2517 4009
945 254 1199 294 MOVEN
2019 262 2070 301 87

87 326 298 379 separatim
323 323 426 363 edita
456 325 478 362 a
501 325 620 364 Beato
644 325 859 373 Rhenano‚
883 330 924 364 et
959 327 1038 364 Pir-

1161 328 1331 366 Joannes
1360 327 1405 366 de
1440 327 1734 379 MUHLBACll,
1776 331 2066 372 MUHLBERG.

87 389 261 430 kaimero
277 386 529 426 dicataBasil.
549 386 862 438 l5lO.l‡.Dialogi
880 387 1044 427 Lucz'ani
1113 391 1283 429 ,Ioannes
1307 391 1584 431 MULTONUS.
1617 393 1744 444 Supra
1767 398 1793 431 t.
1820 395 1883 433 IV.
1914 407 1951 445 p.
1978 396 2070 436 394.

89 463 110 491 e
126 451 276 491 Graeco
301 450 406 488 versi
428 479 436 499 ‚
460 453 500 487 et
519 450 761 488 Declamatio
783 462 860 501 qua
881 450 1048 489 Luciam·

92 511 378 572 Tyrannio-idae
401 512 675 563 respondetur.
699 512 899 565 Epistolae
922 513 970 552 ad
988 513 1045 552 di-

88 587 229 616 versos
251 586 342 614 cum
367 574 521 613 Erasmi
544 574 592 613 ad
621 576 770 614 Morum
795 576 983 626 Epistolis
1007 580 1046 615 et

87 639 137 679 ad
162 638 394 678 Huttenium
432 636 480 676 de
518 638 611 676 Mori
652 639 757 686 vita,
782 642 822 677 et
861 638 1046 678 Guilelmi

88 701 249 742 Corvini
272 700 456 739 Nucerini
481 698 528 738 ad
559 690 785 750 Philippum
816 702 1044 740 Montanum

58 807 62 811 .
85 762 268 803 eiusdem
299 762 540 811 argumenti.
570 762 776 813 Denique,
803 763 929 814 Opera
954 765 1046 802 Mori

86 825 250 877 Anglice
271 824 461 863 viderunt
480 823 610 863 lucem
637 824 757 863 Lond.
785 826 898 865 4557.
916 825 951 864 lt.

138 886 458 928 MOSOMENSIS
504 888 732 927 Monasterii
764 887 857 926 Ord.
901 888 1046 927 Bened.

85 952 123 990 in
153 950 322 990 dioecesi
349 950 536 988 Remensi
564 948 790 990 Chronicon
812 951 861 989 ab
885 950 929 989 Α.
955 951 1043 990 974.

84 1013 134 1053 ad
163 1013 281 1052 4033.
310 1012 462 1051 editum
495 1013 516 1050 a
546 1012 740 1051 Dacherio
770 1018 796 1051 t.
828 1014 907 1052 Vll.
930 1015 1046 1064 spici-

84 1076 172 1126 legii
202 1086 290 1126 pag.
320 1074 409 1113 623.
440 1086 531 1115 0040
557 1075 776 1127 appendice
801 1075 848 1114 ad
873 1075 918 1115 A.
941 1076 1042 1115 4242

85 1137 192 1189 (edit.
221 1148 348 1176 novae
377 1141 472 1176 tom.
504 1138 539 1176 2.
571 1149 658 1188 pag.
691 1138 783 1177 564.
815 1138 918 1184 573.)

137 1201 308 1238 Joannes
330 1200 517 1239 MOVEN.
542 1200 683 1250 Supra,
710 1204 738 1239 t.
763 1201 825 1239 IV.
849 1212 933 1252 pag.
952 1202 1040 1241 394.

136 1260 322 1312 AEyidius
348 1260 588 1300 MOVISIUS
618 1262 834 1311 (Mm‘sz'us,
862 1263 1044 1303 Mucidus

84 1323 173 1371 etc.)
204 1321 338 1361 Abbas
367 1323 407 1362 S.
437 1324 592 1362 Martini
623 1324 912 1373 Tornacensis,
950 1326 1043 1364 Ord.

83 1384 234 1425 Bened.
262 1385 312 1424 ab
343 1384 402 1424 An
451 1386 566 1425 4334.
597 1385 644 1424 ad
677 1387 792 1426 4353.
824 1398 901 1437 quo
925 1392 1044 1426 aetat.

87 1448 149 1486 83.
179 1447 283 1487 diem
315 1447 412 1485 obiit
441 1458 690 1499 supremum.
723 1449 890 1499 Scripsit
921 1449 1045 1489 Chro-

84 1508 199 1549 nicon
221 1508 269 1548 de
288 1507 411 1549 rebus
431 1509 555 1561 yestis
595 1510 792 1549 Comitum
829 1511 860 1548 F
863 1510 1046 1550 lundren-

84 1572 188 1613 sium
228 1573 277 1612 ab
313 1572 388 1612 An.
428 1572 521 1611 972.
559 1571 607 1611 ad
648 1572 752 1611 4348
790 1577 831 1611 et
850 1573 900 1611 de
925 1574 1044 1613 rebus

85 1636 209 1686 gestis
237 1633 446 1674 Annorum
478 1635 594 1674 4349.
625 1633 673 1673 ad
706 1635 823 1674 4352.
859 1636 922 1675 ubi
955 1648 1044 1688 pro-

86 1698 166 1737 lixa
194 1697 243 1737 de
267 1697 543 1736 destructione
572 1696 812 1736 Judaeorum
844 1703 884 1736 et
913 1699 961 1737 de
985 1711 1046 1738 se-

84 1764 147 1800 cta
175 1760 461 1811 flagellantium
487 1760 676 1798 narratio.
703 1761 910 1800 Praeterea
935 1762 1048 1800 Vale-

83 1824 167 1862 rius
194 1821 376 1862 Andreas
396 1833 482 1873 pag.
507 1821 571 1862 27.
595 1821 693 1861 Bibl.
719 1822 825 1873 Belg.
849 1830 1043 1863 memorat

82 1889 298 1924 tractatum
343 1883 390 1923 de
433 1884 494 1924 his
531 1896 634 1936 quae
680 1886 929 1936 temporibus
959 1889 1044 1926 suis

83 1951 177 1986 ante
198 1952 239 1986 et
258 1951 347 1998 post
375 1948 667 1999 promotionem
695 1959 808 1986 suam
844 1948 883 1986 in
906 1948 1047 1988 Coeno-

85 2007 146 2047 bio
169 2009 414 2048 Martmiano
450 2007 704 2058 acciderunt,
727 2015 767 2048 et
791 2009 838 2049 de
875 2010 1046 2050 Consue-

87 2069 292 2118 tudinibus
316 2073 352 2110 in
376 2072 441 2111 illo
466 2073 593 2111 solitis
613 2072 814 2111 observari
834 2086 840 2111 :
866 2077 905 2112 et
931 2073 1047 2112 Cata-

85 2132 214 2185 loyum
235 2132 437 2173 Abbatum
459 2133 647 2174 Coenobz'i
669 2135 737 2173 sui
755 2135 803 2174 ad
822 2147 894 2175 sua
918 2146 1046 2186 usque

86 2200 278 2247 tempora,
301 2196 492 2247 rhythmo
516 2199 655 2237 Latino
679 2202 720 2237 et
739 2198 912 2237 Gallico:
935 2203 978 2237 ut
1003 2199 1047 2236 li-

87 2258 202 2297 brum
220 2259 551 2299 lamentationum
577 2260 732 2311 aliaque
747 2260 934 2311 rhythmo
952 2262 1046 2299 scri-

85 2325 152 2372 pta
177 2313 327 2360 Gallico
351 2327 612 2373 praeteream.
638 2323 764 2374 Supra
790 2325 828 2362 in
853 2323 1048 2363 AEGIDlO

78 2381 235 2422 Mucido
259 2389 355 2423 tom.
379 2386 414 2424 4.
434 2396 521 2435 pag.
550 2386 619 2424 22.

141 2446 350 2486 Guiardus
375 2446 422 2486 de
439 2447 671 2487 MOULINS.
699 2450 781 2500 Sup
806 2453 832 2487 t.
859 2449 881 2487 3
901 2461 937 2500 p.
955 2451 1042 2489 446.

136 2508 526 2549 MOYSSIACENSE
548 2510 771 2550 Chronicon
792 2541 800 2560 ‚
821 2522 939 2562 supra
956 2513 1044 2552 ΜΟ-

82 2569 396 2610 lSSlACENSE.

135 2631 393 2673 MUCIANUS
407 2665 418 2683 ,
437 2634 538 2673 infra
563 2633 834 2675 MUTlANUS.

133 2693 320 2746 AEyidius
348 2696 570 2736 MUCIDUS
591 2708 710 2746 supra
736 2684 830 2736 to‘m.
858 2699 894 2737 4.
916 2709 952 2748 p.
978 2698 1043 2737 22.

83 2760 124 2796 et
152 2757 283 2808 paullo
307 2761 425 2805 ante,
445 2758 696 2798 MOVISIUS.

143 2817 359 2859 Walterius
382 2819 429 2859 de
451 2821 591 2860 MUDA
607 2852 617 2870 ,
643 2822 860 2860 Monachus
890 2824 930 2861 B.
964 2824 1040 2862 Ma-

84 2881 165 2920 riae
194 2880 243 2919 de
264 2882 423 2921 Thosan
449 2884 594 2932 (Doest)
626 2885 664 2921 40
705 2884 886 2923 Flandria
904 2916 914 2933 ‚
940 2886 1043 2924 circa

85 2953 150 2982 30.
169 2941 286 2982 4284.
303 2945 419 2983 00405
438 2944 718 2996 Compendium
739 2945 846 2985 Vitae
859 2947 902 2985 Β.
929 2946 1045 2985 Thor-

79 3003 208 3058 phimz·
232 3006 318 3044 sive
344 3004 561 3058 Tkorfinni,
580 3009 764 3059 Episcopi
791 3008 1044 3048 flammariae

87 3067 126 3105 in
152 3067 386 3117 Norwagia,
410 3067 584 3107 defuncti
611 3071 649 3107 in
684 3071 825 3118 exilio,
852 3072 1042 3122 scriptum

88 3129 274 3168 versibus
319 3129 589 3179 hexametris,
620 3131 742 3169 edidit
785 3133 949 3171 Carolus
984 3134 1047 3171 Vi-

87 3190 159 3229 sch
189 3190 286 3229 Bibl.
317 3191 486 3230 Cisterc.
516 3203 602 3241 pag.
635 3193 724 3231 346.
757 3193 846 3230 347.
878 3194 995 3244 incip.

82 3258 191 3298 spirat
207 3258 309 3290 odore
328 3260 426 3291 nimis
440 3258 537 3291 flores
556 3258 617 3290 hac
634 3261 666 3290 in
685 3259 785 3291 humo
803 3258 836 3298 a)
854 3259 1035 3292 tumulatus

1169 455 1426 493 MUNDlNUS
1450 454 1498 492 de
1532 456 1693 505 Lentiis,
1718 457 1980 508 Florentinus,
1997 461 2074 498 Me-

1118 515 1231 555 dicus
1261 520 1300 554 et
1323 515 1586 556 Anatomicus
1610 518 1803 567 celebris,
1827 522 1942 560 cuius
1969 522 2076 560 Αηα-

1122 582 1219 616 tome
1241 578 1414 616 omnium
1435 577 1605 617 humani
1628 581 1805 631 corporis
1841 583 2074 622 interiorum

1119 638 1386 678 membrorum
1406 642 1565 691 saepius
1596 643 1757 694 vulgata
1789 650 1876 694 post
1906 647 2072 696 primam

1120 701 1332 740 editionem
1364 703 1595 753 Papiensem
1626 704 1742 743 Anno
1770 707 1882 745 4478.
1906 707 1998 746 Vide
2017 710 2075 747 Bi-

1119 764 1336 803 bliothecas
1350 764 1522 804 Medicas
1549 766 1742 814 Lindenii⁷
1768 769 2075 818 41044414004130-

1120 828 1198 877 geti
1221 827 1366 876 quibus
1383 827 1563 866 addenda
1588 827 1706 868 editio
1730 842 1790 869 an.
1821 832 1920 870 4550
1945 834 2074 884 inspe-

1120 894 1183 928 cta
1213 890 1385 940 Gangio‚
1415 891 1452 928 in
1483 893 1598 931 cuius
1627 903 1713 943 pag.
1742 892 1829 932 470.
1856 896 2003 933 vixisse
2033 907 2074 933 se

1125 955 1300 990 testatur
1329 951 1403 991 An.
1436 953 1549 993 4345.
1581 955 1623 993 10
1657 954 1793 994 iisdem
1827 957 2075 995 Bibliothecis

1121 1019 1166 1051 et
1197 1014 1375 1054 Canones
1404 1015 1579 1054 Mundini
1618 1027 1734 1069 super
1772 1019 1951 1066 Mesuen.
1982 1031 2071 1059 cum

1117 1077 1283 1115 ,1030045
1312 1077 1470 1115 Mesuae
1488 1078 1675 1128 operibus
1696 1082 1854 1131 saepius
1876 1081 1966 1119 editi
1995 1094 2076 1120 me·

1118 1143 1333 1176 morantur.
1381 1140 1531 1180 Floruit
1578 1142 1710 1179 Mesue
1759 1144 1862 1181 inter
1907 1144 2075 1183 Medicos

1117 1200 1266 1239 Arabes
1291 1200 1485 1249 celebris,
1517 1214 1660 1242 versus
1690 1204 1863 1243 medium
1897 1207 2074 1245 seculum

1119 1274 1281 1301 nonum.
1313 1262 1375 1302 Ab
1405 1264 1477 1302 hoc
1514 1265 1700 1304 Mundino
1737 1267 1797 1305 alii
1840 1268 2072 1306 Mundinum

1116 1325 1309 1364 Medicum
1339 1327 1625 1365 Bononiensem
1657 1327 1932 1379 distinguunt,
1956 1332 2070 1381 eique

1119 1387 1368 1426 Anatomiam
1416 1389 1569 1427 malunt
1612 1389 1858 1429 adscribere:
1889 1393 1950 1430 alii
1997 1398 2074 1431 ter-

1118 1450 1217 1487 tium
1248 1461 1405 1499 quoque
1435 1450 1668 1489 Mundinum
1703 1452 1894 1491 inducunt
1918 1456 2074 1504 Foroju-

1120 1511 1286 1549 liensem
1306 1543 1316 1559 ,
1344 1512 1405 1550 cui
1432 1512 1657 1563 Synonyma
1695 1513 1853 1552 Medica
1881 1517 2071 1555 tribuunt.

1121 1572 1196 1610 Sed
1227 1584 1299 1623 ego
1331 1573 1425 1612 nihil
1473 1574 1663 1624 explorati
1694 1575 1741 1613 de
1772 1576 1847 1614 illis
1875 1580 1980 1627 potui
2012 1591 2069 1617 re-

1120 1635 1261 1685 perire.

1175 1697 1292 1737 *MS
1317 1699 1449 1738 Codex
1481 1700 1578 1738 Bibl.
1613 1701 1844 1740 Caesenatis
1876 1704 2071 1753 scriptus⁷

1120 1764 1165 1799 ut
1189 1771 1260 1811 ego
1283 1762 1445 1800 coniicio
1476 1773 1581 1801 saec.
1607 1763 1709 1801 XIV.
1735 1775 1810 1802 non
1844 1765 2070 1816 ambiguum

1119 1823 1282 1873 praebet
1312 1829 1592 1875 argumentum
1632 1825 1899 1877 distinguendi
1923 1828 2072 1867 Mundi-

1121 1896 1216 1924 num
1243 1885 1411 1925 alterum
1437 1898 1458 1925 a
1482 1887 1705 1926 Florentino
1737 1889 1914 1928 eiusdem
1951 1891 2072 1928 nomi-

1121 1948 1182 1986 nis
1200 1947 1315 1998 plane
1332 1948 1551 1987 diversum.
1573 1952 1672 1989 Tum
1691 1955 1730 1989 et
1747 1962 1918 1989 errorem
1943 1954 2071 2003 arguit

1119 2021 1255 2049 eorum
1278 2013 1344 2061 qui
1371 2013 1580 2061 synonima
1620 2012 1770 2051 Medica
1806 2013 1991 2052 Mundino
2015 2019 2073 2053 34-

1120 2073 1314 2112 tribuunt.
1338 2073 1401 2111 En
1437 2075 1556 2124 igitur
1586 2075 1679 2114 illud
1705 2075 1807 2125 quod
1834 2076 1926 2114 mihi
1955 2078 2072 2128 inspi—

1120 2135 1304 2174 ciendum
1330 2138 1502 2175 occurrit
1523 2138 1688 2177 eandem
1710 2138 1988 2178 Bibliothecam
2016 2141 2072 2176 vi-

1120 2200 1222 2236 senti
1248 2200 1285 2236 in
1313 2199 1414 2238 Plut.
1437 2201 1538 2238 XIV.
1563 2200 1766 2240 Sz‘nom'rna
1792 2201 1981 2252 Μαρίαν-ι’
2009 2203 2071 2241 Si-

1119 2261 1244 2300 monis
1267 2261 1313 2299 de
1337 2261 1474 2301 Janua
1498 2274 1587 2301 04440
1615 2263 1881 2302 additionibus
1901 2266 2069 2315 Magistri

1120 2323 1298 2362 Mundini
1319 2323 1367 2363 de
1392 2325 1488 2362 Foro
1507 2326 1621 2364 Julio.

1169 2387 1341 2425 Joannes
1359 2388 1672 2427 MUNERATUS.
1690 2389 1784 2438 Snp.
1802 2394 1827 2426 t.
1845 2389 1906 2426 IV.
1925 2400 1961 2438 p.
1979 2389 2066 2427 391.

1169 2450 1382 2496 MUCIUS,
1413 2450 1694 2498 MUCIANUS,
1719 2451 1841 2498 infra,
1874 2450 1986 2489 MUT.

1169 2511 1325 2551 MUNIO
1353 2513 1439 2551 sive
1467 2512 1754 2558 MARTINUS,
1785 2511 2064 2550 Mindoniensis

1117 2575 1202 2612 sive
1232 2573 1537 2612 Vallobricensis
1568 2575 1603 2610 in
1635 2574 1817 2623 Hispania
1849 2574 2065 2623 Episcopus

1116 2637 1219 2674 circa
1245 2647 1306 2673 an.
1335 2637 1348 2674 4
1365 2635 1448 2673 430.
1470 2641 1512 2673 ut
1536 2635 1649 2673 docet
1669 2635 1747 2672 Nic.
1772 2634 1967 2672 Antonius
1986 2635 2062 2672 Vll.

1119 2699 1153 2736 4.
1186 2697 1282 2736 Bibl.
1315 2699 1462 2735 veteris
1493 2698 1686 2747 Hispanae.
1716 2701 1810 2733 tom.
1840 2696 1875 2733 2.
1903 2708 1985 2745 pau.
2018 2699 2064 2734 43

1118 2761 1350 2809 Quanquam
1383 2760 1556 2809 Congius
1585 2770 1675 2797 eum
1706 2769 1795 2797 0004
1828 2758 1949 2795 altero
1973 2770 2064 2795 eon-

1118 2821 1288 2861 fundens
1319 2823 1527 2860 Munione.
1559 2822 1612 2859 ait
1640 2821 1741 2858 diem
1773 2821 1913 2858 obiisse
1950 2822 2063 2858 Anno

1119 2886 1232 2924 4299.
1264 2887 1391 2923 citans
1420 2885 1613 2922 Vasaoum
1645 2883 1821 2921 Clirouiei
1859 2884 2062 2933 Hispaniae

1118 2960 1201 2998 eap.
1235 2949 1267 2985 4.
1301 2949 1414 2986 euius
1445 2947 1571 2985 locum
1603 2948 1719 2983 etiam
1745 2946 1875 2983 attulit
1901 2946 2062 2984 Vossius

1118 3023 1202 3062 pag.
1237 3010 1325 3048 402.
1358 3011 1399 3047 10
1430 3020 1475 3047 00
1519 3008 1611 3045 041441
1642 3007 1688 3044 (10
1730 3007 1791 3044 4110
1834 3017 1960 3047 anno.
1991 3008 2058 3045 sed

1118 3084 1207 3111 04404
1240 3070 1353 3110 la'ude
1386 3072 1531 3109 mentio
1562 3068 1748 3106 historiae
1790 3068 2061 3120 compostella-

1118 3146 1220 3179 nae,
1252 3144 1369 3183 quam
1401 3144 1489 3170 00444
1524 3131 1720 3169 lll'GONlC
1751 3131 1885 3171 Gallo,
1928 3133 2062 3172 l‘ortu-

1119 3195 1265 3235 lacensi
1296 3194 1484 3232 Antistite
1515 3194 1733 3243 composuit
1757 3193 1804 3230 de
1827 3195 2059 3244 primordiis

1119 3255 1369 3296 successibus
1394 3261 1430 3292 et
1459 3257 1711 3293 incrementis
1728 3256 1926 3296 Ecclesiae
1947 3259 2058 3297 Com-

147 3396 180 3436 a)
205 3400 274 3431 Non
294 3402 397 3432 1134440
420 3404 456 3432 04
473 3403 632 3439 Leyserus
663 3407 735 3439 pag.
767 3398 854 3431 1010.
880 3398 943 3431 hist
970 3400 1049 3439 poe·
1110 3407 1179 3431 scos
1205 3399 1336 3428 Latinae
1363 3396 1461 3428 medii
1487 3400 1586 3432 aevu.
