2533 4009
469 267 520 305 66
888 307 893 311 ,
1020 232 1026 234 ⁷
1203 261 1735 302 MELLICENSIS

470 335 592 375 rebus
631 335 896 380 Britannicis,
938 337 977 371 et
1006 333 1127 371 alium
1170 332 1216 372 de
1254 333 1429 373 Artlzurl

467 409 603 436 mensa
629 395 799 435 rotunda
824 400 863 433 et
887 393 1153 445 Antiqm'tates
1177 405 1274 433 suae
1295 397 1426 445 gentis

475 465 664 499 memorat
706 459 848 496 Baleus
886 456 1052 495 Centur.
1087 458 1120 495 4.
1151 467 1236 507 cap.
1275 457 1338 495 57.
1376 469 1425 495 ex

469 523 585 561 Baleo
611 523 765 559 Pitseus
791 530 876 568 pag.
894 518 958 556 97.
976 519 1141 556 Vossius
1164 530 1198 568 p.
1225 519 1314 556 243.
1341 529 1424 568 seq.

522 581 856 636 MELLlCENSlS
893 582 979 618 sivo
1011 579 1265 619 llledli'censis
1295 582 1427 619 Mona-

468 647 574 684 sterii
594 646 631 681 in
649 644 809 682 Austria
830 643 1010 680 inferiore
1028 641 1119 679 Ord.
1137 642 1282 680 Bened.
1303 640 1425 681 Chro-

468 707 581 744 meon
611 717 632 743 a
663 709 756 743 nato
787 705 953 742 Cili-isto
986 705 1178 754 incipiens
1209 703 1277 741 sed
1306 704 1422 741 scribi

464 773 649 818 coeptum
692 767 735 805 Α.
782 767 894 805 4423.
926 770 1015 804 eta
1056 767 1179 804 variis
1217 767 1425 803 continua—

467 838 550 870 tum
579 842 705 881 usque
735 830 782 869 ad
815 831 860 869 Λ·
895 831 1008 868 4564.
1039 829 1163 867 edidit
1196 831 1236 867 V.
1268 830 1310 868 C.
1339 830 1425 867 [lie-

466 904 660 944 ronymus
686 894 787 940 l'ez,
813 892 1029 931 Monachus
1054 891 1293 929 Mellicensis
1314 892 1423 928 Tom.

467 959 481 995 4
532 957 771 1006 scriptorum
818 965 949 991 rerum
991 952 1291 991 Austriacarum
1337 962 1426 1000 pag.

467 1017 652 1056 loo-⁶288.
692 1016 824 1055 addita
857 1016 976 1052 etiarn
1008 1024 1095 1062 pag.
1126 1011 1216 1049 297.
1257 1012 1426 1049 llistoria

467 1079 710 1117 fundationis
749 1076 934 1114 ‹Ioenobii
965 1074 1205 1112 Mellicensis
1235 1083 1339 1110 circa
1380 1072 1424 1110 A.

471 1141 587 1179 4000-
614 1151 699 1190 pag.
723 1137 912 1175 297-304·
944 1140 983 1172 et
1008 1135 1280 1181 Necrologium
1307 1135 1429 1173 Melli-

465 1212 584 1239 cense
609 1212 693 1250 pag.
727 1198 914 1235 304--312
942 1197 1154 1235 Historiam
1182 1195 1428 1234 fundationis

467 1264 586 1300 etiam
614 1260 797 1298 ediderat
823 1258 1058 1297 Lambecius
1084 1262 1110 1295 t.
1134 1258 1156 1295 Ξ
1184 1269 1217 1307 p.
1241 1257 1430 1296 627-633.

520 1324 749 1374 Anonymus
789 1321 1030 1360 lllellicensis
1071 1318 1116 1357 (Ie
1156 1318 1430 1370 scriptoribus

463 1383 756 1424 Ecclesiasncz‘s
795 1384 952 1422 CXVII.
992 1381 1216 1420 duodecimi
1263 1383 1433 1432 scriptor

466 1449 604 1486 seculi.
651 1447 741 1484 Luci
783 1445 902 1483 datus
947 1444 996 1482 ab
1035 1445 1266 1492 Hieronymi
1312 1444 1432 1482 fratre

468 1509 670 1551 Bernardo
703 1509 841 1554 Penio,
874 1506 1177 1544 Bibliotliecario
1216 1505 1430 1544 Mellicensi

472 1572 520 1610 ad
546 1571 695 1609 calcem
726 1568 991 1608 Bibliothecae
1018 1567 1325 1615 Benedictinae‚
1353 1568 1431 1606 Au-

475 1639 615 1683 gustae
635 1632 788 1670 Vindel.
812 1630 926 1670 4746.
950 1631 984 1667 8.
1014 1629 1118 1668 unde
1139 1631 1171 1666 ei
1192 1630 1321 1668 locum
1340 1629 1428 1666 dedi

472 1697 510 1732 in
550 1693 789 1733 Bibliotheca
821 1692 1102 1730 Ecclesiastico
1134 1691 1269 1728 llamb.
1312 1693 1377 1729 474
1392 1692 1425 1728 8.

467 1757 531 1796 fol·
563 1757 664 1794 Pezii
695 1759 830 1792 autem
861 1759 901 1791 et
932 1753 1005 1790 hoc
1036 1753 1230 1802 aliisque,
1262 1753 1310 1791 de
1342 1754 1428 1803 qui-

464 1819 540 1857 bus
566 1820 603 1855 in
629 1817 860 1863 AGNETE⁷
887 1817 924 1853 in
946 1815 1217 1863 EYNWICO,
1247 1815 1428 1854 POTHO-

466 1881 546 1927 ΜΞ,
564 1878 925 1917 TRUDEBERTO:
948 1881 987 1914 et
1012 1877 1212 1926 praeclaro
1237 1881 1427 1915 tetrateu-

463 1942 536 1980 eho
561 1940 858 1980 Anecdotorum
885 1938 1026 1989 Opere,
1049 1942 1089 1976 et
1118 1938 1302 1976 undecim
1328 1939 1424 1977 Bibl.

463 2005 658 2042 asceticae
684 2001 956 2039 voluminibus
988 2001 1307 2050 praeclarissime
1341 2012 1429 2051 pro-

464 2066 594 2104 meriti
627 2064 674 2101 de
705 2064 816 2101 hisce
847 2063 1015 2109 litteris,
1047 2073 1124 2099 non
1156 2073 1318 2112 possum
1348 2074 1428 2100 me-

464 2127 629 2164 minisse
660 2126 755 2174 quin
787 2123 874 2173 ejus
904 2124 978 2161 hoc
1009 2124 1092 2174 ipso
1123 2123 1167 2162 A.
1202 2123 1317 2162 4735.
1358 2135 1427 2160 ex-

462 2189 575 2225 tincti
615 2186 791 2234 obitum⁷
833 2185 1097 2223 vehementer
1136 2185 1320 2223 doleam:
1360 2185 1427 2223 do-

466 2250 649 2298 leamqne
702 2248 778 2285 fata
829 2248 1108 2284 intercessisse.
1161 2245 1426 2285 Bibliothecae

463 2311 551 2361 ejus
579 2309 817 2355 Melle‘ccnsl,
842 2309 970 2347 tribus
1001 2310 1039 2346 in
1072 2309 1134 2347 fol.
1169 2309 1425 2358 proferendae

465 2373 742 2411 voluminibus
767 2382 937 2421 quorum
964 2372 1090 2421 primo
1115 2372 1294 2409 notitiam
1319 2371 1427 2408 locu-

462 2436 608 2486 pletem
634 2434 898 2472 ducentorum
918 2433 1109 2471 Codicum
1137 2435 1406 2483 Manuscripto

461 2509 549 2536 rum
580 2495 673 2534 dare
705 2496 829 2533 voluit
859 2496 924 2544 qui
955 2495 991 2531 in
1024 2495 1268 2532 Bibliotheca
1299 2495 1425 2532 Melli-

460 2560 568 2598 censi
586 2558 876 2597 adservantur:
897 2556 1074 2595 secundo
1092 2556 1327 2605 Catalogum
1348 2559 1437 2606 Ma-¹

463 2622 758 2670 nuscriptorum
784 2620 907 2657 totius
934 2618 1120 2657 Austriae
1145 2629 1237 2656 cum
1267 2619 1424 2657 Criticis

459 2682 829 2722 observationibus:
861 2686 901 2719 et
931 2682 1048 2718 tertio
1082 2680 1229 2718 inedita
1273 2681 1423 2718 veteris

461 2746 549 2783 aevi
574 2747 846 2781 monumenta.
871 2744 925 2780 De
945 2740 1171 2780 Annalibus
1193 2741 1426 2780 Mellz‘censl-

460 2805 533 2845 bus
558 2807 595 2843 P.
619 2804 799 2842 Anselmi
827 2804 1026 2842 Scliramb
1055 2805 1091 2841 in
1127 2804 1279 2842 Abbate
1310 2805 1425 2853 quin-

461 2868 698 2919 quagesimo
731 2865 908 2903 secundo
940 2866 1006 2913 qui
1037 2865 1082 2902 A.
1119 2866 1232 2903 4700.
1271 2865 1424 2902 electus

460 2935 523 2967 est
559 2926 860 2975 desinentibus,
893 2925 1093 2975 editisque
1128 2927 1305 2964 Viennae
1344 2925 1424 2963 Au-

463 2999 581 3037 striae
612 2996 726 3035 4702.
759 2994 821 3032 fol.
846 2993 936 3031 vide
961 2993 1058 3031 Acta
1095 2993 1219 3031 Erud.
1257 2998 1354 3031 tom.
1379 2993 1422 3031 V.

463 3058 730 3110 supplementi
753 3069 840 3107 pag.
872 3056 963 3094 2233.

514 3120 703 3160 MELl'l'O
733 3118 907 3156 Asianus
927 3147 935 3162 ,
961 3117 1184 3167 Episcopus
1215 3116 1425 3155 Sardensis

464 3185 499 3220 in
543 3182 689 3231 Lydia,
725 3183 829 3218 inter
860 3179 1024 3218 secundi
1057 3179 1178 3217 seculi
1211 3179 1424 3229 scriptores

461 3245 632 3281 Graecos
653 3242 857 3290 laudatus,
881 3242 928 3280 de
949 3241 1066 3292 cujus
1087 3240 1424 3279 lacubrationil)us

462 3305 541 3342 dixi
567 3304 662 3341 Bibl.
689 3304 753 3340 Gr.
782 3304 844 3341 lib.
872 3304 915 3341 V.
941 3314 1026 3353 cap.
1055 3304 1088 3341 4.
1116 3313 1200 3352 pag.
1230 3302 1317 3341 448.
1340 3313 1421 3350 seq.

462 3371 500 3405 ct
531 3369 685 3416 praeter
714 3365 892 3403 Caveum
923 3366 1101 3413 aliosque
1133 3364 1268 3402 dixere
1307 3364 1422 3402 Tille-

1499 335 1675 374 montius
1705 339 1798 372 tom.
1830 335 1853 373 2
1884 338 2104 375 memoriar.
2130 346 2215 386 pag·
2247 335 2338 375 408.
2370 346 2454 386 seq.

1498 401 1537 434 et
1568 396 1785 435 Ilalloixius
1815 400 1908 434 tom.
1939 397 1975 435 2.
2006 399 2245 449 scriptorum
2276 398 2458 436 Orienta-

1498 461 1593 499 lium
1613 471 1697 509 pag.
1721 457 1809 496 827.
1834 469 1921 507 seq.
1941 459 1985 497 A.
2007 460 2155 510 Gangio
2174 461 2211 497 in
2232 458 2458 497 nomencla-

1498 527 1581 560 tore
1607 522 1844 571 scriptorum
1866 521 2010 570 quibus
2030 522 2077 560 ad
2103 522 2351 561 Glossarium
2374 531 2458 559 me-

1498 583 1584 622 diae
1602 587 1641 620 et
1660 583 1818 620 infimae
1841 583 2064 621 Latinitatis
2084 595 2183 622 usus
2203 587 2290 630 est,
2309 593 2460 621 memo-

1499 649 1640 693 ratur,
1680 656 1754 682 non
1793 644 1841 682 ob
1872 645 2187 684 commentitium
2227 645 2372 684 librum
2408 642 2456 682 de

1497 707 1670 745 transitu
1698 708 1741 744 B.
1778 704 1946 755 Viryz'm‘s
1971 705 2036 754 qui
2063 705 2137 743 sub
2160 707 2358 745 Melitonis
2389 716 2459 744 no-

1500 770 1604 806 mine
1627 770 1662 805 in
1687 768 1941 806 Bibliothecis
1963 769 2123 805 Patrum
2145 772 2277 806 exstat
2300 769 2457 807 Latine:

1498 830 1565 868 sed
1599 830 1785 879 quoniam
1813 828 1899 878 ejus
1928 827 2064 869 Clavz's
2090 839 2137 866 ex
2164 831 2289 868 veteri
2321 831 2459 869 Latina

1498 892 1681 928 versione
1706 895 1838 928 exstat
1864 892 2023 929 Parisiis
2048 892 2088 928 in
2112 890 2351 932 Bibliotheca
2375 892 2462 932 Col-

1499 953 1865 1001 legii:.lcsuitarum
1898 952 2195 991 Claromontani
2212 983 2223 1000 ‚
2254 955 2462 992 continens

1501 1019 1544 1054 ut
1569 1019 1680 1052 notat
1705 1015 1885 1053 Labbeus
1911 1019 2006 1053 tom.
2033 1015 2056 1053 2
2082 1014 2130 1052 de
2155 1015 2194 1054 S.
2221 1015 2266 1054 E.
2291 1026 2377 1066 pag.
2400 1017 2461 1055 87.

1500 1074 1806 1127 eoeplz‘cate'onem
1828 1076 2043 1116 variarum.
2068 1078 2107 1116 S·
2131 1075 2370 1127 Scripturae
2397 1079 2465 1116 Vo-

1501 1149 1615 1185 cum7
1646 1137 1693 1175 ad
1727 1150 1817 1177 eum
1844 1139 1927 1177 fere
1954 1138 2117 1177 modum
2144 1150 2222 1189 quo
2247 1139 2285 1176 in
2318 1139 2357 1178 S.
2387 1140 2467 1178 Eu-

1503 1199 1624 1238 cherii
1651 1201 1833 1239 formulis
1857 1201 2077 1251 spiritualis
2102 1201 2390 1251 intelligentiae
2413 1201 2469 1239 le-

1504 1267 1666 1313 guntur.
1697 1264 1920 1302 Pretiosum
1948 1263 2068 1300 hoece
2093 1262 2356 1312 Antiquitatis
2388 1273 2469 1301 mo-

1507 1329 1744 1363 numentum
1771 1336 1861 1363 cum
1889 1323 2236 1363 emendationibus
2266 1323 2465 1362 Sirmondi

1501 1386 1701 1425 editurum
1724 1398 1766 1425 se
1788 1387 1995 1437 promisit,
2013 1386 2034 1423 a
2056 1390 2231 1436 quotam
2251 1385 2374 1424 multa
2392 1386 2466 1424 alia

1505 1448 1703 1499 praeclara
1735 1452 2048 1498 exspectamus,
2073 1449 2240 1497 Magnus
2269 1447 2465 1497 Crusius,

1505 1510 1728 1561 Theologus
1745 1509 1860 1547 hodie
1882 1509 2183 1559 Goettingensis
2206 1510 2242 1546 in
2260 1509 2467 1548 continua-

1504 1574 1609 1610 tione
1634 1573 1824 1622 spicilegii
1851 1573 2011 1610 Patrum
2035 1572 2057 1610 a
2081 1572 2138 1608 Jo.
2166 1572 2340 1610 Ernesto
2369 1571 2466 1609 Gra-

1502 1634 1564 1672 bio
1588 1635 1823 1672 continuati.
1846 1633 1945 1672 Vide
1969 1631 2057 1682 ejus
2081 1633 2174 1672 diss.
2201 1633 2460 1683 Epistolicam

1502 1695 1546 1734 Λ.
1576 1695 1695 1734 4728.
1719 1695 1866 1733 editam
1895 1697 1998 1746 Lips.
2026 1696 2061 1733 4..
2089 1707 2178 1746 pag.
2205 1695 2265 1734 43.

1553 1756 1875 1796 MELLIFLUUS
1913 1768 2135 1807 cognomen
2181 1757 2221 1796 S.
2265 1754 2469 1795 Bernarcli

1504 1818 1840 1858 Claraevallensz's
1871 1823 1955 1858 tum
1983 1818 2072 1857 alibi
2105 1823 2191 1856 tum
2223 1819 2261 1856 in
2293 1817 2465 1856 editione

1501 1892 1730 1920 sermonum
1754 1881 2076 1931 Norimbergensi
2098 1880 2144 1918 A.
2170 1880 2287 1919 4495.
2318 1879 2381 1917 fol.

1554 1944 1805 1982 MELLITUS
1835 1942 2086 1981 Laodicenus
2111 1943 2336 1992 Episcopus
2353 1968 2369 1989 r
2391 1941 2466 1980 sub

1502 2005 1618 2054 cujus
1645 2006 1806 2043 nomine
1830 2004 1970 2043 Latine
1992 2009 2126 2043 exstat
2148 2004 2245 2043 liber
2264 2014 2467 2042 commen-

1505 2068 1617 2105 titius
1638 2066 1686 2104 de
1708 2067 1894 2116 passione
1919 2065 1958 2104 S.
1979 2067 2144 2104 Joannis
2161 2065 2463 2116 Evangelistae‚

1502 2129 1550 2167 de
1603 2139 1682 2178 quo
1735 2128 1889 2166 dictum
1943 2129 1981 2165 in
2034 2127 2178 2167 Codice
2230 2126 2466 2178 Apocrypho

1502 2191 1598 2228 lN'ovi
1626 2192 1735 2228 Tcst.

1554 2252 1804 2290 MELLITUS
1835 2250 1883 2289 de
1913 2262 1998 2300 quo
2025 2249 2224 2289 Antonius
2247 2251 2388 2300 Pagius
2415 2249 2463 2288 ad

1496 2315 1540 2353 Α.
1564 2315 1607 2352 C.
1634 2314 1725 2352 568.
1752 2324 1789 2349 n.
1811 2311 1847 2350 7.
1879 2311 2027 2350 Eaeslat
2050 2311 2091 2349 in
2115 2309 2357 2349 Bibliotheca
2379 2310 2466 2350 Col-

1501 2375 1656 2414 berlina
1677 2375 1808 2414 Melliti
1836 2375 1970 2412 brevis
1996 2380 2223 2425 temporum
2249 2375 2464 2424 expositi0,

1499 2439 1776 2487 Manuscrzpta
1805 2437 1920 2488 cujus
1946 2436 2054 2475 z'm'lz'o
2074 2435 2287 2488 profitetur
2315 2434 2466 2473 Auctor

1499 2511 1540 2537 sc
1564 2499 1603 2537 in
1627 2498 1798 2537 medium
1829 2497 2031 2536 adducere
2061 2509 2165 2548 qua-e
2188 2495 2240 2535 ab
2270 2495 2466 2547 antiquio-

1498 2560 1613 2600 ribus
1653 2559 1929 2612 Scriptoribus
1958 2559 2135 2611 aceepit,
2173 2562 2210 2597 et
2248 2562 2465 2609 temporum

1499 2635 1694 2662 summam
1718 2621 1770 2660 ab
1797 2621 1970 2661 eoeorclio
1998 2619 2144 2660 Mundi
2163 2631 2292 2671 usque
2316 2619 2370 2658 ad
2384 2618 2466 2657 Au-

1496 2684 1608 2734 9ustz'
1622 2683 1804 2723 Heraclii
1820 2694 1968 2721 annum
1988 2682 2166 2734 qm'nlum
2187 2710 2195 2728 ‚
2212 2680 2275 2720 vel
2291 2678 2467 2720 Sisebuti

1499 2747 1613 2797 Regiis
1629 2749 1819 2797 quartum
1837 2746 1905 2794 (A.
1925 2746 1967 2783 C.
1984 2744 2089 2790 644)
2121 2741 2294 2781 breviter
2310 2744 2461 2781 notare.
2531 2766 2533 2774 ι

1551 2807 1914 2860 MELROSSENSE
1937 2804 2178 2845 Chromcon.
2197 2804 2324 2854 Supra
2339 2834 2351 2853 7
2370 2803 2463 2843 MA-

1498 2870 1655 2908 ILBOS.

1551 2929 1838 2969 MELUSINUS
1862 2929 1996 2967 nescio
2018 2929 2107 2979 quis
2127 2927 2245 2979 cujus
2265 2926 2460 2966 Chronica
2532 2928 2533 2971 ἶ

1498 2994 1764 3041 Manuscripta
1789 2992 1824 3028 in
1846 2991 1945 3029 Bibl.
1968 2991 2144 3029 Gualteri
2166 2991 2261 3040 Copi
2282 2989 2461 3028 exstitis-

1499 3066 1542 3091 se
1569 3054 1721 3091 notavit
1749 3054 1914 3091 Vossius
1939 3065 1976 3103 p.
2002 3052 2094 3092 744.

1553 3114 1777 3153 Marcellus
1807 3113 2134 3154 MEMORIALIS.
2160 3114 2313 3163 Supra,
2337 3111 2460 3152 MAR-

1498 3177 1705 3215 CELLUS.

1555 3238 1715 3277 Blasius
1756 3238 2101 3286 MENALESIUS,
2132 3235 2292 3276 Ordinis
2332 3237 2455 3276 Vallis

1500 3301 1715 3339 Umbrosae
1745 3300 1951 3338 Generalis
1976 3299 2136 3350 scripsit
2165 3296 2288 3336 Vitam
2318 3299 2358 3337 S.
2391 3299 2456 3336 Jo-

1495 3361 1610 3401 ann‘t's
1633 3359 1865 3411 (walberti,
1891 3360 2050 3400 Ordinis
2075 3359 2180 3398 illius
2209 3358 2452 3410 conditoris,
