2517 4009
914 242 1198 282 PETRUS

73 316 169 351 stor.
194 309 381 350 Academ.
399 308 518 346 Paris.
542 312 635 347 tom.
658 311 695 348 3.
712 322 798 361 pag.
816 312 880 350 52.
899 311 1030 361 Hujus

70 378 166 412 sunt.
203 370 303 410 libri
337 367 482 408 Biblici
516 369 703 410 historico
740 373 1029 424 allegoricoquo

64 445 191 473 sensu
216 434 249 481 a)
275 431 561 482 propemodum
590 443 731 472 omnes
747 434 925 473 carmine
941 434 1030 474 red-

68 494 158 544 diti,
183 494 417 532 hexametro
434 492 498 530 alii
523 504 649 543 eoque
690 495 943 545 rhythmico,
988 500 1031 534 ut

69 554 277 596 Canticum
307 553 566 593 Canticorum
586 584 597 600 ,
617 556 932 596 Lamentationes
968 558 1032 595 Je-

67 615 219 656 remiae
234 644 246 663 ,
270 613 372 653 liber
394 613 487 653 Jobi
510 619 548 653 et
568 615 691 656 Actus
723 617 1003 669 Apostolorum
1021 631 1028 656 :

66 678 211 718 caeteri
235 677 420 728 elegiaco.
440 677 480 726 b)
503 678 615 728 Opus
640 678 760 717 hocce
777 679 881 729 quod
899 678 1030 717 Auro-

67 751 158 779 ram
180 742 318 779 auctor
356 740 575 788 inscripsit,
618 741 832 779 maximam
871 745 1023 790 partem

67 800 197 841 adhuc
226 800 441 847 ineditum,
466 800 536 839 sed
562 802 759 839 Manuscr.
785 805 971 851 superest
990 803 1025 839 in

68 862 189 901 variis
205 861 461 900 Bibliothecis
477 861 713 900 Germaniae
725 889 735 908 ‚
751 861 936 912 Angliae,
954 864 1030 901 lta-

67 923 141 962 liae
169 927 215 962 ut
239 923 376 962 notavi
403 923 440 960 in
465 922 761 973 prolegomenis
793 922 842 961 ad
883 924 1026 962 librum

68 984 212 1024 Tobiae
250 995 336 1034 pag.
367 982 429 1021 27.
461 994 531 1033 seq
575 987 694 1033 atque
726 985 878 1023 monuit
917 985 1029 1035 Poly-

68 1056 213 1096 carpus
242 1046 442 1095 Leyserus
485 1045 550 1094 qui
594 1044 642 1083 de
687 1044 761 1084 hoc
789 1056 908 1095 opere
937 1058 1031 1096 prae

67 1107 236 1146 caeteris
263 1105 533 1145 consulendus
578 1107 615 1144 in
660 1105 820 1145 historia
864 1118 1029 1157 poeseos

68 1167 186 1206 medii
215 1168 303 1206 aevi
333 1179 418 1218 pag.
448 1167 535 1205 692.
567 1177 638 1217 seq
682 1167 904 1207 Editionem
943 1168 1030 1218 ejus

68 1228 214 1267 molitis
258 1229 419 1278 Caspari
449 1227 634 1275 Bai-thio,
664 1228 889 1268 Christiano
929 1232 1031 1269 Dau-

69 1291 148 1328 mio
163 1319 172 1337 ,
197 1289 386 1328 Andaeae
406 1289 547 1327 Rivino
568 1318 576 1337 ‚
603 1293 643 1326 et
663 1289 860 1329 Casimiro
876 1291 1031 1330 Oudino

68 1351 147 1390 fata
177 1351 454 1389 intercessere.
484 1350 629 1388 Exstat
657 1356 792 1389 autern
816 1353 1033 1392 Manuscri-

67 1417 136 1464 pta
152 1413 249 1451 haec
265 1409 530 1462 metaphrasis
549 1412 585 1448 in
599 1411 853 1451 Bibliothecis
870 1413 1033 1463 dupleX‚

71 1485 150 1515 una
178 1474 310 1525 qualis
333 1474 356 1511 a
379 1474 494 1511 Petro
521 1473 604 1523 ipso
628 1473 805 1523 profecta
836 1473 932 1512 fuit:
958 1474 1032 1512 alia

71 1536 201 1588 qualis
225 1534 443 1585 superstite
465 1533 597 1572 adhuc
639 1535 754 1572 Petro
792 1534 864 1573 sed
901 1539 1033 1573 aetate

73 1597 323 1649 provectiore
347 1595 585 1646 interpolata
608 1595 657 1634 ab
674 1595 865 1635 AEGIDIO
882 1595 1035 1634 Parisi-

73 1659 182 1707 ensi,
205 1657 258 1696 do
282 1668 360 1708 quo
381 1656 514 1697 dicere
541 1668 604 1696 me
627 1658 921 1708 meminisupra
940 1662 1036 1695 tom.

76 1723 110 1761 l.
141 1732 178 1771 p.
205 1720 269 1760 22.
309 1719 442 1759 Solam
480 1720 654 1769 primum
693 1719 858 1758 Genesin
895 1721 1037 1759 Petrus

72 1782 331 1834 petitionibus
353 1782 572 1820 amicorum
600 1780 960 1819 illustrandandam
979 1782 1033 1818 si-

72 1845 111 1883 bi
132 1835 356 1891 sumserat,
397 1846 439 1881 ut
474 1846 633 1880 constat
656 1853 704 1880 ex
724 1845 811 1892 ejus
829 1843 1038 1893 praefatio-

75 1917 126 1945 ne
145 1934 158 1951 ,
177 1916 297 1956 quam
328 1916 377 1943 ex
403 1904 484 1943 MS.
509 1904 835 1943 Heilsbronnensi
859 1904 1039 1955 vulgavit

75 1968 176 2008 V.C.
192 1966 344 2005 JoLud.
371 1965 572 2006 Hockerus
597 1967 634 2003 in
654 1966 793 2004 notitia
810 1966 917 2005 MSS.
934 1966 1039 2004 illius

77 2029 177 2068 Bibl.
198 2040 234 2079 p.
260 2030 296 2067 3.
321 2029 525 2079 Frequens
548 2025 743 2066 sodalium
766 2037 944 2065 meorum
975 2039 1040 2078 pe-

80 2089 191 2140 titio,
219 2101 307 2128 cum
337 2088 486 2141 quibus
524 2088 794 2129 conversando
820 2088 959 2139 florem
984 2087 1041 2126 in-

75 2151 228 2204 fantiae
250 2151 382 2202 ecceqi,
400 2155 446 2191 ut
462 2149 610 2191 librum
636 2151 826 2190 Geneseos
849 2150 939 2189 stilo
962 2162 1040 2189 me-

79 2213 180 2252 trico
204 2212 454 2266 depinqerem
471 2243 482 2261 ,
500 2211 590 2251 inde
613 2212 775 2264 aliquas
815 2211 1038 2263 Alleqorias

78 2274 272 2321 elicerem,
284 2273 480 2314 instanter
483 2274 674 2324 persuasi
679 2277 702 2312 t.
719 2272 783 2311 Ad
796 2272 898 2312 hanc
911 2273 1041 2324 fateor

79 2335 308 2375 suasionem
329 2334 488 2373 animus
512 2345 624 2373 meus
646 2334 687 2372 in
717 2332 834 2373 dubio
845 2333 1040 2386 pependit,

81 2397 261 2436 incertus
289 2407 343 2434 an
364 2393 560 2434 scriberet
579 2406 632 2432 an
655 2393 951 2434 obmutesceret.
984 2395 1042 2434 Vi-

79 2468 146 2497 res
163 2455 265 2495 enim
290 2454 438 2507 inqenii
458 2458 564 2493 tanto
585 2455 697 2507 operi
717 2455 875 2494 minime
890 2455 1044 2508 suffice-

80 2530 126 2558 re
149 2515 464 2558 considerabam·
489 2515 568 2556 Sed
589 2516 672 2553 alia
697 2515 744 2554 de
757 2519 875 2566 parte
887 2516 1044 2566 petitio-

82 2580 126 2620 ni
147 2578 349 2620 sodalium
388 2576 552 2616 obviare
584 2575 868 2628 formidabam.
906 2576 1042 2627 Neque

81 2640 184 2682 enim
211 2639 277 2693 fas
301 2642 392 2678 erat
412 2637 611 2689 offendere
627 2636 714 2677 illos
730 2667 740 2685 ‚
764 2648 854 2676 cum
894 2636 1040 2688 quibus

83 2703 124 2742 in
151 2700 295 2742 scholis
325 2699 378 2739 ab
410 2699 582 2752 infantia
614 2701 890 2737 conversatum
927 2709 1042 2745 sum,

84 2774 174 2802 cum
202 2760 348 2814 quibus
374 2760 670 2799 Grammaticae
695 2757 820 2798 libros
839 2759 1042 2810 percurri,

85 2827 122 2864 et
141 2822 344 2864 Ciceronis
371 2833 516 2861 aureos
529 2820 739 2873 floresleqi,
762 2819 959 2871 eteleqi‚et
974 2821 1044 2858 La-

88 2883 316 2938 byrinthum
326 2881 551 2924 Aristotelis
560 2893 636 2921 non
644 2881 710 2935 filo
723 2880 888 2920 Daedali
900 2879 970 2920 sed
985 2881 1016 2918 F
1019 2881 1048 2918 i-

87 2945 138 2985 lio
158 2945 254 2984 DEI
274 2943 372 2982 duce
396 2942 561 2983 introivi
580 2941 874 2993 aliquantulum
890 2973 900 2989 ‚
922 2941 1047 2992 inspe-

87 3006 161 3056 oez',
184 3005 252 3046 sed
268 3016 345 3043 non
362 3004 522 3055 penitus
543 3003 716 3042 introivi.
738 3001 915 3042 Assidua
951 3013 1045 3053 erqo

145 3162 165 3185 a
192 3155 292 3185 Henr.
309 3151 537 3184 <landavensis
551 3159 625 3191 cap.
637 3150 691 3182 22.
706 3151 910 3183 'trithemius
928 3160 960 3184 c.
975 3150 1049 3183 568.

145 3202 182 3242 b)
199 3201 382 3235 Guilelmus
399 3203 491 3232 Beito
511 3199 613 3240 praes.
631 3199 839 3240 Philippidos
857 3213 864 3231 :

107 3253 138 3284 Si
153 3252 216 3284 tibi
229 3275 241 3291 ,
261 3251 365 3282 Petro
382 3250 474 3290 Riqa
489 3275 498 3288 ‚
517 3250 636 3280 vitium
657 3257 723 3279 non
741 3256 812 3280 ess·
830 3251 944 3288 putavi

109 3300 212 3333 Ubere
229 3301 269 3333 de
286 3300 380 3339 Legis
399 3298 548 3332 occultos
567 3306 684 3337 sugere
703 3306 818 3329 sensus
833 3321 842 3335 ‚

1970 250 2049 288 263

1104 312 1300 351 sociorum
1319 324 1436 365 prece
1458 314 1520 353 vel
1533 315 1662 365 potius
1683 314 1870 367 fraterna
1891 319 2060 359 caritate

1105 374 1304 422 devictus,
1330 386 1427 425 opus
1452 376 1666 426 injunctum
1690 377 1864 428 arripui,
1882 381 2062 431 coqitans

1106 436 1312 475 historiam
1355 436 1515 477 Genesis
1548 436 1734 477 versibus
1777 443 1915 480 teoeere
1933 472 1944 490 ,
1981 447 2064 482 stu-

1104 498 1276 548 densque
1305 497 1351 536 de
1381 498 1467 549 ipsa
1487 497 1647 550 aliquas
1670 499 1887 552 alleqorias
1911 502 2063 553 elicere,

1106 563 1293 610 tanquam
1336 558 1518 597 nucleum
1561 561 1607 599 de
1655 565 1755 601 testa
1774 593 1784 612 ,
1808 574 1982 614 qranum
2016 566 2064 605 de

1099 619 1244 669 palea,
1277 618 1352 657 mel
1375 619 1422 657 de
1451 631 1546 659 cera
1568 650 1576 667 ‚
1608 622 1733 672 iqnem
1758 622 1805 662 de
1827 624 1936 676 fumo
1952 656 1962 671 ‚
1987 638 2065 666 me-

1103 679 1254 719 dullam
1282 681 1327 719 de
1355 681 1490 730 ordeo,
1514 682 1648 721 vinum
1669 683 1714 722 de
1737 696 1889 737 azymo.
1918 687 1965 727 In
1983 699 2062 738 quo

1104 753 1218 793 opere
1242 742 1296 780 ita
1316 741 1454 781 studui
1482 742 1679 783 desudare
1697 774 1706 791 ‚
1730 750 1775 784 ut
1808 747 1945 787 videas
1967 760 2066 800 qua-

1102 802 1194 842 dam
1241 804 1496 843 consonantia
1531 803 1688 844 sibimet
1728 809 1971 848 concordare
1991 842 2000 858 ‚
2030 822 2063 850 s.

1107 864 1260 904 Christi
1280 867 1547 916 marqaritam
1566 878 1656 905 curn
1677 869 1803 919 Moysi
1826 870 2038 910 adamante
2054 902 2065 918 ,

1100 926 1218 977 flores
1244 926 1445 966 Ecclesiae
1459 939 1549 966 cum
1566 927 1700 968 herbis
1718 931 1951 982 Syriaqoyae
1967 963 1974 978 ,
1992 946 2067 972 au-

1102 999 1194 1026 rum
1217 988 1542 1027 Christianorum
1567 1000 1654 1028 cum
1677 989 1789 1041 ferro
1805 992 2065 1042 Judaeorum‚

1105 1048 1224 1100 leqem
1241 1061 1382 1088 novam
1407 1062 1497 1089 cum
1515 1050 1596 1101 leqe
1617 1051 1805 1103 antiqua,
1827 1053 1967 1092 molam
1989 1068 2068 1093 mo-

1104 1109 1142 1148 la
1156 1142 1166 1158 ‚
1192 1115 1321 1150 rotam
1345 1123 1432 1150 cum
1456 1116 1556 1150 rota.
1586 1113 1713 1151 Porro
1729 1113 1859 1152 visum
1875 1120 1934 1155 est
1949 1117 2067 1155 etiam

1105 1172 1194 1211 huic
1213 1171 1341 1211 libello
1355 1174 1486 1224 juoeta
1509 1177 1637 1226 operis
1656 1179 1828 1214 tenorem
1844 1175 1913 1215 hoc
1931 1189 2068 1216 nomen

1104 1238 1364 1286 conqruenter
1389 1235 1585 1287 imponere
1626 1238 1653 1275 Α
1664 1237 1842 1276 URORA.
1880 1239 1960 1277 Nec
1998 1239 2069 1277 im-

1104 1296 1256 1334 merito,
1297 1296 1410 1335 Sicut
1435 1297 1538 1336 enim
1561 1298 1726 1337 Aurora
1751 1300 1963 1338 terminum
2002 1312 2060 1337 no

1105 1358 1158 1395 cti
1182 1357 1344 1408 imponit
1361 1370 1371 1395 .·
1382 1357 1703 1410 principiumque
1725 1361 1814 1400 Diei
1825 1360 1985 1408 adesse;
2002 1361 2067 1400 Sic

1106 1421 1143 1456 et
1160 1417 1314 1456 libellus
1333 1418 1404 1456 iste
1421 1417 1604 1458 tenebras
1620 1419 1859 1462 umbrarum
1875 1426 1912 1459 et
1926 1423 2069 1461 veteris

1107 1478 1204 1530 le9is
1226 1478 1490 1518 obscuritates
1528 1480 1742 1520 discutiens
1771 1483 1955 1522 veritatis
1992 1483 2070 1534 ful-

1105 1552 1202 1591 qore
1218 1545 1257 1580 et
1277 1540 1568 1591 alleqoriarum
1588 1542 1820 1583 scintillulis
1836 1544 2072 1583 micantibus

1110 1605 1213 1642 totus
1236 1602 1444 1655 refulqeat.
1468 1603 1532 1642 vel
1554 1603 1637 1648 ideo
1662 1609 1766 1644 certe
1787 1610 1867 1644 tam
1885 1605 1984 1646 clari
2007 1619 2071 1643 no·

1109 1664 1227 1703 minis
1241 1666 1446 1717 maiestate
1457 1665 1754 1718 Izancpaqinam
1767 1667 1965 1718 insignivi,
1977 1669 2073 1720 quia

1109 1725 1214 1764 sicut
1233 1726 1409 1777 anqelus,
1430 1730 1523 1765 teste
1540 1726 1709 1767 historia
1724 1740 1847 1780 quam
1859 1741 2071 1781 percurro.

1102 1792 1196 1837 post
1209 1787 1403 1827 luctamen
1417 1793 1655 1828 nocturnum
1680 1789 1832 1829 locutus
1856 1795 1915 1829 est
1934 1790 1989 1829 ad
2006 1792 2074 1829 Ja-

1111 1847 1208 1898 cob;
1236 1851 1392 1889 dimitte
1432 1862 1494 1889 me
1539 1864 1680 1891 aurora
1715 1857 1807 1900 est,
1844 1853 1902 1891 sie
1935 1857 1973 1892 et
2007 1864 2074 1903 eqo
2132 1898 2139 1902 Ι

1107 1915 1200 1962 post
1221 1910 1417 1950 luctamen
1455 1917 1491 1951 et
1531 1912 1706 1952 laborem
1727 1945 1734 1963 ,
1775 1925 1890 1965 quem
1926 1914 1965 1952 in
2006 1913 2075 1951 hoc

1114 1984 1229 2023 opere
1253 1975 1440 2024 eoeercui,
1457 1974 1741 2027 quodammodo
1758 1975 1930 2014 libellum
1950 1987 2076 2014 meum

1114 2037 1288 2088 ejusdem
1305 2036 1426 2076 verbo
1450 2037 1648 2076 allocutus
1672 2049 1759 2076 sum
1774 2069 1784 2087 ,
1817 2037 1973 2077 dimitte
2014 2049 2076 2075 me

1113 2112 1255 2141 aurora
1297 2104 1380 2148 est,
1428 2099 1547 2150 quasi
1585 2098 1766 2148 dicatur,
1793 2099 1908 2150 finem
1927 2098 2077 2149 impono

1115 2163 1206 2201 huic
1231 2161 1341 2213 operi
1360 2191 1369 2209 ,
1391 2161 1487 2212 quia
1499 2160 1655 2211 fiquras
1676 2159 1856 2212 explicui
1874 2191 1884 2207 ‚
1915 2164 1952 2198 et
1974 2159 2077 2198 veri-

1115 2223 1207 2262 tatis
1229 2221 1368 2275 fulqor
1385 2225 1571 2272 patenter
1595 2220 1744 2259 illuaezt
1762 2222 1874 2260 Aliox
1893 2223 2075 2272 prologos

1113 2288 1133 2324 a
1159 2285 1331 2324 laudato.
1361 2285 1531 2332 Leysero
1554 2284 1590 2320 in
1618 2283 1748 2321 lucem
1780 2283 1898 2321 datos
1923 2288 2079 2332 praete-

1115 2358 1208 2393 reo,
1239 2344 1343 2396 apud
1365 2355 1485 2394 quem
1512 2355 1598 2394 pag.
1621 2342 1709 2380 697.
1741 2354 1823 2393 seq.
1850 2345 1970 2382 etiam
2007 2345 2079 2382 Va-

1116 2410 1195 2446 riae
1225 2407 1418 2445 lectiones
1444 2416 1494 2443 ex
1517 2403 1730 2444 Codicibus
1747 2404 2075 2442 Helmstadiensi-

1119 2469 1194 2506 bus
1212 2467 1411 2506 habentur
1426 2465 1472 2504 ad
1491 2464 1760 2515 metaphrasin
1781 2463 2078 2511 libriEstlieris,

1115 2540 1236 2578 quam
1261 2527 1426 2566 dederat
1450 2525 1637 2564 Barthius
1662 2525 1804 2563 XXXI.
1831 2527 1893 2563 455.
1925 2524 2078 2562 Advor-

1116 2590 1474 2637 sariorum3atque
1495 2597 1580 2637 pag.
1602 2585 1690 2623 7¹27.
1730 2596 1815 2635 seq.
1857 2585 2075 2634 singularia

1115 2648 1310 2699 quaedam
1340 2660 1388 2687 ex
1417 2647 1656 2698 apocryphis
1674 2646 1951 2685 traditionibus
1968 2647 1989 2683 ἐι
2008 2648 2077 2684 Pe-

1118 2716 1177 2748 tro
1201 2710 1369 2758 adjecta·
1396 2709 1484 2747 Sed.
1509 2708 1733 2748 laudandus
1758 2708 1860 2746 idem
1894 2707 1997 2757 quod
2040 2720 2075 2757 p.

1116 2771 1306 2811 705-727.
1322 2771 1445 2809 edidit
1461 2774 1722 2808 memoratum
1745 2780 1904 2818 quoquo
1923 2769 2076 2806 Tritho-

1120 2834 1196 2872 mio
1219 2831 1585 2883 recapitulationem
1600 2830 1808 2880 utriusque
1830 2830 2074 2873 Testamenti,

1120 2895 1304 2933 versibus
1319 2895 1442 2944 elegis
1458 2894 1547 2933 526.
1567 2891 2074 2944 perdistinctionosXXlll.

1120 2954 1458 3008 λειπογροίμματον
1480 2982 1494 2999 ,
1539 2956 1589 2994 ita
1623 2960 1665 2993 ut
1692 2955 1728 2990 in
1756 2955 1880 3003 prima
1920 2952 2074 2991 nullum

1119 3022 1302 3055 occurrat
1343 3018 1387 3055 A.
1426 3018 1463 3054 in
1489 3017 1611 3055 altera
1643 3014 1796 3052 nullum
1823 3016 1865 3052 B.
1887 3014 1989 3052 sicut
2035 3014 2072 3049 in

1133 3168 1222 3203 Quos
1245 3165 1326 3196 sacis
1344 3168 1380 3195 ut
1399 3163 1526 3195 levibus
1545 3163 1658 3195 verbis
1677 3163 1783 3202 elegia
1800 3165 1913 3194 cantet
1928 3183 1938 3200 ,

1134 3216 1244 3245 Fortia
1259 3213 1347 3244 racia
1366 3215 1474 3244 virum
1493 3221 1634 3244 numero
1652 3213 1803 3243 breviore
1820 3213 1993 3243 coarctant

1137 3267 1229 3300 Quae
1247 3263 1356 3300 potius
1375 3263 1456 3300 pede
1474 3263 1624 3293 Maeonio
1641 3261 1810 3294 reserenda
1828 3260 1961 3292 suerunt
1978 3263 2042 3290 etr.
