2533 4009
460 269 533 307 tis»

455 352 556 391 quae
587 339 709 386 inquit
734 366 740 373 .
771 333 865 382 quia
886 320 991 381 ‘prae
1035 327 1216 384 manibus
1259 329 1402 369 haben-

458 407 548 439 tur.
579 399 708 436 omitto
740 393 906 444 referre.
939 392 1073 440 Neque
1122 392 1179 428 Jo.
1222 393 1398 442 Baptista

454 467 582 502 Marus
613 463 647 496 in
694 458 794 494 notis
842 455 1017 491 nominat
1068 454 1140 491 nisi
1184 453 1399 503 Epistolam

454 524 506 562 ml
535 520 738 560 ,llonaclios
771 515 1072 561 Floriacenses,
1103 515 1286 554 edit-ama
1306 518 1400 554 Mat-

455 590 567 625 tlfflvo
598 586 793 621 Laurento
823 579 870 617 (le
901 580 1112 617 existentia
1152 579 1333 629 Corporis
1361 579 1398 617 S.

456 637 652 685 tiowlicti
700 645 736 680 in
784 642 1023 679 monasterio
1066 641 1272 679 Casincnsi
1315 652 1397 691 cap.

453 711 512 747 26,
544 720 629 757 pagg.
661 705 747 744 122.
779 703 948 742 Oderisii
981 704 1152 741 maxima
1189 715 1258 752 per
1297 703 1401 741 litte-

451 782 513 809 ras
537 780 653 807 usum
685 778 774 805 csse
805 767 977 805 amicitia
1012 766 1194 804 Alexium
1234 766 1400 803 Conme-

449 843 540 871 num
575 833 670 881 lmp.
700 830 841 869 Cl'olit.
873 829 921 866 ab
937 827 1073 865 eodem
1089 829 1193 866 Maro
1209 827 1398 874 traditur,

449 894 516 931 sed
549 894 612 931 ubi
644 896 804 930 exstent
843 891 929 929 illae
974 890 1126 928 litterae
1158 900 1233 926 non
1272 888 1398 926 docet.

452 954 612 994 Librum
644 955 875 992 Sermonum
915 951 969 989 aa'
1007 951 1109 1003 festa
1147 949 1262 988 tocius
1308 949 1405 987 anni

450 1022 641 1056 memorat
673 1016 913 1054 l’ossevinus
942 1026 989 1051 ex
1020 1013 1192 1051 Arnoldo
1223 1013 1377 1050 Wiono.

502 1078 824 1118 OlllLBERTUS
850 1107 858 1122 ‚
889 1077 987 1113 infra
1017 1075 1300 1114 OLBERTUS.

501 1145 540 1181 S.
557 1141 723 1190 ‘ODILO
753 1138 888 1177 Abbas
913 1138 1192 1177 Cluniacensis
1235 1139 1402 1187 quintus

450 1205 654 1244 silviniaci
689 1204 724 1240 in
757 1202 885 1240 Gallia
912 1201 959 1239 ab
983 1201 1057 1239 An.
1084 1201 1159 1237 994
1184 1199 1401 1239 defunctus

447 1269 521 1306 An.
556 1266 670 1304 1019.
702 1269 776 1302 aet.
809 1262 872 1301 87.
902 1263 950 1300 de
993 1273 1071 1312 quo
1110 1261 1402 1302 LOTSALDUS

447 1332 534 1369 sive
562 1327 850 1367 JOTSALDUS
878 1330 917 1363 ct
942 1327 1084 1364 Petrus
1108 1324 1321 1363 DAMIANI
1363 1326 1400 1362 in

448 1394 528 1431 vita
552 1425 562 1441 ,
595 1390 642 1428 dc
674 1389 819 1439 quibus
859 1398 1006 1438 supra:
1042 1387 1287 1425 Trithemius
1320 1398 1405 1437 cap.

448 1457 536 1494 314.
569 1454 616 1492 dc
644 1454 681 1491 S.
707 1453 750 1490 E.
777 1455 816 1488 et
838 1451 980 1488 illustr.
998 1448 1241 1487 Benedictin.
1267 1450 1312 1487 ll·
1337 1450 1401 1487 75.

448 1518 633 1556 Labheus
664 1520 757 1552 tom.
780 1515 803 1550 2
834 1512 882 1551 de
908 1513 946 1550 S.
973 1512 1017 1550 E.
1044 1522 1129 1561 pag.
1155 1512 1239 1549 127.
1257 1516 1296 1549 et
1313 1512 1404 1549 Rui-

451 1585 588 1618 nartus
614 1577 746 1615 seculo
771 1580 883 1614 sexto
914 1576 1001 1613 Act.
1033 1575 1268 1612 Sanctorum
1292 1574 1404 1611 Ordi-

450 1645 511 1680 nis
535 1639 793 1679 Benedictini.
826 1638 953 1675 Vitam
987 1637 1214 1686 scriptaque
1244 1635 1403 1673 exhibet

450 1704 628 1743 Andreas
650 1702 702 1740 du
728 1701 887 1739 Chesne
914 1702 949 1736 in
993 1698 1088 1736 Bibl.
1123 1698 1372 1736 Cluniacensi
1391 1729 1401 1745 ,

451 1767 553 1804 edita
585 1767 691 1804 Paris
718 1764 831 1803 1611.
867 1763 929 1800 fol.
961 1762 1016 1800 Ac
1060 1763 1204 1812 scripta
1242 1760 1401 1811 quidem

452 1829 547 1867 haec
577 1832 683 1866 sunt.

510 1890 593 1928 Vita
616 1890 655 1928 8.
678 1886 824 1939 Majoli
849 1885 1016 1925 Abbate‘s
1042 1917 1049 1934 ,
1072 1885 1287 1925 decessoris
1311 1884 1377 1923 sui
1391 1914 1399 1931 ‚

452 1969 486 2006 p.
512 1955 600 1993 279.
628 1953 721 1992 Bibl.
754 1953 1004 1991 Cluniacens.
1032 1956 1071 1989 ct
1093 1951 1197 2000 apud
1241 1951 1400 1989 Surium

453 2019 520 2057 Xl.
538 2017 622 2066 Maji
648 2022 686 2054 et
709 2016 884 2053 Sanctor.
915 2020 942 2051 t.
964 2014 987 2051 2
1013 2013 1098 2062 Maji
1126 2025 1162 2063 p.
1188 2012 1278 2051 6874.
1308 2011 1402 2050 Vide

455 2091 573 2130 supra
606 2081 641 2116 in
674 2076 933 2121 NAGOLDO,
959 2087 979 2113 a
1005 2087 1082 2126 quo
1107 2079 1146 2112 et
1173 2076 1254 2125 ipso
1281 2075 1400 2111 vitam

457 2144 497 2181 S.
528 2141 654 2190 Majoli
686 2141 873 2189 scriptam
906 2138 1109 2176 habemus.

509 2203 655 2256 Hymni
675 2206 848 2254 quatuor
873 2199 918 2238 de
947 2199 1078 2238 eodem
1098 2200 1140 2238 S.
1167 2197 1326 2250 Majolo.
1367 2210 1401 2248 p.

456 2268 547 2306 291.
580 2266 674 2305 Bibl.
702 2265 953 2302 cluniacens.

510 2327 708 2379 Epzstolae
732 2325 881 2376 aliquot
903 2325 941 2363 S.
976 2322 1147 2362 Odz'lonis
1170 2322 1225 2361 ad
1242 2321 1402 2360 Fulber-

456 2395 561 2437 turn,
592 2395 631 2427 et
660 2389 860 2435 Fulbcrti,
891 2391 1009 2436 atque
1038 2386 1202 2424 aliorum
1227 2385 1273 2424 ad
1311 2384 1403 2423 Odi-

454 2454 582 2491 loncm
605 2484 616 2501 ,
646 2452 716 2490 col.
750 2452 839 2490 349.

515 2514 597 2553 Vita
620 2516 659 2553 S.
690 2512 913 2552 Adheleidis
943 2513 976 2560 a)
1022 2509 1297 2562 Imperatricis
1339 2511 1401 2548 cui

456 2578 637 2616 morienti
659 2577 696 2614 S.
718 2576 831 2616 Odilo
855 2575 990 2614 adfuit:
1007 2578 1043 2613 et
1056 2572 1154 2612 liber
1171 2572 1216 2611 (le
1233 2571 1406 2623 ejusdem

456 2637 687 2686 miraculis,
709 2638 782 2676 col.
807 2638 894 2676 353.
921 2649 969 2675 ex
994 2637 1183 2686 antiquae
1210 2635 1406 2673 Lectionis

457 2703 611 2742 llenrici
636 2702 782 2740 Canisii
821 2705 927 2738 tomo
954 2700 994 2737 V.
1022 2704 1132 2749 parte
1157 2698 1193 2735 2.
1213 2708 1298 2747 pag.
1316 2697 1406 2734 398.

457 2765 563 2812 (edit.
580 2775 705 2802 novae
723 2769 816 2801 tem.
840 2763 861 2800 3
879 2774 962 2813 pag.
982 2762 1057 2800 73.)
1078 2762 1222 2799 Exstat
1243 2763 1282 2796 et
1302 2757 1406 2808 apud

460 2829 620 2866 Surium
659 2826 720 2864 16.
752 2826 844 2864 Dec.
878 2829 998 2874 atque
1035 2825 1072 2859 in
1117 2821 1282 2859 illustris
1326 2821 1408 2857 Lei-

460 2891 570 2928 bnitii
594 2895 688 2927 tom.
715 2890 728 2926 1
758 2888 938 2937 scriptor.
964 2884 1171 2924 Brusnvic.
1201 2894 1287 2932 pag.
1317 2882 1408 2920 262.

462 2954 562 2990 llaec
586 2956 718 2990 autem
740 2951 911 3000 primuni
931 2946 1100 2985 Lotharii
1115 2974 1123 2991 ,
1139 2945 1255 2994 Regis
1274 2943 1407 2980 ltaliae

462 3027 584 3061 uxor,
608 3025 657 3051 ex
681 3023 758 3063 quo
785 3012 968 3050 Emmam
985 3039 995 3056 ,
1027 3009 1265 3045 Francorum
1300 3005 1411 3053 Regi-

463 3087 552 3113 nam
579 3076 742 3125 peperit,
767 3071 909 3111 deinde
934 3070 1078 3108 Othoni
1118 3068 1144 3106 Ι.
1177 3066 1409 3105 Germaniae

468 3137 559 3185 Regi
585 3149 628 3174 ac
650 3135 791 3174 deinde
816 3133 1045 3185 Imperatori
1073 3134 1218 3180 nupta,
1243 3126 1412 3165 Othonis

469 3198 511 3234 ll.
534 3204 657 3235 mater
682 3200 848 3237 Othonis
873 3197 936 3235 111.
962 3196 1048 3234 avia
1068 3193 1207 3239 extimi,
1235 3191 1411 3239 vixitque

523 3355 554 3381 a)
580 3348 657 3378 vide
673 3350 823 3378 vossium
846 3355 920 3386 pag.
946 3346 1021 3378 571.

525 3397 560 3434 b)
583 3395 730 3427 odilonis
756 3397 1021 3427 exhortationes
1045 3395 1155 3427 laudat
1177 3397 1292 3426 Petrus
1326 3391 1418 3422 Blae-

1193 259 1697 299 ODlLBER'l‘US

1479 343 1606 381 usquc
1631 332 1679 370 ad
1704 332 1807 370 diem
1843 335 1903 372 16.
1947 335 2178 374 Decembris
2220 337 2312 374 anni
2337 338 2425 376 999·

1530 396 1738 433 Sermones
1759 394 1794 439 b)
1815 395 1911 434 XIV.
1941 396 1987 435 de
2014 397 2143 435 Festis
2166 398 2343 447 Domini,
2380 401 2425 438 Β.

1479 455 1647 505 Virqinis
1669 467 1717 493 ac
1736 457 1971 496 Sanctorum
1996 470 2086 497 cum
2109 460 2270 510 hymnis
2294 461 2342 500 de
2365 474 2429 502 as-

1473 519 1672 557 sumtione
1693 522 1732 555 et
1758 519 1963 556 nativitate
1985 520 2022 559 S.
2048 522 2191 560 Mariae
2229 535 2314 574 pag.
2336 523 2426 564 271.

1474 585 1512 618 ot
1544 582 1580 618 in
1607 579 1704 618 Bibl.
1723 581 1880 618 Patrum
1904 580 2038 620 Colon.
2059 589 2153 621 tom.
2176 586 2224 623 X.
2246 589 2287 623 et
2303 585 2425 637 Lugd.

1473 647 1566 679 toni.
1588 641 1709 680 XVlI.
1735 652 1821 691 pag.
1846 641 1936 680 654.

1527 704 1727 742 Statutum
1749 702 1929 754 ejusdem
1955 704 1993 742 S.
2011 704 2185 746 Odilonis
2199 707 2361 747 Abbatls
2381 707 2427 748 de

1473 764 1690 817 defunctis,
1716 770 1849 804 exstat
1879 766 1915 803 in
1946 765 2043 804 Bibl.
2068 767 2188 810 clun.
2224 782 2259 820 p.
2289 771 2378 810 338.

1528 827 1756 867 Credulitas
1785 829 1870 865 sive
1903 828 2163 879 Symbolum,
2205 837 2246 870 et
2284 832 2425 872 Oratio

1473 889 1513 927 in
1535 890 1703 929 Crucem
1722 889 1968 928 adorandam
1996 901 2032 940 p.
2058 892 2146 930 370.
2171 893 2214 931 in
2241 895 2334 934 Bibl.
2359 896 2429 935 Pa-

1476 957 1580 990 trum
1608 953 1741 990 Colon.
1763 957 1803 990 et
1829 952 1949 1002 Lugd.

1531 1015 1689 1052 Praeter
1713 1014 1808 1052 haec
1835 1014 2014 1054 Odilonis
2037 1027 2059 1055 a
2083 1016 2308 1056 Duchesnio
2347 1019 2430 1058 vul-

1476 1080 1566 1125 gata
1594 1105 1602 1121 ,
1632 1077 1860 1115 Sermonem
1891 1075 1937 1114 de
1961 1077 2178 1117 Nativitate
2200 1079 2240 1118 8.
2275 1079 2430 1119 Mariae

1476 1143 1516 1175 ct
1551 1139 1723 1176 alterum
1749 1137 1795 1177 de
1824 1140 1863 1178 S.
1892 1138 2019 1178 Cruce
2048 1139 2169 1178 edidit
2193 1140 2430 1182 Edmundus

1476 1202 1651 1239 Martene
1681 1205 1774 1239 tom.
1800 1201 1841 1238 V.
1872 1201 2047 1241 thesauri
2079 1202 2359 1243 anecdotorum
2391 1216 2431 1256 p.

1477 1263 1566 1301 622.
1597 1273 1679 1312 seq.
1698 1267 1737 1301 et
1766 1262 1968 1314 Epistolas
1996 1264 2070 1302 III.
2096 1276 2174 1303 una
2201 1275 2292 1304 cum
2315 1266 2431 1305 Joan-

1476 1327 1538 1363 nis
1559 1327 1647 1364 XX.
1670 1326 1846 1376 Epistola
1870 1325 1917 1364 ad
1943 1326 2149 1366 Odilonem
2169 1356 2177 1375 ,
2206 1328 2427 1367 Dacherius

1476 1393 1571 1426 tom.
1597 1388 1620 1426 2
1647 1388 1834 1438 spicilegii
1861 1399 1946 1438 pag.
1970 1388 2059 1427 286.
2078 1387 2170 1438 (edit
2187 1400 2312 1428 novae
2330 1393 2426 1428 tom.

1477 1453 1498 1490 3
1526 1463 1611 1501 pag.
1636 1451 1737 1498 381.)

1528 1512 1679 1551 ODILO
1697 1511 1918 1551 Monachus
1941 1513 1978 1551 S.
1995 1511 2166 1551 Medardi
2188 1512 2291 1564 apud
2311 1514 2431 1554 sves-

1477 1576 1682 1613 sionenses
1707 1576 1743 1611 in
1770 1574 1892 1613 Gallia
1916 1574 2009 1613 Ord.
2043 1573 2189 1614 Bened.
2231 1576 2333 1615 circa
2354 1575 2429 1615 An.

1478 1637 1566 1674 930.
1593 1637 1752 1687 scripsit
1777 1636 1823 1673 ad
1855 1637 2097 1687 Ingrannum
2138 1637 2324 1676 Coenobii
2367 1638 2429 1677 sui

1477 1699 1679 1737 Decanum
1705 1727 1711 1745 ‚
1738 1702 1874 1748 postea
1909 1698 2024 1737 Anno
2059 1699 2150 1738 932.
2181 1700 2422 1751 Episcopum

1478 1760 1757 1799 Laudensium:
1782 1758 1828 1798 de
1871 1759 2128 1800 translatione
2160 1761 2429 1812 reliquiarum

1476 1824 1512 1862 S.
1535 1820 1762 1862 Sebastiani
1788 1821 1988 1873 Martyris
2012 1826 2055 1860 et
2074 1822 2260 1874 Greqorii
2277 1825 2324 1863 M.
2353 1825 2431 1862 Pa-

1471 1897 1549 1936 pae
1571 1887 1606 1923 in
1637 1886 1933 1923 Svessionense
1964 1886 2003 1924 S.
2027 1885 2199 1924 Medardi
2223 1885 2296 1924 An.
2339 1886 2428 1925 926.

1492 1948 1596 1985 facta
1616 1976 1623 1994 ,
1643 1947 1676 1994 c)
1701 1945 1804 1996 quod
1828 1947 1913 1984 sine
1940 1947 2095 1984 nomine
2115 1948 2287 1986 auctoris
2308 1947 2430 1987 edidit

1490 2008 1708 2048 Bollandus
1726 2012 1817 2046 tom.
1844 2009 1867 2046 2
1891 2009 2065 2047 Januarii
2089 2009 2151 2048 20.
2180 2021 2218 2061 p.
2242 2009 2427 2050 278-295.

1485 2071 1553 2110 sed
1582 2070 1742 2109 Auctori
1774 2072 2004 2109 restitutum
2032 2082 2103 2110 suo
2126 2075 2166 2110 et
2189 2072 2429 2123 praefatione

1477 2133 1659 2183 ejusdem
1688 2133 1974 2183 locupletatum
2000 2133 2246 2173 Mabillonius
2263 2136 2349 2174 Sec.
2367 2135 2429 2173 IV.

1480 2195 1725 2234 Benedictin.
1752 2206 1838 2246 pag.
1865 2196 1953 2234 393.
1978 2196 2124 2234 Verum
2142 2197 2361 2246 Epistolam
2378 2197 2426 2236 ad

1476 2257 1646 2296 eundem
1672 2258 1914 2307 Ingrannum
1940 2256 1986 2295 cle
2018 2256 2189 2296 adventu
2225 2262 2264 2296 et
2295 2269 2427 2297 susce-

1469 2320 1601 2371 ptione
1636 2330 1845 2371 corporum
1883 2320 1953 2358 SS.
1988 2320 2213 2370 Martyrum
2260 2318 2427 2359 Tiburtn'

1476 2380 1724 2429 Marcellini,
1751 2384 1788 2420 et
1807 2381 1917 2420 Petri
1931 2412 1938 2429 ,
1961 2381 2209 2420 Marcelliani
2226 2385 2264 2420 et
2285 2383 2424 2432 Marci,

1477 2442 1603 2482 Probi
1623 2447 1659 2481 et
1680 2443 1905 2495 Hyacinthi,
1931 2443 2055 2483 Marii
2067 2447 2106 2482 et
2127 2443 2322 2483 Marthae.
2350 2443 2430 2483 Au-

1481 2504 1603 2557 difaoe
1626 2509 1664 2544 et
1684 2504 1863 2543 Abacum
1879 2537 1889 2553 ,
1918 2503 2092 2544 Abdonis
2113 2509 2150 2544 et
2165 2505 2330 2554 Sennis,
2351 2506 2432 2545 edi-

1481 2573 1560 2606 tam
1593 2568 1641 2606 ab
1665 2568 1802 2606 eodem
1824 2568 2043 2606 Mabillonio
2069 2579 2153 2619 pag.
2180 2569 2270 2608 411.
2286 2579 2431 2619 suppo-

1483 2631 1647 2668 sititiam
1679 2634 1720 2668 et
1745 2630 1894 2668 nullius
1919 2629 2007 2667 fidei
2033 2641 2122 2668 esse
2145 2629 2324 2680 disputat
2362 2631 2432 2668 Pa-

1483 2692 1721 2743 pebrochius
1751 2693 1787 2747 in
1813 2691 1923 2730 Actis
1948 2692 2182 2730 Sanctorum
2209 2695 2235 2729 t.
2263 2693 2277 2730 1
2321 2691 2426 2730 Junii

1482 2756 1519 2794 2.
1546 2765 1630 2804 pag.
1655 2755 1744 2792 206.
1771 2765 1852 2803 seq.

1522 2816 1543 2839 ³*
1568 2818 1725 2854 Praeter
1748 2815 1846 2853 haec
1869 2815 2014 2864 scripta
2030 2825 2049 2852 a
2067 2813 2241 2853 Fabricio
2264 2814 2432 2854 indicata

1484 2879 1705 2928 Scriptores
1730 2878 1826 2914 Hist.
1853 2877 2064 2915 Litcrariae
2088 2876 2258 2916 Gallicae
2284 2867 2432 2916 me'mo-

1484 2944 1623 2978 rantur
1659 2937 1838 2976 eiusdem
1880 2938 2088 2988 epistolam
2126 2949 2147 2977 a
2184 2940 2222 2977 P.
2260 2940 2433 2978 Martene

1487 3001 1688 3051 vulgatam
1736 2999 1781 3038 ad
1833 2999 2079 3038 Hucbaldum
2123 3000 2358 3039 monachum
2393 3000 2431 3038 S.

1485 3062 1678 3111 Amandi,
1710 3064 1814 3101 sicut
1843 3067 1883 3100 et
1903 3062 2030 3115 eidem
2055 3062 2313 3102 vindicandos
2342 3074 2434 3101 cen-

1486 3130 1577 3165 sent
1605 3135 1808 3163 sermones
1833 3129 1933 3172 tres,
1959 3135 2058 3174 quos
2079 3119 2164 3163 sine
2186 3125 2342 3163 nomine
2366 3135 2434 3163 au-

1486 3189 1605 3226 ctoris
1630 3188 1812 3237 vulgatos
1835 3187 2006 3237 legimus
2031 3187 2068 3224 in
2093 3185 2329 3224 Bibliotheca
2351 3186 2434 3224 Flo—

1483 3341 1587 3371 scnsis
1610 3340 1715 3378 Epist.
1740 3337 1814 3371 125.

1545 3390 1575 3427 c)
1599 3387 1729 3420 Confer.
1754 3389 1892 3428 pagium
1917 3385 1959 3418 ad
1984 3389 2044 3417 An.
2070 3385 2141 3417 826,
2168 3395 2198 3418 n.
2225 3385 2257 3419 ὅ.
