2533 4009
436 276 507 314 ¹50

437 347 598 396 Campis
623 346 660 381 S.
693 341 866 381 Lutetiae
898 338 1130 375 Parisiorum
1164 338 1329 387 l’rofcssi
1359 339 1380 375 ὺ

433 412 567 444 vetere
616 408 807 445 Manuscr.
851 400 952 437 eruti
984 409 1029 436 ac
1059 399 1095 435 in
1129 399 1257 437 lucem
1290 406 1381 450 post

430 469 690 506 Bibliothecae
711 461 983 501 Cluniacensis
1004 459 1216 497 editionem
1243 462 1376 498 emissi

429 536 519 567 sunt
552 541 598 565 cx
629 526 780 563 cilicina
807 522 1026 561 Nivelliana
1053 521 1280 572 sumptibus
1311 522 1379 560 Sc-

430 590 592 627 bastiam
624 585 831 633 Cramoisy
863 594 968 621 anno
1001 582 1102 622 4617
1135 584 1170 620 in
1203 584 1238 621 8.
1269 588 1308 621 et
1340 585 1375 620 in

429 652 520 689 Bibl.
565 642 722 686 Patrum
753 647 888 684 Colon.
922 651 1014 683 tom.
1048 647 1095 684 X.
1127 650 1169 683 et.
1198 645 1318 696 Lugd.
1351 651 1378 684 t.

428 712 544 750 xx'tt.
569 709 646 747 Nec
669 709 763 747 latet
789 719 860 745 nos
878 737 886 751 ,
910 709 1037 757 inquit
1058 708 1238 746 Andreas
1254 708 1380 753 Quer-

424 778 601 815 retanuS,
619 772 693 809 alia
717 770 840 809 multa
865 771 1074 820 scripsisse
1097 771 1249 808 Patrem
1273 770 1377 809 hunc

426 845 565 883 nempe
597 833 738 871 librum
771 832 817 870 (le
851 831 1122 870 Translatione
1145 833 1187 871 S.
1217 832 1379 870 Benedi-

423 896 492 941 cti.
522 895 639 945 cujus
671 896 850 933 meminit
880 895 1102 943 Aymoinus
1138 895 1377 943 Monachus,

423 959 589 996 alterum
616 957 662 995 <le
688 959 916 1008 Contempta
936 956 1084 1004 Mundi,
1109 958 1212 995 sicut
1230 961 1379 994 testan-

423 1027 486 1058 tur
511 1021 630 1058 Gesta
659 1020 889 1058 Pontilicum
919 1020 1276 1066 Lemovicensium,
1295 1030 1379 1057 ser-

424 1094 632 1134 monesque
662 1083 798 1133 plures
832 1094 876 1120 ac
912 1083 1084 1133 llymnos
1116 1086 1159 1120 ut
1183 1085 1245 1119 est
1274 1081 1377 1132 apud

422 1145 684 1183 Trithemium
707 1158 714 1182 :
739 1143 807 1182 sed
843 1144 996 1182 nullum
1029 1143 1158 1182 adhuc
1201 1144 1378 1182 invenire

423 1209 529 1247 licuit
561 1210 627 1258 qui
659 1207 723 1245 vel
753 1207 926 1256 aliquem
952 1217 1089 1244 eorum
1118 1205 1379 1256 publicijuris

422 1271 547 1308 facere
572 1275 640 1308 aut
662 1274 796 1320 posset
826 1273 895 1307 aut
921 1269 1052 1307 vellet.
1079 1269 1312 1307 Sermonem
1340 1270 1375 1306 in

422 1334 521 1371 festo
546 1334 584 1371 S.
609 1333 763 1372 Martini
794 1331 917 1370 edidit
938 1330 1177 1370 Edmundus
1202 1332 1376 1369 Martene

419 1402 512 1433 tom.
546 1396 589 1433 V.
615 1395 792 1433 thesauri
818 1393 1043 1432 anecdotor.
1071 1405 1157 1444 pag.
1189 1394 1277 1432 648.
1316 1395 1377 1432 ln-

419 1460 492 1508 cip.
519 1458 648 1497 Sacra
673 1455 767 1494 haec
790 1454 979 1493 hodierna
1002 1454 1226 1494 solennitas.
1252 1455 1375 1493 Dialo-

420 1532 513 1571 gum
539 1519 585 1558 (le
605 1522 693 1557 arte
710 1518 863 1557 Musica
884 1517 1018 1556 laudat
1039 1517 1275 1567 Anonymus
1290 1518 1379 1556 Mel-

427 1584 588 1622 licensis
613 1594 700 1632 cap.
723 1582 786 1620 75.
811 1579 1031 1620 Chronicon
1050 1579 1288 1618 succinctum
1304 1582 1380 1618 Ma-

420 1647 613 1695 nuscript.
655 1648 860 1682 servatum
900 1643 1176 1693 Cantabrigiac
1214 1644 1250 1680 in
1282 1644 1378 1681 Bibl.

419 1708 585 1758 collegii
610 1709 647 1745 S.
675 1705 876 1744 Benedicti
903 1706 1063 1744 Caveus
1100 1709 1316 1754 memorat,
1341 1711 1381 1743 et

420 1775 513 1808 ante
552 1770 729 1808 Caveuin
766 1768 931 1806 Vossius
957 1779 1042 1818 pag.
1069 1767 1156 1805 342.
1181 1768 1246 1816 qui
1272 1767 1381 1805 addit

422 1833 541 1869 ctiam
577 1831 702 1869 Vitam
732 1831 773 1868 S.
804 1829 942 1869 Mauri
977 1831 1170 1868 Manuscr.
1211 1830 1247 1866 in
1288 1830 1382 1868 Bibl.

426 1895 626 1932 N‘aticana.
649 1892 726 1931 Sed
749 1892 810 1930 illa
837 1897 898 1930 cst
922 1891 1071 1931 Odonis
1093 1892 1385 1929 (ilannofolien-

422 1958 478 1994 sis
499 1986 506 2004 ‚
529 1955 576 1992 de
599 1966 675 2004 quo
703 1966 807 1992 mox.
833 1956 887 1992 De
921 1953 1004 1993 vita
1045 1953 1229 2004 Greqort'i
1267 1954 1386 1991 Turo-

424 2017 579 2063 nensis.
608 2016 698 2054 vide.
724 2028 843 2067 supra
868 2021 960 2054 tom.
988 2018 1023 2054 3.
1053 2027 1135 2066 pag.
1163 2016 1251 2053 ⁶292.

475 2082 495 2097 ⁴
526 2082 684 2118 Praeter
729 2081 930 2129 llymnum
965 2079 999 2115 in
1029 2078 1185 2116 laudem
1216 2078 1254 2116 S.
1286 2079 1384 2116 Mar-

424 2145 493 2181 tini
524 2144 589 2192 qui
622 2143 764 2192 legitur
794 2143 830 2179 in
862 2141 1099 2179 Bibliotheca
1131 2141 1197 2178 Pl'.
1231 2140 1384 2190 Lugdu-

423 2207 535 2244 nensi
580 2206 680 2243 alter
719 2205 838 2242 etiam
885 2203 932 2241 de
977 2203 1114 2241 codem
1160 2204 1305 2241 Sancto
1335 2204 1383 2242 ab

424 2268 560 2308 Odonc
580 2267 712 2305 editus
736 2272 797 2304 est
823 2266 1015 2317 legendus
1039 2266 1381 2316 313i.Mabittoniu1n

423 2331 564 2369 Annal.
597 2335 624 2367 t.
658 2331 706 2368 lll
740 2332 775 2366 in
807 2328 987 2380 Append.
1019 2341 1054 2379 p.
1088 2330 1175 2367 6359.
1208 2329 1289 2368 edit
1310 2330 1383 2368 Lu-

424 2404 532 2430 cens,

478 2456 686 2493 Tractatus
716 2453 761 2492 cle
793 2454 1018 2493 reversione
1049 2455 1090 2492 B.
1129 2453 1296 2492 Martini
1334 2454 1382 2493 ab

424 2517 653 2556 auctoribus
672 2517 769 2555 Hist.
785 2517 998 2555 litterariae
1015 2516 1239 2555 Gallicanae
1273 2516 1382 2555 abiu-

425 2579 580 2618 dicatur
609 2578 761 2627 Orioni,
793 2578 897 2629 quod
930 2567 1081 2617 scilicet
1113 2589 1184 2616 nec
1227 2578 1377 2628 stylum

424 2643 510 2680 eius
540 2643 693 2692 sapiat,
725 2652 796 2680 nec
840 2643 938 2680 satis
967 2645 1160 2692 congruat
1200 2640 1381 2691 dignitati

426 2704 608 2743 Fulconis
659 2705 816 2743 comitis
860 2703 1165 2755 Andegavensis
1209 2704 1300 2754 (qui
1344 2704 1382 2741 S.

424 2767 602 2805 odonem
632 2767 834 2816 educavit)
859 2771 901 2805 ut
923 2767 1158 2805 Monachum
1187 2767 1299 2805 illum
1328 2767 1380 2804 ita

425 2830 675 2880 alloquatur:
721 2828 1004 2867 condescendat
1036 2828 1233 2880 parvitati
1275 2839 1384 2866 meae

427 2895 559 2930 vestra
591 2890 826 2931 sublimitas.
866 2892 923 2929 lta
957 2893 1104 2941 pariter
1129 2895 1168 2927 et
1187 2895 1382 2929 tractatus

427 2955 528 3004 quod
564 2956 595 2992 B
624 2954 822 2993 Martinus
852 2952 1012 2991 dicatur
1046 2964 1125 3004 par
1160 2951 1380 3002 Apostolis,

425 3017 622 3065 judicibus
653 3017 791 3055 iisdem
818 3015 1077 3066 scriptoribus
1107 3015 1236 3052 foetus
1256 3018 1319 3052 cst
1343 3014 1382 3051 S.

430 3079 575 3117 Odonis
606 3092 680 3118 non
713 3081 908 3118 sincerus,
938 3079 1041 3125 Quin
1073 3081 1112 3115 et
1143 3077 1266 3115 Adam
1306 3076 1382 3114 Ab·

432 3140 507 3177 bati
538 3143 757 3189 Persenjiae
787 3141 1052 3180 vindicandus
1081 3145 1143 3179 est
1166 3147 1207 3178 ut
1232 3150 1279 3177 ex
1304 3138 1383 3176 col-

433 3202 598 3239 lectione
627 3205 893 3253 Epistolarum
925 3203 1103 3242 eiusdem
1136 3202 1274 3241 Adami
1298 3202 1383 3240 vul-

433 3266 519 3312 gata
550 3275 568 3299 a
603 3267 638 3301 l‘.
671 3267 843 3303 Martenoi
888 3266 1081 3305 Anecdot.
1111 3271 1137 3303 t.
1171 3268 1184 3304 4
1222 3277 1258 3317 p.
1289 3264 1380 3304 738.

431 3330 506 3362 etc.
537 3328 800 3373 agnoscimus.
829 3330 993 3379 Insuper
1023 3329 1244 3368 Chronicon
1294 3338 1383 3366 suc-

432 3390 605 3426 cinctum
651 3388 821 3427 'l'homae
866 3392 1051 3430 Laebensi
1097 3391 1382 3431 vindicandum

1341 269 1375 305 ()
1400 269 1428 307 l)
1448 270 1482 306 O

1455 349 1544 377 esse
1574 338 1690 376 docet
1719 338 1939 380 Chronicon
1984 342 2180 380 Comitum
2222 340 2403 392 Andega-

1455 402 1641 439 vensium
1672 411 1733 450 ap.
1774 401 1981 454 d'Achery
2026 405 2208 455 Spicileg.
2240 408 2268 441 t.
2298 404 2333 442 X
2364 415 2402 454 p.

1454 466 1541 502 400.
1572 462 1667 501 Vide
1698 463 1794 501 haec
1835 467 1964 504 omnia
1996 468 2031 504 in
2064 466 2200 505 eadem
2239 466 2402 504 historia

1453 526 1639 564 litteraria
1684 529 1709 562 t.
1754 526 1799 564 vt
1843 537 1927 576 pag.
1973 528 2060 568 25⁴.
2091 529 2253 579 Reliqua
2284 538 2402 579 opera

1452 588 1488 626 S.
1521 586 1670 625 Odonis
1713 591 1797 625 tum
1841 587 2042 637 deperdita
2071 602 2162 629 cum
2193 590 2404 641 suppositi-

1452 650 1504 687 tia
1535 650 1633 686 satis
1664 653 1849 687 accurate
1877 648 1924 687 ibi
1951 657 2224 691 recensentur.
2252 651 2273 674 ³*

1505 711 1607 750 ODO
1637 710 1843 760 Danicus,
1882 712 1967 749 sive
1996 713 2063 761 qui
2087 714 2108 752 ὲ
2146 715 2266 752 Dania
2291 712 2405 752 duxit

1453 773 1643 823 originem
1663 804 1672 820 ,
1702 773 1871 811 Lelando
1895 784 1978 823 cap.
2007 774 2096 812 480.
2131 779 2373 814 memoratus
2393 805 2402 822 ,

1453 834 1557 872 idem
1581 846 1671 872 cum
1694 834 1830 873 Odone
1856 835 2132 874 Cantuarieusi
2152 838 2332 888 Archiep.
2357 836 2405 875 de

1453 907 1529 945 quo
1555 907 1688 946 supra.

1506 958 1605 996 ODO
1635 957 1681 997 (Ie
1699 957 1854 1009 Deoqilo
1873 958 1934 1008 (de
1957 959 2081 1008 Dueil)
2102 958 2239 998 Gallus
2259 970 2305 998 ex
2330 959 2407 999 Ab·

1454 1019 1542 1058 bate
1561 1021 1601 1058 S.
1626 1020 1794 1059 Cornelii
1833 1020 2164 1070 Compendiensis
2187 1020 2260 1059 An.
2293 1022 2405 1060 4453.

1453 1081 1499 1121 ad
1529 1082 1644 1121 4468.
1670 1082 1803 1121 Abbas
1820 1083 1860 1120 S.
1878 1080 2072 1134 Dionysii.
2090 1082 2187 1122 Vide
2211 1082 2410 1121 Sammar-
2437 1091 2443 1097 ’

1453 1144 1595 1182 thanos
1621 1149 1718 1182 tom.
1754 1145 1816 1182 lv.
1853 1144 2001 1183 Galliae
2036 1145 2288 1184 Christianae
2321 1156 2408 1196 pag.

1453 1208 1540 1246 330.
1566 1206 1664 1256 Ejus
1696 1206 1782 1245 libri
1809 1212 1961 1257 septem
1987 1217 2088 1256 quos
2103 1207 2320 1246 Monachus
2342 1207 2411 1246 ad-

1454 1269 1529 1307 huc
1559 1274 1599 1306 et
1628 1280 1762 1307 comes
1789 1270 1940 1308 itineris
1964 1270 2080 1320 Regis
2103 1275 2143 1308 et
2170 1281 2192 1309 a
2223 1272 2346 1309 sacris
2369 1275 2409 1309 et

1453 1332 1618 1370 secretis
1639 1334 1797 1383 scripsit
1813 1331 1858 1370 cle
1872 1331 2109 1384 profectione
2129 1331 2319 1371 Ludovz'ci
2340 1333 2413 1371 VII

1452 1393 1566 1443 Reyis
1587 1394 1835 1432 Francorum
1857 1394 1896 1432 in
1919 1394 2112 1433 Orientem
2133 1395 2282 1445 vulgati
2313 1399 2409 1433 sunt

1453 1459 1473 1495 a
1491 1458 1600 1494 Petro
1623 1458 1832 1495 Francisco
1847 1457 2054 1506 Chilletio‚
2077 1456 2114 1494 S.
2140 1458 2167 1495 1.
2191 1458 2227 1494 in
2253 1456 2408 1507 Sylloge

1452 1520 1515 1557 cui
1559 1519 1727 1558 titulus:
1764 1519 1801 1557 S.
1846 1517 2033 1557 Bernardi
2078 1517 2409 1558 Claraevallensis

1453 1582 1616 1619 Abbatis
1649 1582 1801 1620 illustre
1838 1591 1965 1631 genus
2002 1585 2216 1620 assertum.
2245 1580 2409 1619 Divione

1456 1644 1570 1683 4660.
1595 1646 1632 1681 4.
1655 1643 1752 1681 Vide
1778 1644 1936 1692 Pagium
1966 1641 2014 1681 ad
2044 1642 2118 1681 An.
2153 1642 2267 1682 4447.
2293 1641 2413 1682 Oudi-

1457 1717 1549 1744 num
1577 1710 1670 1744 tom.
1703 1705 1738 1743 2.
1771 1716 1859 1756 pag.
1891 1704 2006 1744 4443.
2037 1710 2077 1743 et
2097 1705 2289 1745 Jacobum
2316 1706 2415 1744 Lon-

1449 1779 1541 1819 gum
1571 1779 1608 1805 n.
1638 1767 1756 1805 6996.
1782 1767 1878 1805 Bibl.
1905 1767 2000 1805 hist.
2021 1767 2202 1806 Francor.

1509 1830 1609 1869 ODO
1631 1829 1677 1868 de
1707 1830 1867 1878 Duaco,
1898 1829 2123 1881 Theologus
2148 1829 2412 1879 Sorbonicus‚

1458 1904 1636 1931 errorum
1658 1897 1885 1939 accusatuS,
1900 1891 1949 1930 de
1965 1891 2109 1941 quibus
2126 1891 2304 1930 damnari
2320 1901 2413 1931 eum

1458 1956 1621 2004 contigit
1650 1955 1698 1993 ab
1723 1954 1950 1993 Alexandro
1979 1954 2043 1992 tv.
2067 1953 2141 1993 An.
2174 1954 2289 1993 4256.

1511 2017 1612 2056 ODO
1642 2016 1885 2068 Episcopus,
1915 2027 2035 2068 supra
2065 2018 2103 2054 in
2137 2014 2268 2055 Odone
2291 2014 2415 2054 Bello-

1458 2079 1628 2118 vacensi.

1510 2142 1611 2181 ODO
1637 2140 1899 2180 Floriacensis
1915 2140 2060 2180 Abbas.
2081 2141 2206 2192 Supra
2226 2141 2263 2179 in
2286 2139 2414 2179 Odone

1460 2203 1727 2245 Clum‘acensz'.

1511 2267 1611 2305 OlJO
1642 2266 1856 2305 Monachus
1885 2265 2160 2315 Fossatensis,
2191 2265 2265 2304 An.
2300 2266 2418 2306 4058.

1458 2331 1627 2380 scriptor
1668 2329 1772 2368 vitae
1814 2330 1953 2366 Domni
1989 2327 2219 2367 Burchardi
2251 2329 2416 2368 Comitis

1457 2393 1775 2440 Melodunensis,
1808 2393 1876 2443 qui
1905 2391 2008 2443 apud
2050 2393 2254 2443 Hugonem
2288 2391 2416 2442 Cape-

1458 2461 1544 2494 tum
1585 2459 1625 2492 et
1668 2455 1885 2493 Robertum
1915 2453 2004 2505 ejus
2034 2453 2162 2493 filium
2191 2454 2416 2505 gratiosus,

1458 2517 1563 2555 diem
1589 2517 1686 2555 obiit
1716 2516 1789 2555 An.
1821 2518 1911 2555 999.
1942 2517 2087 2556 Exstat
2118 2517 2155 2554 in
2186 2516 2301 2555 Brolii
2332 2516 2418 2555 sive

1457 2580 1587 2618 Jacobi
1609 2579 1662 2618 du
1693 2579 1811 2618 Breul
1830 2611 1841 2628 ,
1872 2578 2117 2618 Benedictini
2140 2578 2418 2630 supplemento

1457 2642 1755 2692 Antiquitatum
1803 2642 2108 2690 Parisiensium,
2140 2642 2260 2680 Paris.
2301 2640 2417 2681 4644.

1459 2706 1495 2743 4.
1517 2710 1556 2743 et
1580 2707 1618 2743 in
1644 2705 1828 2743 Andreae
1853 2704 1906 2742 du
1932 2703 2089 2743 Chesne
2115 2707 2212 2741 tom.
2238 2703 2298 2741 IV.
2324 2705 2421 2742 scri-

1458 2773 1614 2818 ptorum
1637 2769 1687 2806 de
1711 2768 1831 2806 rebus
1854 2768 2094 2804 Francorum
2117 2776 2203 2816 pag.
2231 2767 2307 2805 445
2329 2766 2418 2805 444.

1457 2834 1497 2867 et
1519 2830 1668 2868 Gallice
1699 2829 1933 2868 Sebastiano
1958 2827 2180 2867 Boulliardo
2201 2829 2418 2879 interprete

1460 2893 1496 2928 in
1521 2902 1608 2941 ejus
1633 2892 1797 2929 historia
1822 2891 2005 2930 Civitatis
2021 2890 2416 2930 Melodunensis.Pa-

1458 2955 1523 2991 ris.
1557 2954 1673 2992 4628.
1706 2954 1740 2990 4.

1511 3014 1531 3037 ³*
1560 3014 1642 3053 Sub
1672 3014 1791 3053 huius
1821 3016 2028 3066 scriptoris
2067 3015 2226 3054 nomine
2251 3015 2417 3065 legimus

1460 3077 1626 3116 indicata
1662 3088 1722 3127 ap.
1755 3077 2004 3116 Montfaucon
2026 3077 2122 3116 Bibl.
2152 3076 2415 3116 Bibliotheca-

1458 3151 1545 3178 rum
1577 3151 1663 3190 pag.
1710 3138 1824 3177 4278.
1872 3139 1995 3177 Vitam
2038 3140 2077 3179 S.
2108 3137 2254 3178 Mauri
2290 3142 2416 3177 metro

1457 3207 1496 3240 et
1526 3213 1640 3252 prosa
1682 3203 1872 3253 scriptam
1917 3213 2037 3252 quam
2081 3203 2118 3239 in
2163 3201 2296 3240 nescio
2337 3211 2415 3251 qua

1459 3268 1613 3315 (neque
1638 3265 1742 3302 enim
1775 3264 1950 3314 indicat)
1978 3263 2127 3303 Gallica
2175 3262 2417 3302 Bibliotheca

1457 3333 1592 3366 extare
1622 3327 1727 3366 dicit.
1765 3328 1986 3377 Scriptores
2030 3327 2128 3365 Hist.
2175 3326 2411 3364 Litterariae

1458 3390 1557 3428 Gall.
1591 3394 1619 3427 t.
1649 3390 1715 3428 Vtt
1747 3401 1781 3439 p.
1815 3390 1902 3427 494.
1931 3392 2100 3428 censent
2138 3388 2260 3426 vitam
2307 3386 2414 3426 illam
