2517 4009
870 265 1246 305 NICOLAUS

122 337 302 377 XXXIII.
336 338 425 375 Post
452 341 562 386 gesta
595 339 785 388 paparum
832 339 1015 389 sequitur

70 400 318 450 Privilegium
343 399 527 438 Friderici
559 401 605 438 II.
630 413 707 451 quo
729 402 875 440 intuitu
902 403 1018 440 Inno-

67 463 186 500 centii
231 460 298 500 III.
328 460 458 499 abolet
502 473 619 500 usum
666 462 952 501 intromittendi
978 473 1019 500 se

0 519 12 528 '
69 522 109 560 in
133 520 384 561 electionibus
408 522 685 563 Praelatorum
711 529 748 563 et
762 524 1019 576 possessioni-

71 582 145 623 bus
169 582 390 631 Ecclesiae,
412 589 451 623 et
466 586 633 625 caeteris
656 584 947 637 spiritualibus.
974 586 1019 624 In

66 645 220 685 nomine
247 651 322 686 etc.
366 649 540 699 Reynum
585 653 765 687 nostrum
808 653 899 687 tunc
943 654 1020 687 etc.

69 709 213 748 Datum
234 710 337 761 apud
359 711 503 760 Egram
534 722 637 750 anno
667 712 780 751 4243.
812 711 952 750 Indict.
983 713 1018 749 4.

65 772 188 823 Regni
215 772 375 811 Romani
399 775 433 812 4.
452 774 604 812 Siciliae
621 773 722 812 XVI.
740 773 802 812 die
822 775 854 811 Ιι.
877 773 924 812 id.
943 773 1020 812 Jul.

119 835 300 874 XXXIV.
329 834 447 874 Aliud
483 835 663 875 eiusdem
689 835 872 875 Friderici
904 847 1023 887 spon-

66 897 199 936 dentis
240 898 432 937 auxilium
477 909 546 949 pro
590 898 872 948 recuperandis
901 900 1021 937 terris

67 960 267 1000 Ecclesiae
297 961 464 999 Honorio
493 961 558 999 lII.
589 961 631 999 In
657 960 810 999 nomine
833 965 909 999 etc.
938 961 1021 1011 Eyo

66 1021 298 1061 Fria'ericus
343 1022 395 1061 ΙΙ.
435 1023 580 1062 Datum
627 1023 860 1074 Hagenovae
908 1023 1021 1063 4249.

66 1095 204 1124 mense
232 1089 336 1136 sept.
368 1084 505 1124 indict.
536 1086 572 1124 8.

105 1145 283 1186 XXXV.
325 1147 514 1186 Euisdem
566 1147 734 1186 cassatio
784 1151 1023 1186 statutorum

64 1212 202 1248 contra
221 1208 540 1248 Ecclesiasticam
563 1209 782 1248 libertatem
801 1209 1023 1248 Fridericus

64 1276 140 1310 etc.
165 1271 264 1312 Cum
287 1270 406 1310 divae
425 1272 639 1311 memoriae
658 1276 735 1310 etc.
752 1273 895 1310 Datum
914 1272 1018 1322 apud

63 1335 103 1374 S.
134 1335 304 1373 Leonem
334 1335 371 1372 in
401 1336 545 1373 castris
579 1334 695 1373 4220.
717 1333 850 1372 indict.
873 1334 908 1371 9.
934 1334 1021 1371 VIII

63 1397 144 1436 Cal.
173 1396 316 1435 Octob.
433 1403 438 1409 ·

114 1459 296 1498 XXXVI.
326 1459 518 1498 Eiusdem
552 1461 590 1497 in
622 1459 789 1497 solemni
817 1459 925 1503 curia
949 1458 1023 1496 Ca-

63 1532 194 1571 puana
232 1512 302 1571 pro
342 1522 592 1572 resignandis
635 1523 674 1559 in
715 1532 836 1559 manu
868 1521 1021 1559 Honorii

61 1583 187 1633 Papae
215 1583 437 1635 Privilegiis
468 1582 713 1622 Praedilecto
733 1589 807 1621 etc.
835 1581 1025 1620 Pervenit

59 1644 114 1684 ad
132 1656 204 1684 nos
222 1650 299 1685 etc.
323 1646 470 1685 Datum
495 1645 599 1697 apud
626 1647 801 1685 Tranum
830 1645 866 1683 3.
896 1645 1022 1682 Martii

59 1707 204 1746 Indict.
231 1709 301 1747 lX.

111 1771 313 1810 XXXVII.
343 1769 537 1810 Eiusdem
577 1770 773 1809 concessio
807 1768 916 1822 facta
958 1768 1022 1804 In-

59 1833 232 1871 nocentio
256 1834 322 1872 III
339 1833 386 1872 de
407 1833 606 1873 Com-natu
623 1833 814 1872 Fundano
836 1837 910 1871 etc.
934 1832 1022 1883 post

59 1893 205 1934 obitum
221 1899 264 1936 R.
283 1896 446 1936 Comitis
463 1895 658 1934 Fundani.
675 1894 934 1935 sanctissimo
946 1898 1022 1932 etc.

59 1959 117 1997 De
138 1959 276 2010 qratia
310 1962 448 1998 vestra
471 1964 545 1998 etc.
578 1960 720 1998 Datum
746 1960 864 1997 Roma
902 1958 1018 1996 4242.

57 2021 180 2073 Aprili
202 2033 341 2061 mense
367 2022 503 2061 indict.
531 2024 596 2062 45.

111 2085 330 2124 XXXVIII.
374 2085 564 2124 Eiusdem
613 2084 847 2136 spondentis
890 2085 1015 2133 Papae

60 2157 103 2185 se
122 2145 389 2186 deducturum
422 2148 570 2186 milites
600 2149 636 2185 in
669 2146 891 2186 subsidium
922 2147 1016 2184 Ter-

61 2211 126 2239 rae
155 2207 343 2240 sanctae:
373 2200 606 2240 Fridericus
635 2205 709 2239 etc.
725 2211 803 2251 per
821 2210 1014 2250 praesens

0 2299 1 2302 ,
59 2262 263 2314 scriptum.
288 2264 432 2303 Datum
459 2263 563 2315 apud
596 2265 636 2303 S.
662 2263 906 2302 Germanum
938 2261 1011 2300 An.

0 2327 1 2378 ᾖ
61 2325 178 2366 4225.
209 2337 346 2365 mense
375 2326 455 2365 Jul.
482 2325 622 2365 Indict.
643 2326 748 2365 XIII.

0 2388 1 2406 ³
113 2389 302 2428 XXXIX.
331 2387 552 2427 Innocentii
576 2389 706 2439 Papae
728 2386 884 2425 donatio
905 2384 1015 2438 facta

7 2447 14 2450 ‘
60 2448 112 2488 ab
147 2450 370 2489 Innocentio
411 2451 522 2501 Papa
551 2450 742 2500 Episcopo
777 2447 1019 2499 Maylonensi

61 2512 109 2551 de
141 2512 328 2551 comitatu
365 2511 544 2563 Melqoni
576 2511 660 2551 sive
694 2511 835 2550 illontis
871 2510 1017 2562 ferrati

62 2573 137 2614 sub
178 2577 282 2613 certo
324 2585 457 2613 censu.
498 2575 641 2613 Datum
688 2574 868 2612 Laterani
900 2575 932 2611 4.
965 2573 1019 2610 id.

63 2638 186 2690 April.
215 2636 473 2677 Pontificatus
499 2636 573 2675 An.
598 2637 658 2676 48.

116 2702 198 2740 XL.
227 2700 343 2739 Pacta
371 2699 616 2738 Concordiae
642 2700 744 2736 inter
767 2698 1013 2737 Clementem

63 2763 130 2802 ΙΙΙ.
159 2767 199 2801 et
227 2767 434 2801 senatores
480 2762 753 2812 Populumque
797 2762 1015 2798 Romanum

65 2825 325 2864 sanctissimo
354 2829 429 2864 etc.
455 2823 635 2875 Diynitas
664 2824 831 2863 Senatus
864 2821 1016 2873 Populi-

65 2899 142 2940 que
169 2892 246 2926 etc.
265 2892 400 2927 actum
423 2887 727 2938 quadragesimo
748 2891 887 2936 quarto
911 2896 1014 2923 anuo

66 2951 240 2990 Senatus
270 2950 393 2989 indict
422 2951 457 2988 6.
489 2950 552 2989 die
577 2950 647 2988 ult.
677 2950 775 2999 Maji.

119 3011 223 3052 XLI.
251 3012 473 3053 Concordia
497 3014 663 3064 Eugenii
690 3013 741 3051 III
765 3024 854 3050 cuni
886 3011 1017 3049 tride-

65 3076 147 3114 rico
175 3076 204 3114 Ι.
232 3076 496 3126 Imperatore:
527 3072 748 3114 Venerabili
775 3074 815 3112 in
844 3074 1014 3114 Christo.

66 3137 210 3190 Reyiae
227 3136 445 3176 maiestatis
461 3135 631 3188 diynitas
654 3142 728 3174 etc.
756 3137 898 3175 Datum
916 3138 1018 3174 Con-

68 3201 370 3241 stantiaell52.
396 3200 459 3239 die
482 3201 532 3239 X.
557 3199 638 3238 Cal.
660 3199 782 3249 April.
804 3198 934 3237 indict.
956 3201 1016 3238 45.

121 3264 240 3304 XLII.
269 3264 456 3303 Clemens
487 3263 549 3301 IV.
580 3262 755 3301 admittit
781 3263 816 3299 in
848 3263 1017 3312 gratiam

71 3325 293 3366 Galvanum
323 3330 364 3366 et
407 3326 647 3364 Fridericum
688 3326 826 3363 Lance.
878 3325 923 3362 ln
955 3335 1021 3362 no-

72 3389 174 3430 mine
198 3395 274 3432 etc.
288 3388 487 3428 Univcrsis
512 3393 586 3427 etc.
604 3388 647 3425 F.
667 3387 907 3426 Franciscus
927 3387 1020 3426 Tar-

1967 271 2044 310 123

1087 336 1314 375 racinensis
1348 337 1417 388 Ep.
1439 342 1513 376 etc.
1532 337 1667 390 Nuper
1689 340 1792 379 ass.
1809 345 1846 379 et
1859 343 2049 381 Reveren-

1090 398 1184 437 diss.
1200 403 1273 437 etc.
1295 399 1436 437 Actum
1463 401 1498 438 in
1525 401 1640 439 domo
1662 402 1811 441 Toudin
1836 403 1885 442 de
1909 406 2048 444 Frasso

1091 472 1153 499 an.
1174 461 1274 500 4267
1297 462 1374 499 ind.
1396 463 1455 501 40.
1476 464 1613 501 Pontis.
1631 464 1848 504 Clementis
1877 467 1913 504 2.
1937 467 2047 506 Febr.

1091 523 1153 562 dic
1184 525 1226 561 V.

1146 587 1280 624 XLIII.
1313 587 1453 625 Citatio
1482 587 1658 626 eiusdem
1693 589 1874 628 Fridorim
1911 602 2042 632 coram

1094 650 1194 699 Papa
1223 649 1431 687 Clemente
1468 648 1531 687 IV.
1569 649 1744 690 Clemens
1760 657 1833 690 otc.
1854 653 1909 691 Dc
1933 654 2047 694 vultu

1091 709 1264 762 yloriosi
1282 722 1340 750 ec.
1358 712 1498 749 Datum
1518 712 1676 751 Vitorbii
1696 714 1744 752 42
1761 715 1839 753 Cal.
1861 717 1955 755 λον.
1973 729 2008 758 a.
2024 720 2048 757 3

1149 774 1284 812 XLIV.
1313 775 1466 812 Literae
1490 775 1615 814 Caroli
1639 777 1663 814 I.
1686 777 1836 816 Siciliae
1862 780 1975 829 Regis
1999 781 2045 818 ad

1097 837 1253 874 Petrum
1285 836 1503 887 Aragoniae
1528 842 1602 876 etc.
1628 840 1694 888 qui
1722 846 1885 879 venerat
1920 843 1955 879 in
1988 844 2049 881 In-

1096 898 1223 936 sulam
1263 899 1417 938 Siciliae
1459 911 1550 938 cum
1589 900 1743 947 classe,
1781 904 2047 954 applicuitque

1096 962 1316 1011 Trapanam
1345 961 1408 999 die
1429 962 1492 1000 29.
1518 963 1687 1013 Augusti
1711 963 1786 1002 An.
1819 965 1920 1004 4282
1945 968 2047 1017 quod

1098 1023 1201 1061 illam
1232 1023 1355 1062 vellet
1394 1024 1466 1062 sibi
1497 1027 1677 1074 aquirere
1708 1027 1822 1065 titulo
1859 1028 2050 1067 Constan-

1097 1086 1174 1123 tiae
1198 1087 1334 1125 uxoris
1359 1097 1479 1134 suae,
1505 1087 1606 1126 filiae
1630 1089 1816 1128 Manfredi
1834 1091 1949 1140 Regis
1974 1091 2050 1131 Ca-

1099 1146 1212 1186 rolus
1238 1159 1295 1186 ec.
1320 1148 1359 1187 si
1379 1148 1424 1187 cle
1448 1160 1571 1188 sanae
1594 1150 1732 1189 mentis
1751 1163 1806 1190 cc.
1823 1153 1966 1191 Datum
1991 1165 2048 1192 ec.

1150 1211 1265 1248 XLV.
1297 1212 1449 1249 Literae
1481 1212 1580 1248 Petri
1607 1211 1653 1249 ad
1680 1213 1876 1252 eundern:
1907 1216 2048 1253 Petrus

1098 1276 1174 1311 otc.
1200 1271 1261 1310 De
1281 1275 1350 1310 tua
1378 1283 1522 1322 mayna
1544 1274 1778 1323 arroqantia
1802 1281 1875 1314 etc.
1902 1278 2044 1316 Datum

1097 1339 1172 1372 etc.
1201 1333 1376 1373 Carolus
1388 1334 1477 1385 jam
1500 1333 1584 1385 fere
1610 1339 1688 1373 tota
1712 1336 1843 1375 insula
1872 1337 2049 1389 empolia-

1076 1399 1161 1434 ¹tus
1201 1395 1338 1434 literas
1372 1400 1578 1446 sequentes
1607 1397 1713 1436 dedit
1749 1399 1802 1436 an
1834 1400 2044 1439 victorem:

1099 1457 1269 1497 Carolus
1293 1464 1367 1496 etc.
1396 1460 1508 1497 Petro
1531 1464 1603 1497 etc.
1633 1461 1687 1498 De
1719 1459 1903 1512 spelunca
1927 1474 2045 1513 quam

1098 1519 1296 1560 inhabitas
1321 1526 1395 1559 etc.

1150 1582 1284 1622 XLVI.
1310 1585 1461 1622 Literae
1488 1584 1589 1622 Petri
1621 1584 1666 1622 ad
1693 1585 1876 1624 eundem.
1901 1585 2047 1626 Petrus

1097 1650 1175 1684 etc.
1198 1644 1258 1684 De
1282 1644 1470 1696 spelunca
1491 1657 1611 1696 quam
1634 1645 1731 1685 (licis
1755 1651 1829 1685 etc.

1150 1709 1304 1746 Literae
1334 1708 1460 1747 Caroli
1491 1709 1738 1760 primogeniti
1760 1709 1938 1748 eiusdem
1974 1711 2048 1750 Ca-

1097 1769 1165 1808 roli
1197 1771 1343 1820 captivi
1370 1771 1483 1820 Regis
1504 1769 1746 1821 Aragoniae,
1776 1783 1894 1822 quam
1925 1776 2047 1823 capti-

1097 1832 1259 1870 vitatem
1292 1831 1441 1870 subivit
1479 1833 1514 1870 in
1553 1845 1681 1883 pugna
1721 1839 1812 1871 ante
1843 1836 2046 1875 civitatem

1096 1895 1391 1946 Neapolitanam
1409 1896 1620 1933 commissa
1640 1895 1686 1934 ad
1711 1897 1868 1934 Petrum
1886 1897 2044 1945 Regem.

1092 1957 1351 1996 Serenissimo
1378 1957 1553 2008 Principe
1568 1962 1644 1996 etc.
1661 1958 1859 2009 Inopinati
1879 1963 2040 2000 eventus

1092 2030 1210 2058 casus
1231 2018 1400 2072 fortuiti.
1424 2024 1500 2058 etc.

1145 2084 1299 2122 XLVII.
1328 2084 1478 2121 Literae
1516 2082 1689 2122 Eduardi
1723 2084 1839 2133 Regis
1882 2083 2044 2133 Angliae

1091 2145 1138 2184 ad
1165 2145 1412 2184 Clementem
1441 2146 1502 2184 VI.
1538 2151 1579 2184 ut
1611 2145 1838 2185 moderetur
1872 2147 2047 2184 eoeactio·

1089 2219 1159 2246 nes
1174 2207 1438 2259 pecuniarum
1459 2220 1533 2260 pro
1555 2207 1757 2258 beneficiis.
1784 2212 1819 2246 et
1832 2210 2045 2259 J'uspatro-

1086 2272 1202 2308 natus
1211 2269 1564 2309 restituantursuis
1582 2270 1766 2309 Dominis.
1786 2273 1925 2310 Datum
1941 2272 2043 2321 apud

1086 2332 1209 2370 Vasco
1238 2333 1457 2382 Septembri
1490 2344 1625 2371 mense
1655 2344 1758 2370 anno
1784 2332 1898 2372 4323.
1922 2335 2044 2383 Regni

1088 2395 1273 2433 Franciae
1303 2395 1337 2432 [ι.
1359 2394 1664 2444 Angliaoi7.(1n
1678 2394 1924 2433 Baluz.Misc.
1939 2396 2042 2441 Luc.)

1143 2457 1313 2495 XLVIII.
1341 2458 1434 2495 Jura
1464 2457 1664 2495 Ecclesiae
1693 2458 1801 2494 Rom.
1834 2458 1868 2493 in
1909 2458 2041 2502 Regno

1092 2518 1269 2556 Poloniae
1293 2530 1362 2568 pro
1386 2518 1544 2557 denario
1568 2519 1606 2557 S.
1633 2519 1732 2556 Petri
1754 2522 1792 2555 et
1821 2518 1906 2555 aliis
1938 2516 2042 2555 San-

1092 2580 1268 2618 ctissimo
1296 2580 1338 2618 in
1386 2579 1545 2619 Christo
1580 2585 1654 2617 etc.
1684 2579 1834 2618 Ioanni
1874 2579 2037 2617 Semimo

1091 2642 1276 2693 Pontifici
1319 2641 1521 2680 Henricus
1575 2641 1661 2680 Rex
1703 2639 1855 2678 Etesiae
1906 2641 2040 2679 haeres

1091 2704 1216 2754 Reqni
1237 2701 1428 2741 Potoniae
1445 2708 1520 2741 etc.
1544 2702 1595 2740 ad
1617 2702 1788 2753 aqendas
1810 2703 2037 2751 qratiarum

1089 2765 1240 2804 debitas
1267 2767 1439 2804 actiones
1468 2769 1544 2803 etc.
1585 2766 1727 2802 Datum
1772 2764 1968 2810 Colgoriiie
2000 2767 2036 2801 in

1088 2828 1219 2878 vigilia
1250 2827 1287 2866 S.
1319 2828 1481 2865 Ioannis
1511 2828 1708 2876 Baptistae
1739 2825 1811 2863 An.
1844 2826 1955 2864 1:323.

1140 2891 1263 2929 XLIX
1293 2889 1400 2928 Aliae
1432 2889 1565 2927 literae
1595 2889 1709 2938 Regis
1739 2887 1915 2926 I‘oloniae
1943 2898 2032 2925 cum

1088 2952 1348 3001 transumptis
1391 2949 1637 2988 diversorum
1682 2951 2034 2987 instrumentorum

1091 3019 1130 3054 et
1160 3012 1354 3052 Summus
1401 3011 1588 3062 Pontifex
1633 3011 1707 3049 sibi
1744 3010 1943 3061 provideat
1993 3011 2038 3049 dc

1090 3076 1274 3116 subsidiis
1292 3081 1433 3114 contra
1457 3075 1670 3112 Tamaros.-
1688 3072 1947 3111 sanctissimo
1962 3078 2036 3110 etc.

1092 3139 1246 3179 Joannt
1269 3143 1343 3176 etc.
1372 3136 1596 3176 Uladislaus
1622 3136 1707 3173 Res:
1730 3139 1807 3171 etc.
1829 3132 1931 3171 Cum
1949 3146 2039 3172 con-

1090 3208 1177 3241 stet.
1207 3203 1349 3240 Datum
1380 3200 1590 3237 Cracoviuc
1621 3199 1657 3234 in
1690 3196 1818 3240 vigilia
1855 3197 1921 3234 SS.
1954 3197 2037 3235 Tri-

1094 3265 1226 3303 nitatis
1255 3262 1315 3300 42.
1346 3261 1428 3299 Kal.
1447 3259 1564 3308 Junji.
1583 3259 1636 3306 (Iu
1655 3258 1786 3297 Baluz.
1804 3259 1908 3296 Misc.
1929 3259 2035 3306 Luc.)

1146 3327 1184 3364 1..
1217 3326 1532 3362 Instrumentum
1566 3320 1764 3370 publicum
1794 3322 2039 3370 protestatio-

1099 3390 1184 3427 nis.
1213 3385 1387 3424 videlicet
1417 3396 1464 3421 nc
1494 3394 1563 3435 per
1593 3382 1891 3433 acquisitionem
1925 3381 2038 3420 Wra-
