2533 4009
436 264 512 302 226

435 345 515 383 ipsc
547 335 664 372 frater
706 344 747 370 ac
794 317 986 368 Sacerdos
1018 329 1118 370 fuit.
1151 330 1199 380 ab
1230 332 1389 369 institu-

434 399 538 433 tione
567 394 724 431 Ordinis
755 393 829 429 An.
862 393 875 429 4
890 393 902 428 4
916 390 977 427 90.
1010 390 1056 429 ad
1091 392 1206 430 4326.
1245 391 1392 430 dicavi-

433 464 526 505 tqu?
556 466 641 493 cain
675 454 867 490 Wcrncro
898 451 945 488 dt·
977 451 1170 497 Orselm,
1196 454 1262 502 qui
1293 454 1396 491 Teu-

431 520 647 554 tonicorum
691 515 853 563 Eqitum
885 515 1070 563 Magister
1114 514 1188 552 fuit.
1229 514 1278 552 ab
1321 517 1396 553 An.

435 579 544 617 ¹325.
588 575 635 613 ad
679 576 794 612 4330.
834 577 945 614 llanc
979 587 1070 613 cum
1097 577 1395 614 continuatione

429 634 623 686 Anonymi
658 648 785 686 usquc
816 636 864 675 ad
895 637 938 674 A.
972 637 1087 675 1435.
1120 637 1266 676 additis
1293 639 1397 676 notis

425 707 542 749 atquc
573 698 931 736 dissertationibus
972 700 1079 737 xix.
1125 699 1398 750 Antiquitatcs

425 762 627 798 l‘russicas
655 761 956 800 illustrantibus
985 761 1108 800 edidit
1136 762 1397 813 Cliristoplio-

424 834 490 860 rus
534 822 850 870 llartknochius,
896 823 945 862 de
993 826 1170 863 llistoria
1211 827 1394 864 Prussica

421 890 475 921 tot
506 884 594 921 aliis
627 888 900 924 monumentis
936 887 1210 938 insignissime
1238 898 1397 938 promo-

420 947 531 983 ritus.
564 948 650 983 ιὕοι).
687 948 800 985 4679.
827 947 862 986 ⁷⁴.
890 948 974 986 Non
1002 960 1162 999 semper
1192 954 1281 988 tuto
1306 955 1392 988 sta-

421 1008 448 1045 ri
481 1007 555 1044 tide
595 1008 716 1057 liujus
747 1009 987 1059 Dusburgii,
1016 1010 1130 1049 docet
1156 1011 1260 1050 idem
1292 1013 1391 1051 llar-

419 1069 629 1108 tknochius
659 1072 697 1108 in
728 1082 846 1122 opere
875 1074 937 1111 cui
982 1073 1149 1112 titulus:
1195 1072 1269 1111 Alt
1308 1086 1392 1126 pun

419 1143 493 1169 neu
536 1133 734 1171 l'rcussen
778 1145 863 1183 pag.
894 1134 984 1173 284.
1015 1139 1055 1173 et
1086 1137 1388 1186 superstitioni-

419 1195 492 1233 bus
521 1206 616 1233 suac
647 1197 789 1234 aetatis
820 1197 986 1235 nimium
1020 1198 1237 1236 indulsisse
1271 1203 1381 1236 notat

418 1258 454 1293 ir.
485 1256 575 1294 hist.
607 1257 758 1295 Ecclcs.
791 1259 974 1297 Prussiae
1006 1260 1241 1299 Germanice
1269 1260 1374 1299 edita

419 1329 504 1368 pag.
532 1319 620 1357 489.
647 1320 737 1357 203.
764 1321 884 1358 otiam
911 1322 1116 1360 Pontificio
1139 1322 1298 1361 homine
1319 1322 1382 1372 ju-

420 1381 529 1426 dice,
556 1382 717 1420 Matthia
744 1382 959 1432 Strykovio
985 1385 1280 1432 Ossostevicio,
1310 1386 1385 1424 Ca-

420 1444 560 1480 nonico
589 1444 855 1493 Samogitensi
885 1445 949 1483 lib.
983 1445 1020 1483 7.
1051 1446 1190 1485 histor.
1223 1447 1384 1486 Litliua-

421 1505 536 1552 niae,
568 1505 672 1543 edita
706 1506 886 1545 Polonice
915 1518 999 1557 cap.
1026 1508 1062 1545 2.
1096 1520 1131 1558 p.
1163 1509 1254 1548 287.
1297 1521 1367 1562 seq

425 1565 500 1603 Sed
534 1566 700 1604 sortasse
744 1579 820 1605 non
865 1579 966 1619 opus
1004 1574 1066 1607 est
1096 1571 1188 1609 talia
1219 1576 1381 1619 notare,

422 1628 681 1677 scriptoribus
728 1629 881 1668 illorum
914 1634 1137 1681 temporum
1176 1643 1382 1683 propemo-

423 1689 518 1728 dum
551 1693 804 1739 communia,
835 1698 875 1730 et
907 1694 1087 1740 Lectori,
1117 1696 1180 1733 cui
1210 1705 1278 1732 cor
1320 1706 1382 1733 sa-

423 1752 503 1800 pit,
537 1752 647 1790 facilc
678 1764 747 1802 por
777 1764 819 1791 sc
850 1753 1113 1793 observanda.

477 1814 670 1852 PETRUS
698 1813 744 1852 (le
765 1812 901 1852 Ebano
933 1817 1103 1867 scriptor
1123 1818 1380 1868 expositionis

431 1875 469 1912 ιἰι
494 1874 750 1914 Problemata
771 1877 1020 1925 Aristotelis,
1042 1890 1162 1928 quam
1185 1881 1384 1918 Manuscr.

424 1943 617 1976 memorat
635 1938 839 1977 Sandcrus
856 1945 882 1977 t.
900 1940 923 1977 2
941 1940 1225 1992 Bibl.Belgicae
1242 1953 1276 1991 p.
1296 1944 1385 1981 455.

475 2000 494 2021 ³*
525 1999 717 2038 PETRUS
758 2000 807 2038 dc
852 2000 988 2039 Ebano
1034 2013 1106 2041 seu
1154 2004 1296 2042 Petrus
1338 2003 1387 2041 de

419 2059 556 2098 Abano
585 2062 699 2099 cuius
729 2067 839 2112 gesta
870 2063 1030 2113 librosq.
1071 2063 1199 2102 editos
1229 2075 1274 2103 ac
1306 2066 1387 2102 inc-

422 2123 526 2161 ditos
555 2124 774 2160 recensitos
819 2123 930 2174 legas
973 2126 1076 2163 inter
1118 2127 1309 2175 opuscula
1349 2128 1386 2165 P.

419 2185 607 2234 Calogcrii
638 2185 821 2223 xxxiii.
853 2187 1059 2236 Expositio
1090 2187 1384 2238 problematum

420 2247 580 2295 saepius
623 2257 770 2284 excusa
816 2252 902 2290 cst,
944 2259 989 2287 ac
1040 2251 1211 2298 primum
1244 2250 1386 2300 prodiit

421 2308 603 2345 Mantuae
632 2318 695 2345 an.
727 2308 830 2347 4475
861 2310 897 2346 in
923 2309 985 2348 fol.
1014 2322 1118 2350 max.
1143 2311 1239 2350 Vide
1265 2322 1386 2361 supra

422 2369 616 2407 PETRUS
645 2367 692 2406 cle
721 2369 867 2420 Apono.

474 2430 664 2469 PETRUS
682 2430 910 2471 Electensz's.
931 2432 1027 2471 Vide
1049 2433 1177 2484 Supra
1203 2464 1212 2483 ,
1235 2433 1384 2473 Petras

422 2492 448 2529 Λ
458 2490 534 2529 mel
538 2491 613 2530 ius.

475 2555 666 2594 PETRUS
696 2554 899 2604 Falacha,
931 2558 1141 2607 (corrupte
1172 2559 1379 2607 Ferracia,

422 2615 620 2663 I·'0racl1a‚
652 2618 876 2666 Farracha)
903 2618 951 2656 de
973 2620 1099 2658 Janua
1131 2620 1217 2657 sive
1247 2620 1382 2658 Genu-

421 2678 548 2725 cnsis)
582 2679 697 2729 Ligur
726 2680 821 2718 Ord.
871 2680 1009 2719 Pracd.
1038 2682 1236 2719 Diffinitor
1265 2683 1381 2720 Lom-

421 2739 578 2777 bardiac
625 2743 866 2790 superioris,
897 2742 999 2781 diem
1031 2743 1127 2781 obiit
1156 2744 1230 2782 An.
1261 2744 1375 2782 4326.

422 2800 596 2851 Scriptor
628 2802 857 2852 Compendii
878 2803 1070 2841 donorum
1097 2803 1160 2842 vel
1189 2803 1376 2843 bonorum

422 2863 507 2899 sive
537 2873 718 2901 summae
749 2866 931 2914 copiosae
953 2865 999 2903 ad
1026 2876 1166 2903 omnes
1193 2868 1378 2904 materias

422 2934 491 2971 per
520 2925 790 2975 alphabetum.
832 2926 929 2964 Vide
958 2927 1148 2965 Jacobum
1185 2927 1322 2972 Quetif
1349 2931 1377 2965 t.

431 2986 438 3021 l
479 2998 564 3034 [fiij-¹.
595 2988 683 3025 3559,

478 3048 730 3088 P1·;‘rut†s‹le
757 3049 887 3096 Falco,
913 3050 1081 3100 scriptor
1097 3051 1378 3099 quaestionum

425 3106 712 3155 disputaturum
734 3113 769 3148 in
790 3113 1087 3150 Sententiarum
1111 3111 1248 3159 libros,
1279 3121 1379 3161 quas

425 3168 711 3219 ,manuscriptas
744 3178 938 3211 memorat
978 3173 1183 3212 Sandorus
1215 3174 1251 3210 in
1285 3171 1378 3211 Bibl.

425 3227 576 3274 Belgica
610 3237 702 3269 tom,
736 3236 748 3271 'l
787 3247 823 3284 p,
856 3236 943 3272 469,

482 3363 516 3391 a)
544 3359 610 3390 Non
637 3359 711 3390 1581
750 3366 781 3392 ur
804 3372 860 3401 per
885 3374 1030 3397 errorem
1057 3367 1176 3398 calami
1211 3373 1308 3406 supra
1328 3370 1350 3397 t.
1368 3366 1387 3395 ⁶.)

1288 258 1571 298 PETRUS

1517 329 1709 368 PETRUS
1757 330 2003 371 Ferdr‘namli
2049 335 2136 371 sivo
2179 332 2417 372 Fernandez

1468 389 1582 442 (aliis
1611 390 1871 435 Fer-raudus)
1899 396 2025 434 Patria
2049 395 2258 434 Gallaecus
2282 396 2420 446 Hispa-

1471 463 1547 492 nus
1575 452 1670 491 Ord.
1711 454 1833 492 Pracd
1891 461 1979 505 post
2020 457 2166 496 saeculi
2200 458 2308 496 XIII.
2338 468 2419 496 me-

1470 514 1607 563 dium,
1657 516 1816 566 scripsit
1867 516 1990 555 Vitam
2033 520 2072 558 S.
2122 518 2338 567 Dominici,
2384 522 2423 557 et

1474 575 1712 616 chronicam
1756 576 1941 628 Ordinis,
1977 580 2198 630 incipiendo
2240 583 2261 620 a
2306 582 2420 620 Patre

1472 639 1675 678 Dominieo
1710 650 1836 689 usque
1865 639 1912 678 ad
1945 642 2067 680 vitam
2095 643 2301 682 Generalis
2343 644 2421 682 Ma-

1471 701 1581 750 gistri
1628 700 1813 750 OrdiniS‚
1854 702 2072 740 Humberti.
2115 703 2261 742 Neutra
2290 703 2420 743 adhuc

1471 762 1598 801 lucem
1632 763 1754 810 vidit,
1787 775 1858 802 nec
1887 764 2054 802 fortasse
2079 764 2270 805 Chronica
2290 765 2422 804 divor·

1470 835 1512 862 sa
1533 827 1555 863 a
1576 826 1661 864 Vita
1687 826 1722 863 S.
1750 827 1940 864 Dominici
1967 837 2068 876 quae
2093 826 2254 876 incipit:
2279 828 2321 865 B.
2347 828 2421 865 Do-

1468 886 1636 925 mc‘nicus
1664 886 1795 926 adhuc
1818 886 2016 938 puerulus
2044 885 2118 926 sub
2147 887 2318 927 nutricis
2354 899 2422 927 cu-

1466 948 1594 988 stodia
1630 950 1877 988 constitutus.
1921 950 2020 989 Vide
2047 950 2239 989 Jacobum
2275 950 2420 996 Quetif.

1464 1016 1489 1048 t.
1513 1013 1525 1050 4
1551 1023 1587 1062 p.
1602 1011 1692 1051 427.
1708 1015 1748 1049 et
1765 1012 1846 1051 Nic.
1863 1012 2081 1051 Antonium
2094 1016 2121 1050 t.
2138 1012 2161 1051 2
2176 1011 2422 1063 Bibl.Hispa-

1464 1074 1573 1112 nicae
1605 1075 1752 1112 veteris
1782 1085 1819 1124 p.
1851 1074 1912 1112 46.
1943 1073 2039 1112 Vide
2068 1084 2188 1124 supra
2205 1078 2231 1111 t.
2251 1073 2284 1112 u
2304 1073 2392 1114 462.

1517 1135 1711 1174 PETRUS
1753 1134 1999 1174 Flandrz'nus
2040 1135 2315 1184 vivariensis,
2345 1136 2420 1174 Do-

1461 1201 1546 1235 ctor
1595 1197 1881 1246 Decretorum‚
1927 1199 2114 1237 Decanus
2162 1197 2419 1248 Baj00ensis,

1461 1260 1551 1298 inde
1580 1260 1735 1300 auditor
1777 1260 1877 1298 sacri
1916 1259 2050 1299 Palatii
2081 1262 2121 1298 et
2150 1260 2200 1298 ab
2228 1260 2274 1299 A.
2305 1260 2420 1300 4374.

1459 1322 1680 1361 Cardinalis
1723 1323 1764 1361 S.
1808 1322 2037 1372 Eustachii,
2069 1322 2285 1362 defunctus
2315 1321 2422 1361 Ave-

1461 1385 1576 1423 nione
1607 1384 1722 1423 4384.
1753 1384 1815 1423 23.
1847 1386 1932 1424 Jan.
1964 1384 2013 1423 de
2043 1395 2121 1435 quo
2151 1389 2196 1423 ut
2225 1384 2326 1423 solet
2357 1395 2422 1423 ac-

1435 1438 1595 1484 'curate
1623 1446 1811 1486 Baluzius
1854 1448 1893 1484 in
1939 1446 2044 1486 notis
2073 1447 2121 1485 ad
2155 1447 2257 1485 vitas
2302 1447 2422 1497 Papa-

1458 1519 1545 1546 rum
1568 1507 1910 1548 Avenionensium
1928 1538 1936 1555 ‚
1954 1509 2167 1559 praecipue
2188 1519 2275 1559 pag.
2302 1508 2418 1547 4404.

1457 1580 1539 1619 seq.
1572 1570 1739 1620 Scripsit
1788 1570 1834 1609 A.
1879 1571 1996 1610 4378.
2041 1571 2076 1621 a)
2120 1573 2333 1609 tractatum
2375 1568 2423 1608 de

1459 1631 1640 1681 Papatu,
1672 1633 1757 1671 sive
1799 1631 1845 1670 de
1885 1631 1992 1684 facto
2023 1631 2250 1671 schismatis
2280 1635 2318 1670 et
2346 1629 2422 1669 im-

1451 1691 1697 1742 pressionis,
1743 1705 1813 1744 pro
1858 1694 2066 1732 Clemente
2097 1694 2176 1732 Vll.
2222 1691 2422 1731 adversus

1458 1754 1692 1792 electionem
1718 1755 1864 1795 Urbani
1891 1756 1940 1794 VI
1975 1755 2026 1794 id.
2046 1766 2132 1806 pag.
2160 1755 2278 1795 4292.
2305 1754 2425 1794 4408.

1461 1814 1576 1854 4440.
1607 1817 1909 1867 &sponsionem
1951 1817 2005 1855 ad
2046 1815 2280 1868 objectiones
2311 1815 2426 1855 Petri

1459 1875 1756 1929 Arclziepiscopi
1786 1878 1959 1917 Toletani
1985 1879 2034 1918 ib.
2065 1890 2152 1930 pag.
2185 1879 2301 1917 4444.

1515 1940 1707 1979 PETRUS
1738 1940 1972 1989 Forracha,
2003 1952 2150 1992 supra,
2176 1941 2325 1980 Petrus
2345 1941 2424 1979 Fa-

1466 1998 1592 2039 lacha.

1518 2063 1707 2102 PETRUS
1727 2062 1947 2113 Galatinus,
1966 2075 2086 2115 supra
2103 2068 2130 2103 t.
2149 2064 2173 2103 3
2191 2076 2228 2115 ρ.
2252 2065 2288 2103 6.

1517 2124 1713 2164 PETRUS
1744 2124 1910 2174 Gallus,
1943 2127 2041 2165 infra
2070 2125 2218 2166 Petrus
2260 2125 2422 2166 Mallea-

1463 2196 1604 2224 censrs.

1515 2247 1708 2286 PETRUS
1739 2247 2019 2300 Garnenqius,
2050 2250 2282 2289 Armoricus
2311 2251 2420 2289 Brito

1460 2309 1766 2349 Carmelitarum
1814 2311 1920 2362 apud
1968 2313 2224 2351 Turonenses
2259 2313 2422 2350 Provin-

1459 2372 1595 2419 cialis,
1625 2372 1840 2412 defunctus
1884 2375 1917 2412 si
1961 2375 2224 2413 Possevinum
2256 2377 2296 2412 et
2323 2374 2422 2413 Vos-

1458 2435 1562 2472 sium
1593 2445 1629 2484 p.
1661 2434 1749 2472 807.
1781 2435 2021 2486 audiamus,
2053 2435 2098 2474 A.
2130 2434 2248 2475 4474.
2272 2436 2304 2474 si
2329 2435 2420 2474 Ale-

1457 2496 1586 2546 grium
1609 2508 1696 2547 pag.
1724 2497 1814 2536 376.
1831 2496 1877 2534 A.
1905 2498 2021 2536 4499.
2048 2497 2201 2548 Scripta
2226 2496 2314 2546 ejus
2339 2507 2421 2535 me-

1457 2563 1608 2597 morata
1640 2560 1855 2597 possevino
1885 2563 2008 2607 sunt,
2043 2558 2207 2598 Ordinis
2247 2559 2308 2597 sui
2353 2557 2421 2596 de-

1455 2620 1546 2658 inde
1577 2625 1616 2659 et
1645 2621 1854 2660 Ecclcfflae
1884 2621 2076 2660 historiar
2107 2621 2287 2660 Censura
2317 2620 2419 2659 Con-

1454 2682 1727 2721 stitutionum.
1760 2683 1985 2721 Conciones
2014 2682 2062 2720 ad
2094 2682 2269 2721 Clerum.

1501 2743 1520 2765 ³*
1553 2743 1748 2783 PETRUS
1779 2742 1950 2782 Garsz‘as
1974 2743 2205 2782 valentinas
2231 2743 2269 2782 S.
2290 2742 2415 2782 Theo-

1451 2805 1573 2854 logiae
1605 2806 1793 2855 magister
1823 2805 2054 2843 Parisiensis
2084 2804 2306 2854 Episcopus
2342 2805 2414 2844 Us-

1450 2866 1635 2904 scllensis
1680 2868 1716 2904 in
1748 2866 1926 2905 Sardinia
1970 2865 2035 2904 Ad
2073 2866 2143 2905 SS.
2177 2867 2335 2905 Patrem
2377 2869 2415 2905 et

1454 2927 1560 2964 Dom.
1594 2927 1860 2965 Innocentium
1891 2926 2046 2978 Papam
2077 2927 2179 2966 VIII.
2225 2926 2416 2965 Determi-

1452 2988 1629 3026 nationes
1657 2987 1911 3039 mayz'slrales
1959 2991 2098 3027 contra
2146 2987 2416 3027 conclusiones

1452 3048 1685 3101 Apoloyales
1700 3051 1756 3088 Jo.
1773 3050 1855 3088 Pici
1872 3049 2154 3089 B‘Iz'raudulam‘
2172 3048 2416 3090 Concordiae
2467 3059 2471 3062 ·

1455 3110 1592 3150 comit.
1637 3111 1854 3163 impressae
1884 3113 2028 3150 Romae
2052 3122 2129 3162 per
2165 3110 2413 3150 Eucharium

1454 3171 1587 3211 Sllber
1614 3172 1719 3211 alias
1764 3173 1922 3211 'Franch
1964 3173 2125 3212 natione
2153 3172 2413 3212 Alamannam

1459 3232 1510 3271 ab
1539 3233 1612 3273 Λη.
1643 3247 1680 3273 η.
1712 3235 1839 3275 Salut.
1863 3234 1980 3275 4489.
2009 3234 2028 3257 *

1451 3374 1524 3404 pag.
1545 3366 1620 3398 585.
1640 3371 1643 3374 '
