2533 4009
454 204 528 241 6:⁰¹8

452 285 540 312 eum
564 268 860 310 moderatiorem
876 265 914 317 in
933 261 1177 311 amplissima
1200 259 1389 296 futurum.

506 331 675 372 Habendi
701 332 794 367 sunt
830 331 1046 377 praeterea,
1084 323 1150 372 qui
1189 321 1234 373 ad
1262 320 1394 358 dome·

459 398 577 434 stieos
611 403 719 433 usus,
762 389 1086 436 necessariasque
1123 384 1396 434 apparationes

449 458 658 496 sufficiant,
688 463 855 503 qnorum
886 450 930 487 ed
956 448 1138 497 dignitas,
1164 451 1203 483 et
1223 443 1394 482 conditio

448 526 529 559 tum
550 519 594 557 ad
620 517 840 556 facultates,
859 519 941 552 tum
965 511 1010 550 ad
1031 510 1137 560 regni
1156 507 1394 557 dignitatem

449 584 520 621 erit
546 577 765 619 reserenda.
788 579 917 626 Atque
954 586 1025 625 ego
1064 583 1158 611 sane
1192 571 1395 621 pauciores

449 636 578 694 potius
599 640 815 679 sumendos
836 650 924 677 esse.
955 636 1165 681 suaserim,
1193 643 1312 683 quam
1345 633 1394 668 ita

454 705 610 752 multos,
633 709 676 743 ut
699 714 833 741 eorum
860 699 1054 739 commodi
1078 698 1301 746 prospieere
1329 705 1394 731 ne-

453 778 590 818 queas.
611 766 708 812 Quis
729 766 832 803 enim
861 761 1137 812 praestabilius
1163 769 1251 796 esse
1276 757 1397 795 ambi-

451 835 527 881 gat,
562 830 764 881 pauciores
808 826 950 864 babere
994 824 1059 874 qui
1103 822 1227 870 bene,
1275 829 1394 870 quam

450 894 595 945 plures,
620 894 685 942 qui
710 890 809 929 male
851 899 986 927 seeum
1026 887 1086 936 agi
1135 879 1401 934 praedicent?

453 958 767 997 Pretiosissimus
784 955 955 997 omnino,
974 951 1399 1001 elegantissimumquc

454 1018 736 1070 suppellectilis
765 1027 890 1068 genus
914 1020 974 1053 est
1001 1018 1262 1064 praestantes,
1293 1018 1332 1051 et
1353 1012 1398 1051 ad

454 1093 517 1121 res
546 1081 720 1133 agendas
743 1077 1060 1119 accommodatos
1092 1076 1234 1114 habere
1269 1076 1402 1114 dome-

454 1146 585 1182 sticos.
604 1144 680 1182 Nec
702 1149 850 1181 temere
876 1152 902 1196 a·
918 1140 1141 1178 senioribus
1163 1143 1398 1188 usurpatum

453 1211 525 1252 est,
546 1206 648 1256 quod
679 1204 759 1255 jam
788 1206 824 1242 in
849 1203 1043 1254 proverbii
1066 1200 1398 1240 consuetudinem

454 1271 574 1310 venit,
591 1279 713 1307 unum
741 1267 939 1305 hominem
960 1264 1156 1303 interdum
1187 1264 1291 1302 mille
1314 1263 1400 1300 aliis

450 1331 629 1381 aequari,
664 1335 703 1367 et
737 1329 953 1379 comparari
992 1338 1119 1377 posse.
1158 1325 1278 1375 ldque
1319 1335 1402 1363 sae-

452 1394 613 1443 pissime
633 1391 806 1430 vidimus
831 1390 876 1429 ad
903 1388 1187 1440 procurandam
1211 1388 1402 1427 fortunae.

449 1465 494 1492 ac
517 1453 721 1505 dignitatis
745 1454 1012 1492 accessionem
1042 1451 1243 1488 nonnullis
1262 1449 1403 1500 prinei-

452 1516 579 1566 pibus,
600 1516 777 1562 singulos
799 1519 954 1553 tantum
979 1513 1204 1557 familiares,
1227 1518 1266 1549 et
1293 1521 1402 1549 sum-

452 1590 512 1616 ma
535 1577 755 1627 prudentia,
775 1582 813 1615 et
835 1578 991 1627 egregia
1025 1575 1099 1613 lide
1124 1573 1320 1624 praeditos
1344 1584 1403 1611 sa-

454 1642 504 1678 tis
530 1641 663 1679 fuisse.
693 1652 816 1690 quare
849 1639 1094 1677 fortunatum
1123 1636 1230 1674 illum
1259 1637 1401 1683 Regem

455 1712 559 1750 esse,
593 1707 631 1740 et
657 1703 735 1739 Deo
766 1702 1016 1739 carissimum
1045 1699 1273 1736 existimare
1304 1697 1405 1744 licet,

451 1765 512 1802 cui
539 1769 646 1802 tanta
675 1764 816 1813 ingenii
860 1763 916 1800 xis
941 1762 1031 1799 data
1058 1765 1132 1806 est,
1169 1765 1223 1804 ut,
1260 1759 1321 1797 cui
1352 1759 1404 1795 rei

456 1835 616 1864 suorum
648 1827 818 1876 quisquc
848 1826 1080 1875 aptissimus
1101 1823 1164 1866 sit,
1190 1820 1405 1872 dijudicare

457 1890 593 1939 possit.
644 1887 702 1926 Ad
748 1899 866 1938 quam
923 1886 1163 1924 sententiam
1215 1886 1404 1933 ingeniosi

461 1955 598 2001 poetae
614 1961 772 1988 carmen
800 1961 875 1987 non
901 1949 1001 1986 male
1023 1946 1407 1986 accommodaveris:

489 2012 683 2064 Principis
703 2019 759 2051 esc
784 2011 911 2051 virtus
932 2011 1115 2048 maaez'ma
1138 2020 1249 2047 nosse
1272 2019 1383 2047 suos.

460 2075 554 2114 Nam
588 2077 659 2112 nisi
691 2086 779 2113 aere
831 2076 866 2112 in
912 2072 1174 2113 discernendo
1214 2072 1407 2122 judicium

461 2137 576 2183 adsit,
627 2138 671 2175 iis
716 2137 949 2187 plerumque
1002 2135 1410 2174 administrationibus

463 2200 638 2238 nonnulli
684 2199 993 2250 praeficiuntur,
1033 2211 1051 2237 a
1083 2198 1228 2248 quibus
1273 2209 1408 2236 eorum

463 2274 620 2311 mores,
645 2268 683 2300 et
709 2268 845 2301 natura
869 2273 1030 2313 prorsus
1055 2262 1268 2308 abhorret,
1300 2266 1339 2298 et
1364 2260 1412 2298 ab

464 2327 509 2364 iis
538 2331 844 2364 summoventur
868 2325 956 2373 alii,
989 2324 1034 2362 ad
1068 2335 1167 2374 quas
1196 2326 1291 2362 mira
1315 2334 1412 2373 qua-

462 2386 551 2426 dam
582 2387 815 2426 dexteritate
846 2389 1027 2438 propensi
1079 2388 1328 2426 ferebantur:
1362 2398 1410 2424 ex

463 2462 541 2501 quo
576 2450 642 2496 fit,
674 2455 714 2489 ut
754 2451 880 2488 neutri
926 2450 973 2487 de
1019 2451 1121 2500 Rege
1168 2448 1412 2488 benemereri

466 2513 635 2551 valeant.
665 2512 786 2563 ldque
819 2513 990 2551 maxime
1030 2513 1065 2550 in
1112 2514 1165 2550 rei
1215 2512 1416 2550 familiaris

464 2574 737 2613 distributione
773 2577 976 2625 contingit.
1016 2574 1126 2613 Unde
1171 2577 1275 2613 enim
1319 2574 1418 2612 alter

466 2637 616 2676 modico
647 2644 807 2688 sumptu
835 2649 1020 2688 magnum
1048 2638 1195 2688 regenti
1229 2637 1416 2674 honorem

466 2700 864 2740 conciliaverit:alter
879 2712 968 2739 cum
993 2701 1139 2752 majore
1164 2702 1283 2739 etiam
1310 2701 1419 2750 copia

467 2764 733 2813 ignominiam,
750 2774 794 2802 ac
810 2762 983 2802 dedecus
1001 2774 1288 2814 saepenumero
1313 2774 1419 2801 com-

468 2825 631 2876 parabit.
645 2825 857 2874 Diligenter
873 2827 990 2876 igitur
1009 2828 1141 2869 etiam,
1165 2831 1284 2876 atque.
1302 2827 1419 2864 etiam

467 2888 797 2926 considerandum
833 2890 930 2936 erit,
956 2891 1115 2939 quinam
1149 2889 1195 2927 ad
1235 2890 1421 2939 principis

469 2962 565 2991 usus
598 2951 874 2991 adhibeantur:
921 2953 955 2990 in
982 2953 1126 3003 quibus
1155 2951 1346 3001 eligendis
1385 2951 1420 2988 id

469 3016 715 3065 potissimum
747 3016 913 3065 spectari
945 3015 1114 3062 debebit,
1140 3026 1187 3053 an
1231 3025 1293 3051 res
1326 3024 1420 3051 suas

470 3077 568 3114 bene
597 3078 817 3127 gesserint:
848 3089 935 3115 nam
968 3080 1032 3128 qui
1066 3090 1136 3117 sua
1169 3077 1269 3116 male
1299 3077 1421 3115 admi-

472 3141 724 3186 nistraverit,
756 3140 860 3178 bunc
891 3141 926 3177 in
958 3142 1096 3179 alienis
1122 3140 1419 3191 prudentiorem

476 3200 553 3239 soie
583 3202 870 3252 desperandum
904 3209 977 3240 est.

529 3263 604 3301 Sed
637 3265 746 3302 multi
796 3265 970 3314 profecto
1004 3265 1039 3303 in
1075 3265 1146 3303 hac
1189 3265 1420 3304 facultatum

475 3323 765 3374 dispensatione
796 3327 1054 3365 veliementer
1084 3333 1246 3374 errant,
1277 3332 1316 3365 et
1357 3337 1424 3364 ex-

479 3391 647 3425 tremum
675 3390 775 3427 aliud
805 3391 864 3427 alii
887 3391 1231 3438 complectuntur:
1260 3389 1426 3427 nonnul-

966 157 1398 239 *DIOMEDIS
1445 182 1828 223 CARAFFAE

1471 255 1527 293 los
1557 256 1661 292 enirn
1695 257 1883 305 reperies,-
1911 256 1977 307 qui
2009 256 2106 295 adeo
2136 267 2217 295 rem
2259 256 2421 296 familia·

1471 327 1554 354 rem
1574 315 1775 363 claudant,
1800 322 1842 356 ut
1865 330 1939 356 non
1967 319 2094 358 dicam
2117 318 2164 357 ad
2195 330 2258 357 res
2279 318 2424 371 justas,

1472 377 1540 416 sed
1575 389 1623 415 ne.
1654 378 1700 415 ad
1735 383 1980 420 necessarias
2011 381 2172 431 quidem
2215 383 2424 432 aperiant3

1472 445 1512 478 et
1542 440 1759 485 struendiS,
1797 444 2177 494 accumulandisque,
2223 444 2425 494 pecuniis,

1474 507 1622 549 noctes,
1653 503 1817 553 diesque
1855 510 1958 543 totas
1988 516 2030 544 se
2073 506 2233 551 dedant,
2277 506 2427 556 reliqua

1468 565 1599 602 omnia
1631 565 1906 616 negligentes:
1937 579 2013 617 quo
2043 568 2136 618 quid
2169 568 2316 606 bomini
2356 568 2429 606 mi-

1472 627 1600 665 serius
1630 627 1807 666 accidere
1838 630 1989 678 possit,
2020 641 2095 668 non
2123 631 2323 681 intelligo,
2357 640 2428 668 uec

1473 689 1578 727 aliud
1610 689 1658 728 de
1689 691 1735 728 iis
1765 690 2048 741 suspicandum
2081 698 2185 743 puto,
2216 703 2334 743 quam
2365 691 2430 730 Di-

1475 752 1564 790 vina
1597 752 1649 790 ira
1681 764 1771 791 esse
1817 753 1889 792 hac
1932 764 2055 804 paena
2102 754 2340 800 mulctatos,
2386 756 2430 792 ut

1477 814 1588 852 bonis
1618 816 1701 854 suis
1734 816 1804 855 l'rui
1838 818 2047 864 nesciant3
2079 816 2147 854 sed
2180 817 2226 854 iis
2249 815 2431 854 sordibus

1477 877 1651 915 immersi
1685 880 1804 917 vitam
1834 878 1891 931 (si
1922 879 2001 917 vita
2031 882 2093 917 est
2131 879 2261 930 potius
2306 877 2430 916 nomi-

1479 941 1633 987 nanda,
1664 953 1784 991 quam
1816 943 2037 981 viventium
2069 940 2300 991 sepultura)
2324 942 2432 978 tran-

1477 1006 1631 1055 sigant:
1663 1005 1728 1054 qui
1762 1009 1804 1043 ut
1836 1014 2022 1043 nummos
2054 1002 2296 1054 possideant,
2326 1011 2429 1052 quos

1476 1068 1589 1118 quasi
1621 1068 1721 1105 Deos
1751 1076 1845 1106 suos
1876 1071 2148 1114 venerantur,
2182 1068 2222 1103 et
2265 1063 2427 1110 colunt,

1477 1140 1564 1168 sese
1597 1129 1780 1176 Diabolo,
1811 1134 1851 1167 et
1879 1128 2045 1180 Angelis
2072 1127 2186 1180 ejus,
2223 1127 2262 1165 in
2307 1125 2433 1164 servi-

1478 1196 1602 1231 tutem
1632 1192 1921 1242 mancipantur.

1530 1254 1603 1293 Alii
1634 1259 1768 1294 contra
1802 1255 1852 1292 ita
1884 1254 1977 1304 largi
2009 1256 2130 1300 sunt,
2162 1256 2206 1291 ut
2251 1249 2430 1290 redditus

1479 1326 1573 1354 suos
1605 1318 1666 1354 vix
1700 1316 1793 1354 dum
1825 1315 2015 1354 collectos
2060 1325 2179 1365 quam
2225 1313 2432 1352 celerrime

1478 1378 1742 1429 profundant.
1773 1384 1893 1428 atque
1923 1376 2121 1428 abjiciant.
2165 1375 2250 1422 Quo
2286 1375 2357 1424 fit,
2391 1379 2434 1414 ut.

1478 1453 1567 1480 cum
1601 1442 1699 1479 bona
1731 1451 1801 1479 sua
1836 1440 2155 1490 profligaverint‚
2188 1438 2312 1478 multa
2345 1449 2439 1478 con-

1479 1509 1536 1542 tra
1571 1504 1703 1553 leges,
1748 1502 2084 1552 honestatemque
2128 1500 2436 1552 aggrediantur,-

1481 1572 1523 1604 ut
1554 1567 1628 1604 sub
1659 1566 1790 1614 aliquo
1822 1569 2063 1614 praetextu,
2105 1563 2245 1602 alienis
2291 1574 2434 1602 manus

1482 1629 1624 1666 inferre
1657 1629 1821 1678 possint.
1852 1626 1962 1672 Quae
1992 1625 2154 1676 quidem
2186 1627 2219 1664 si
2259 1625 2435 1676 indigem

1483 1691 1613 1736 tibuS,
1645 1695 1713 1728 aut
1745 1692 1789 1727 iis
1820 1690 1990 1735 saltem,
2019 1699 2118 1738 quos
2148 1688 2196 1727 de
2226 1699 2270 1727 se
2313 1688 2431 1727 bene-

1483 1755 1645 1789 meritos
1676 1753 1881 1799 sentiunt,
1911 1754 2145 1801 erogarent,
2167 1750 2298 1800 aliquo
2320 1749 2435 1788 modo

1485 1813 1690 1851 ferendum
1725 1812 1944 1851 videretur.
1965 1813 2103 1859 Nunc,
2133 1814 2245 1863 quasi
2277 1813 2441 1851 amaris-

1485 1877 1581 1914 sima
1613 1876 1765 1914 sarcina
1797 1886 2013 1913 exonerare
2042 1885 2085 1913 se
2114 1876 2302 1924 cupiant,
2330 1885 2440 1924 prae-

1485 1938 1589 1988 cipiti
1623 1939 1711 1986 via,
1745 1939 1945 1987 variisque
1968 1939 2167 1976 vitiorium
2190 1936 2437 1976 diverticulis

1487 2001 1619 2037 statim
1652 2011 1672 2038 a
1703 2010 1745 2037 se
1775 1999 1934 2037 divitias
1963 2010 2103 2037 omnes
2133 1998 2288 2049 abigere
2329 1999 2437 2037 festi-

1487 2067 1607 2101 nant:
1641 2072 1767 2112 neque
1801 2061 2025 2111 intelligunt
2055 2063 2090 2098 in
2122 2071 2190 2099 eos
2226 2060 2438 2111 aliquando

1486 2135 1529 2163 se
1560 2130 1782 2174 temporum
1813 2135 1932 2163 casus
1969 2122 2168 2167 incidere,
2216 2124 2252 2160 in
2295 2121 2440 2173 quibus

1488 2199 1563 2226 non
1604 2189 1731 2227 solum
1779 2187 1962 2234 lionoris,
2007 2186 2321 2237 dignitatisque,
2365 2183 2434 2225 sed

1489 2253 1611 2301 ipsius
1641 2253 1760 2290 etiam
1794 2251 1944 2300 imperii
1973 2249 2170 2301 jacturam
2215 2249 2386 2299 faciant,
2417 2259 2440 2287 a

1489 2325 1564 2364 qua
1595 2315 1625 2352 si
1658 2325 1700 2351 se
1731 2313 1924 2351 redimere
1957 2316 2188 2363 nequeunt,
2219 2311 2314 2351 nulli
2359 2311 2444 2360 rei,

1492 2378 1563 2414 nisi
1582 2377 1758 2415 effusioni
1778 2375 2039 2414 stultissimae
2066 2373 2342 2425 imputandum
2369 2376 2444 2412 est.

1492 2439 1564 2485 Qui
1598 2450 1691 2477 vero
1723 2439 2033 2477 mediocritatem
2082 2439 2118 2476 in
2171 2437 2277 2476 hisce
2323 2436 2445 2474 rebus

1492 2507 1628 2540 tenere
1657 2507 1850 2552 possunt,
1884 2503 1905 2539 ii
1937 2505 2057 2548 sunt,
2087 2500 2155 2551 qui
2199 2499 2364 2550 populos
2405 2509 2446 2536 o-

1495 2569 1614 2616 ptime
1647 2569 1788 2615 regunt
1807 2595 1817 2612 ,
1849 2569 1888 2602 et
1917 2564 2087 2602 summis
2117 2561 2305 2601 efferendi
2343 2563 2439 2599 sunt

1496 2628 1691 2667 laudibus
1720 2630 1815 2668 Nam
1860 2629 1963 2666 sicut
2009 2625 2190 2678 prodigos
2232 2635 2322 2663 esse
2367 2634 2443 2662 non

1495 2694 1707 2740 convenit,
1740 2693 1788 2730 ita
1822 2689 2004 2741 fugienda
2049 2692 2111 2726 est
2151 2688 2340 2726 avaritiae
2381 2697 2446 2726 su·

1497 2756 1644 2806 spicio:
1676 2760 1714 2793 et
1736 2754 1865 2791 omnia
1885 2782 1894 2799 ‚
1926 2757 1968 2791 ut
1992 2756 2084 2790 ante
2108 2749 2309 2794 diximus,
2329 2760 2449 2800 agen-

1496 2817 1546 2855 da
1577 2828 1644 2868 pro
1676 2816 1852 2861 viribus,
1884 2818 1925 2853 ut
1968 2812 2014 2853 ad
2062 2822 2160 2852 usus
2205 2810 2453 2849 necessarios

1498 2884 1711 2930 suppetant
1743 2877 1979 2923 facultates,
2009 2879 2048 2913 et
2075 2871 2323 2912 mendicandi
2351 2873 2450 2923 peri-

1497 2943 1630 2981 culum
1663 2943 1877 2978 devitetur.
1925 2940 2003 2978 Nec
2034 2937 2192 2984 omnia,
2236 2946 2337 2986 quae.
2379 2939 2448 2974 aut

1498 3008 1534 3043 in
1568 3011 1741 3043 mentem
1775 3004 1965 3045 veniunt,
1991 3005 2060 3040 aut
2083 3001 2304 3049 importuna
2333 2996 2450 3036 libido

1497 3070 1709 3117 elil-agitat,
1739 3066 1953 3105 coemenda
1994 3068 2116 3111 sunt,
2159 3060 2227 3099 sed
2273 3071 2317 3099 ea
2365 3064 2452 3098 tan-

1498 3138 1609 3177 tum,
1631 3141 1731 3182 quae
1755 3127 1961 3167 commoda
1981 3155 1989 3174 ,
2010 3130 2050 3164 et
2071 3124 2179 3164 utilia
2196 3122 2452 3175 judicamus,

1499 3197 1628 3234 habita
1660 3204 1817 3243 semper
1848 3202 2007 3238 rerum,
2037 3199 2113 3240 qua
2145 3198 2265 3239 supra
2296 3195 2456 3225 inemo-

1499 3260 1702 3305 ravimus,
1735 3258 1897 3294 ratione.
1929 3252 2024 3293 lllud
2058 3254 2163 3290 enim
2194 3252 2327 3289 animo
2377 3247 2453 3285 fre-

1502 3326 1671 3371 quenter
1701 3318 1961 3369 repetendum
1992 3320 2080 3361 est,
2110 3311 2214 3364 quod
2240 3310 2322 3361 jam
2367 3319 2454 3361 pro-

1505 3385 1624 3421 verbii
1656 3384 1784 3421 locum
1815 3382 1992 3420 obtinet:
2023 3378 2097 3423 Qui
2126 3388 2202 3415 non
2230 3374 2454 3414 necessaria
