2517 4009
827 243 1273 286 RI'CHARDUS

38 322 198 362 ⁴Anual.
226 317 320 358 Ord.
349 317 544 356 minorum
569 315 619 353 ad
645 327 709 354 an.
737 317 851 355 1278.
884 328 921 355 n.
948 317 1010 355 31.

3 391 5 398 ’
52 388 94 422 et
123 382 173 421 de
204 377 465 430 scriptoribus
495 376 600 415 illius
624 376 774 415 ordinis
803 389 892 429 pag.
921 378 1009 417 306.

104 439 396 484 RICHARDUS
413 437 648 489 Rinystedus
664 470 672 487 ‚
688 440 780 478 v5de
798 440 898 479 infra
920 439 1012 478 Tho-

51 514 138 544 mas
161 501 415 554 Rinystedus.

103 564 388 605 RICHARDUS
419 562 465 601 de
495 562 618 609 Rz'vO,
652 564 875 602 Brabanius
915 564 1008 602 Ord.

29 627 368 668 ‚praedicatorum
401 626 439 663 in
471 625 587 664 domo
627 626 907 674 Bruxellensi,
937 628 1010 666 Co-

46 690 176 730 *miae
198 687 378 734 studuit,
403 687 535 738 ibique
560 689 745 738 Magister
774 688 1009 738 Theologiae

31 761 111 790 en.
143 749 274 790 ⁴384.v
305 753 537 800 promotus,
579 754 667 800 post
706 749 910 787 biennium
941 749 1009 787 do-

47 820 138 852 mus
158 822 256 851 suae
277 812 436 850 nativae
461 811 568 849 Prior
591 812 720 850 factus
740 815 815 857 est.
839 811 1007 862 Scripsit

44 875 88 923 iet
128 872 252 913 libros
294 873 604 913 Sententiarum.
652 873 731 912 Jac.
780 873 918 918 Quetit
960 873 1006 911 de

41 937 233 988 Scriptor.
263 935 358 974 Ord.
390 935 709 974 praedicatorum
743 939 838 972 tom.
865 936 890 973 l.
918 946 1006 986 pag.

40 999 136 1038 869.
148 999 338 1037 Fortasse
357 996 460 1036 idem
478 1002 540 1036 est
556 1008 648 1036 cum
666 995 867 1035 Rz'chardo
881 998 1003 1049 Ray-3,

41 1060 93 1100 de
121 1072 202 1111 quo
232 1071 338 1098 mox.

96 1120 383 1163 RICHARDUS
411 1119 575 1168 Rullus,
607 1120 698 1159 vide
730 1120 961 1172 Hampolus.

92 1184 378 1225 RICHARDUS
392 1185 492 1223 Roso
506 1214 517 1232 ‚
539 1185 704 1222 Roseum
730 1188 846 1222 vocat
862 1184 1002 1222 Sixtiis

41 1247 260 1296 Senensis,
285 1246 468 1296 Anglus‚
494 1247 531 1283 in
558 1239 748 1283 coenobio
771 1244 1002 1284 Norvicensi

39 1308 362 1356 Carmelitanus,
391 1307 634 1346 oxoniensis
664 1306 902 1346 Academiae
933 1309 1005 1345 Do-

35 1373 126 1415 ctor
149 1369 401 1419 Theologus,
430 1373 472 1406 et
498 1362 661 1407 tandem
692 1370 730 1406 in
763 1371 1004 1407 monasterio

41 1443 113 1470 suo
137 1431 270 1478 Prior,
289 1429 386 1468 obiit
414 1441 477 1468 an.
501 1430 617 1468 4420.
641 1431 689 1469 46
713 1431 805 1468 Dec.
833 1431 1003 1481 Scripsit

39 1494 82 1533 in
113 1492 309 1539 Genesin,
338 1491 553 1541 Eoeodum,
595 1491 839 1539 Leviticum,
871 1491 1003 1530 Eccle-

39 1556 249 1597 siasticum
262 1585 274 1604 ,
300 1553 523 1606 Epistulam
540 1553 598 1592 ad
619 1553 745 1592 Titum
761 1583 771 1600 ‚
792 1555 1002 1593 Sermones

35 1629 118 1671 per
145 1628 324 1666 annum,
355 1617 548 1656 Lecturus
581 1617 611 1654 T
609 1615 806 1666 heol092·ae
822 1648 832 1664 ,
859 1615 905 1654 de
935 1627 1005 1654 na-

40 1681 148 1721 tetris
175 1677 423 1719 animalium.
452 1681 611 1718 Pitseus
640 1689 673 1717 c.
705 1677 782 1717 772

55 1761 58 1766 ·
101 1742 389 1782 RICHARDUS
405 1740 535 1794 Rufus
552 1771 560 1788 ‚
579 1740 866 1780 cornubiensis
885 1740 1002 1789 ,Ord.

28 1806 265 1854 Minorum,
295 1804 531 1854 Theologiae
560 1805 705 1842 Doctor
733 1808 774 1841 et
802 1803 1003 1841 Professor

40 1860 248 1907 Parisinus
277 1878 339 1906 an.
367 1866 485 1906 4270.
510 1866 677 1915 Scripsit
698 1865 738 1903 in
759 1863 880 1903 libros
909 1866 1004 1903 Sen-

42 1928 269 1969 tentiarum.
290 1927 491 1967 Leia-udus
511 1937 544 1966 c.
567 1927 657 1966 264.
681 1927 835 1965 Pitseus
856 1937 890 1964 c.
906 1926 995 1965 380.

40 1991 210 2030 Balaeus
239 1991 354 2030 Cent.
378 1989 486 2029 XIII.
516 1990 580 2027 80.
608 1989 779 2027 Balaeus
811 1992 907 2026 tom.
938 1988 1012 2026 111.

46 2063 133 2103 pag.
161 2051 252 2091 708.
285 2051 538 2102 Waddingus
567 2062 655 2101 pag.
686 2050 780 2089 306.

97 2113 390 2154 RICHARDUS
416 2115 552 2165 Ruys,
581 2112 676 2152 Ord.
709 2114 747 2151 S.
779 2113 1004 2161 Francisci,

44 2176 268 2226 Theologus
297 2175 466 2226 Anglus.
498 2176 667 2226 Scripsit
709 2185 832 2226 super
873 2174 1005 2225 Μαρί-

21 2241 170 2278 antrum
201 2237 509 2292 Sententiarum.
532 2239 590 2276 De
616 2241 746 2276 aetate
770 2248 845 2274 non
864 2237 1001 2287 liquet.

29 2300 202 2339 misens
230 2301 269 2337 in
299 2298 483 2349 Append.
506 2300 622 2338 Cent.
655 2300 720 2337 ΙΙΙ.
746 2299 809 2337 92.
836 2299 1004 2337 Balaeus

43 2362 160 2400 Cent-
191 2361 278 2400 ΧΠ.
309 2361 371 2399 47.
405 2360 655 2410 Waddingus
684 2361 707 2398 l.
741 2372 774 2398 c.

96 2422 407 2468 RICHARDUS,
436 2421 644 2468 sacrista,
675 2422 755 2460 vid.
786 2433 907 2472 supra
938 2422 1003 2461 Ri-

43 2483 222 2523 chardus
252 2483 299 2522 de
328 2481 532 2522 Aldwerd.

92 2545 382 2586 RIGHARDUS
405 2543 452 2583 de
475 2543 644 2584 Saliceto
663 2575 672 2594 ,
696 2545 821 2584 JCtus
838 2576 848 2592 ,
876 2547 1000 2595 pati-ia

42 2608 332 2654 Bononiensis,
357 2607 452 2645 Jura
477 2605 611 2644 docuit
636 2607 771 2644 Patavi
792 2635 800 2653 ,
825 2618 860 2645 a.
884 2607 1001 2647 4350.

33 2668 291 2720 ,splendidam
314 2669 566 2720 Legationem
589 2667 635 2707 ad
659 2668 909 2706 Florentinos
935 2681 1001 2709 su-

39 2732 182 2782 scepit.
207 2732 375 2782 Scripsit
395 2731 589 2769 Lecturas
608 2740 732 2780 super
757 2729 940 2769 Codice-m
960 2735 1000 2769 et

0 2823 1 2843 2
41 2792 243 2844 Diqestum
289 2794 429 2840 Vetus,
476 2791 676 2840 Consilia,
724 2792 996 2840 Quaestione&

0 2850 1 2854 ¹
30 2853 264 2896 Consilium
307 2854 395 2904 ejus
427 2854 465 2892 in
497 2854 668 2892 materia
708 2852 913 2892 solutionis
943 2858 1000 2893 ta—

36 2915 195 2956 learum
225 2917 394 2956 habetur
416 2919 453 2954 in
476 2917 662 2956 Consiliis
687 2916 839 2954 Alberti
866 2918 998 2956 Bruni.

40 2979 258 3018 Gesnerus.
284 2977 397 3017 Adde
429 2979 691 3017 Panzirollum
718 2977 766 3016 de
790 2978 908 3016 claris
934 2980 1001 3017 Le-

39 3051 136 3092 gum
164 3040 452 3090 interpretibus
482 3041 527 3078 11.
554 3040 618 3078 76.
642 3039 824 3079 Bumaldi
863 3041 1004 3080 Miner-

41 3102 106 3141 val
135 3103 384 3141 Bononiense
415 3113 502 3152 pag.
533 3102 623 3140 204.
656 3101 819 3141 Orlandi
859 3104 1002 3142 Notitia
1040 3117 1047 3125 ²

28 3163 228 3213 scriptor.
259 3164 571 3201 Bononiensiurn
605 3175 687 3213 pag.
722 3164 813 3202 241.

97 3223 396 3264 RICHARDUS
443 3222 660 3271 Sbrulius,
715 3226 850 3275 Eques
902 3227 1004 3278 (non

42 3286 350 3329 Foroliviensis.
382 3290 426 3324 ut
455 3286 615 3337 quidam
658 3287 822 3326 tradunt
865 3300 998 3339 perpo-

44 3387 45 3390 ,
99 3363 132 3401 a)
145 3362 298 3397 Leicliius
318 3362 357 3393 dt·
374 3363 572 3403 Originibus
587 3365 839 3404 Typngraphiao
856 3367 1008 3405 Lipsien-

1963 250 2042 293 385

1089 327 1200 364 ram,
1231 318 1328 365 sed)
1362 319 1673 369 ForojuliensiS,
1704 323 1849 372 quippe
1885 325 1947 363 cui
1979 336 2044 375 pa-

1087 379 1159 417 tria
1193 378 1354 419 Utinum
1402 382 1501 429 tuit,
1533 388 1644 432 pater
1684 384 1890 431 Nicotaus,
1922 386 2043 426 frater

1085 440 1341 491 Stephanus,
1365 442 1511 493 quibus
1536 446 1711 484 carmina
1735 447 1948 498 inscripsit.
1972 450 2044 488 Te-

1086 507 1216 542 statur
1233 503 1304 542 hoc
1316 504 1627 555 Christophorus
1640 508 1859 547 Scheurlus
1877 511 1913 548 in
1933 521 2044 561 prae-

1086 565 1230 603 fatione
1266 566 1542 606 Cleomachiac
1583 569 1727 609 Sbrulii
1769 573 1894 610 nostri
1935 584 2045 623 prae-

1086 626 1187 665 fixa:
1222 628 1363 666 Patria
1393 627 1467 667 tibi
1493 642 1568 668 non
1596 635 1657 670 est
1684 633 1946 684 Forumjulii‚
1973 636 2045 675 sed

1085 689 1299 737 Saaeom·a,·
1328 701 1404 728 non
1436 691 1620 740 Utinam,
1651 692 1722 732 sed
1757 694 2041 748 Wittenberya.

1085 750 1257 789 Secutus
1279 753 1405 802 primo
1426 759 1489 792 est
1510 755 1642 792 aulam
1665 757 1918 797 Maximiliani
1945 760 2044 811 Imp.

1082 823 1101 849 a
1128 824 1232 862 quo,
1258 826 1383 864 quum
1409 816 1652 856 Stortiadum
1686 818 1841 857 laudem
1867 823 2043 860 carmine

1082 877 1321 925 panegyrico
1350 882 1539 926 caneret,
1572 890 1649 917 non
1688 882 1827 930 paucis
1866 885 2044 922 nummis

1082 938 1216 975 aureis
1240 936 1442 986 donatus',
1467 941 1502 988 a)
1527 945 1567 978 et
1593 942 1629 978 in
1656 943 1829 980 comitiis
1850 945 2045 984 Constan—

1081 999 1278 1039 tiensibus
1297 1000 1495 1039 Friderico
1514 1003 1577 1040 llI.
1601 1006 1837 1053 cognomine
1853 1006 2042 1057 Sapienti,

1080 1061 1252 1100 Electori
1279 1062 1505 1113 saxoniae,
1533 1065 1840 1106 commendatus
1870 1073 1953 1116 est,
1975 1073 2041 1120 qui

1081 1122 1282 1162 Sbrulium
1316 1131 1498 1164 nostrum
1533 1128 1636 1165 inter
1665 1139 1762 1166 suos
1798 1132 1972 1181 recepit,
2002 1138 2043 1170 et

1080 1184 1252 1233 primum
1292 1187 1444 1225 itineris
1485 1190 1672 1227 comitem
1710 1189 1904 1240 adscivit,
1935 1193 2038 1243 quod

1080 1245 1163 1294 ipse
1193 1246 1310 1285 docet
1341 1250 1378 1286 in
1410 1250 1662 1290 Cleomachia
1692 1251 1879 1292 laudata:

1094 1317 1138 1345 Te
1159 1316 1306 1354 primum
1329 1318 1441 1349 Svevis
1462 1317 1639 1350 dominum
1665 1320 1851 1361 delegimus
1874 1326 1969 1364 oris3
2013 1330 2046 1356 et

1094 1366 1138 1393 Te
1160 1364 1246 1395 duce
1269 1367 1453 1398 Germanas
1478 1371 1669 1408 peragravit
1693 1371 1844 1403 Sbrulius
1868 1381 1968 1412 oras,

1094 1416 1136 1444 Et
1161 1416 1408 1446 Germanorum
1435 1416 1544 1448 tendit
1569 1420 1605 1448 in
1631 1426 1689 1450 ora
1713 1421 1840 1455 virum.

1080 1475 1240 1512 Elector
1270 1473 1458 1513 laudatus
1489 1477 1619 1525 ipsum
1651 1488 1684 1514 a.
1712 1479 1827 1516 1508.
1851 1480 1976 1521 bonas
2000 1484 2044 1521 li-

1080 1541 1187 1573 teras
1216 1535 1252 1572 in
1279 1534 1493 1574 Academia
1517 1548 1620 1575 nova
1643 1530 1954 1591 Wittebergensi
1977 1544 2046 1582 do-

1078 1609 1169 1636 cere
1189 1596 1327 1647 jussit.
1356 1598 1495 1637 AEtate
1518 1599 1598 1638 fere
1620 1599 1916 1641 adolescentem
1947 1610 2043 1645 tunc

1079 1660 1204 1698 fuisse
1235 1659 1352 1698 docet
1381 1660 1564 1700 Andreas
1592 1662 1811 1701 Meinhardi
1843 1665 1879 1702 in
1918 1667 2047 1706 Dialo-

1078 1733 1126 1773 go
1155 1722 1377 1760 illustratae
1407 1733 1452 1761 ac
1482 1725 1797 1774 augustissimae
1835 1727 1946 1766 urbis
1977 1728 2044 1768 Al-

1077 1785 1290 1830 biorenae,
1320 1785 1387 1834 qui
1432 1785 1591 1825 libellus
1637 1786 1854 1826 admodum
1892 1795 1954 1828 est
1985 1803 2046 1830 ra-

1079 1858 1160 1886 rus.
1191 1846 1324 1892 Quum
1355 1851 1490 1885 autem
1522 1860 1556 1886 a.
1588 1849 1704 1888 4510.
1738 1851 1866 1901 Lipsia
1896 1863 1942 1890 eo
1973 1865 2069 1901 ve·⁴

1082 1911 1185 1947 niret
1210 1910 1344 1947 Herm.
1374 1910 1601 1958 Buschius‚
1633 1911 1681 1949 lis
1710 1913 1814 1950 inter
1843 1925 1911 1952 eos
1935 1926 2045 1954 coor-

1078 1975 1117 2009 ta
1147 1976 1231 2017 est,
1275 1973 1366 2023 quia
1411 1972 1612 2012 Buschius
1659 1975 1800 2012 Poetas
1845 1978 2034 2027 antiquos

1081 2033 1318 2084 explicaret,
1349 2039 1389 2072 et
1418 2034 1658 2074 auditorium
1686 2036 1938 2087 frequentius
1973 2040 2039 2079 ha-

1080 2095 1216 2145 beret,
1240 2095 1424 2135 Sbrulius
1445 2108 1541 2135 vero
1563 2101 1719 2136 tantum
1743 2101 1916 2138 carmina
1935 2103 2042 2140 Man-

1080 2159 1189 2196 tuani
1214 2163 1453 2208 proponeret
1472 2189 1480 2207 ,
1505 2171 1629 2209 quare
1649 2161 1848 2200 Buschius
1869 2164 2040 2214 Lipsiam

1079 2218 1207 2256 rediit,
1238 2220 1554 2259 Hamelmannus
1586 2222 1622 2258 in
1655 2224 1735 2260 vita
1767 2225 1926 2262 Buschii
1954 2237 2040 2277 pag.

1077 2280 1156 2319 295
1198 2281 1390 2326 Queritur
1420 2286 1556 2331 postea
1587 2282 1635 2320 ad
1663 2283 1886 2324 Electorem
1909 2287 1958 2326 de
1983 2290 2041 2326 in-

1078 2342 1182 2382 vidia
1213 2348 1253 2381 et
1285 2344 1439 2394 inopia:

1091 2413 1156 2443 Cur
1179 2413 1343 2452 promissa
1366 2412 1447 2443 milii
1464 2436 1472 2450 ,
1497 2415 1569 2444 Dux
1589 2413 1835 2453 jucundissime
1851 2439 1861 2454 ‚
1881 2420 1982 2450 vestis

1092 2463 1162 2493 Non
1185 2461 1346 2493 reddatur
1369 2462 1479 2494 adhuc
1496 2485 1505 2500 ‚
1529 2464 1640 2502 cogito
1665 2469 1785 2504 nocte,
1808 2465 1873 2498 die.

1077 2520 1300 2565 Queritur,
1345 2521 1448 2570 quod
1498 2520 1650 2560 loculus
1694 2524 1888 2571 nummus,
1927 2529 2038 2576 ter9a

1076 2580 1209 2620 calore
1250 2586 1404 2620 vacent.
1449 2583 1545 2620 llinc
1589 2583 1934 2635 Wittenbergam,
1966 2588 2034 2626 sed

1078 2644 1211 2681 nescio
1242 2655 1321 2693 quo
1351 2654 1481 2682 anno.
1514 2642 1688 2694 reliquit.

1130 2705 1174 2742 A:
1206 2704 1322 2743 4522.
1352 2705 1586 2755 Freibergac
1629 2708 1816 2746 Mis-nicae
1843 2709 2036 2759 juventu-

1074 2770 1154 2803 tom
1182 2767 1218 2803 in
1245 2766 1357 2804 bonis
1384 2767 1507 2804 literis
1529 2767 1715 2807 erudivit.
1740 2771 1886 2810 Mollcri
1911 2773 2036 2811 Thea-

1075 2833 1121 2865 tr.
1155 2829 1414 2879 Fribergense
1447 2836 1544 2880 part.
1578 2832 1604 2869 I.
1638 2843 1671 2880 p.
1699 2833 1790 2871 291.
1822 2834 1917 2872 Inde
1949 2846 2035 2874 rur-

1075 2900 1164 2928 sum
1195 2895 1362 2929 secutus
1392 2896 1455 2929 est
1485 2893 1616 2931 aulam
1649 2895 1902 2933 Maximiliani
1935 2896 2033 2947 Imp.

1076 2962 1194 3001 quem
1227 2951 1363 2990 laudat
1395 2954 1430 2990 in
1465 2954 1761 3004 Epigrammate
1792 2957 1840 2993 de
1878 2957 2036 2997 dnobus

1076 3014 1378 3061 Maximilianis,
1412 3017 1509 3054 Divo
1540 3017 1711 3055 Caesare
1741 3023 1781 3056 ct
1811 3019 2035 3058 Sevenber·

1072 3076 1214 3125 gensi,
1247 3075 1414 3114 Oratore
1445 3078 1665 3116 Caesareo:

1094 3154 1269 3192 Ingenium
1292 3156 1410 3186 Caesar
1435 3155 1515 3187 milii
1544 3157 1794 3189 maximilianus
1817 3159 1930 3191 alebat
1952 3174 1959 3192 z

1117 3204 1236 3232 Orator
1258 3205 1395 3242 genium
1414 3205 1659 3237 maximilianus
1681 3207 1753 3239 alit.

1097 3252 1249 3290 Optimus
1274 3252 1327 3283 ille
1351 3254 1430 3284 milii
1463 3257 1617 3295 princeps
1640 3260 1734 3294 erat,
1759 3262 1791 3288 et
1818 3262 1912 3298 pater
1928 3268 2041 3293 unus.-

1121 3302 1179 3331 uic
1203 3305 1248 3332 cst
1275 3310 1363 3333 nunc
1388 3305 1508 3334 studiis
1531 3313 1610 3337 aura
1634 3306 1779 3345 benigna
1805 3310 1900 3341 meis.

1084 3369 1126 3398 >is
1155 3376 1227 3406 pag.
1256 3367 1301 3398 it.

1663 3444 1733 3478 2iiii
