2533 4009
445 240 519 277 (352

445 309 565 348 habes
595 305 692 342 lianc
720 295 1000 351 partem-nullo
1022 293 1136 332 modo
1161 290 1398 332 neglexeris.

498 370 655 408 Ari-ium
701 372 857 411 quoque
903 354 1267 403 custodiendarium
1315 354 1401 391 dili-

446 442 542 471 gens
571 423 788 466 adhibenda
820 426 878 458 est
902 430 1013 459 cura.
1040 423 1078 454 et
1103 421 1251 465 quanto
1280 427 1399 465 majo-

446 473 498 532 ris
528 495 618 528 sunt
652 485 845 536 ponderis.
870 486 978 519 tanto
998 479 1192 517 tideliores
1219 477 1399 515 homines

448 548 693 604 praeficiendi
721 550 825 583 sunt.
849 545 943 582 ,Num
970 553 1086 591 saepe
1107 542 1308 587 cognitum
1327 545 1401 585 est,

448 617 568 654 totius
599 620 778 649 summae
810 607 962 644 ruinam
994 604 1325 651 eversionemque
1355 601 1403 640 ab

448 664 778 723 unius‘pra‹·socti
811 669 973 707 fluxisse
1005 665 1179 716 pertidia..
1213 664 1290 703 Sed
1317 674 1403 701 meo

444 739 589 790 judicio
621 735 655 772 id
683 733 881 779 negotium
917 729 1069 767 nonnisi
1101 728 1231 772 (1111115,
1263 731 1302 764 et
1326 726 1405 764 alto

449 803 531 841 loco
563 799 664 837 natis
696 797 790 832 viris
818 792 1012 830 committi
1043 789 1173 827 debet.
1203 789 1300 827 Nam
1340 787 1406 824 ob-

450 864 554 903 scuri
586 859 741 908 generis
771 856 949 893 homines
981 864 1053 891 neo
1093 852 1254 896 liabent,
1301 848 1405 900 quod

450 926 497 964 de
527 924 818 961 existimatione
849 915 1041 967 perdant:
1073 918 1112 951 et
1143 915 1216 951 nisi
1243 924 1342 960 raro,
1367 915 1406 949 et

451 997 608 1027 summo
637 994 726 1021 eum
770 980 898 1018 labore
931 978 1117 1015 nobilium
1152 977 1315 1025 vestigia
1348 985 1408 1012 sc-

453 1054 642 1100 quuntur,
674 1049 714 1082 ut
747 1042 832 1080 lidei
865 1041 1022 1087 famam,
1053 1044 1091 1076 et
1122 1038 1250 1076 laudis
1281 1037 1408 1074 hono-

455 1122 587 1151 nerom
620 1106 780 1156 reliquis
806 1103 990 1140 omnibus
1012 1101 1130 1139 rebus
1151 1103 1407 1150 anteponant,

455 1185 525 1212 nec
565 1171 701 1220 pretio,
739 1171 807 1205 aut
841 1166 961 1203 animi
998 1163 1266 1201 imbecillitate
1307 1162 1410 1199 sran—

455 1239 608 1285 gantur.
635 1231 714 1268 Non
736 1227 919 1278 equidem
951 1226 1191 1275 negaverim,
1216 1223 1408 1274 quosdam

456 1295 615 1333 virtutis
638 1291 828 1341 igniculos
852 1290 889 1325 in
918 1287 1135 1326 humilibus
1174 1288 1290 1324 etiam
1326 1297 1411 1334 per-

458 1358 564 1397 sonis
594 1353 781 1404 reperiri3
808 1350 876 1389 sed
903 1348 1128 1399 hujusmodi
1155 1349 1237 1399 spei
1265 1349 1300 1384 in
1327 1347 1412 1385 aliis

460 1419 631 1463 mallem,
666 1426 784 1466 quam
824 1415 859 1450 in
895 1424 969 1457 me,
1000 1416 1067 1450 aut
1093 1412 1275 1461 quopiam
1310 1419 1414 1447 meo-

459 1494 545 1521 rum
586 1478 803 1530 periculum
843 1476 981 1514 facere.
1020 1475 1130 1524 Ipsus
1175 1484 1267 1511 vero
1303 1482 1414 1510 arces

459 1556 549 1584 cum
576 1542 696 1581 armis
722 1544 841 1583 tutaS,
864 1543 947 1575 tum
983 1548 1073 1574 vero
1112 1534 1415 1576 commeatibus,

460 1607 658 1654 rebusque
683 1608 720 1640 et
746 1601 791 1639 ad
821 1602 983 1645 victum,
1011 1604 1049 1637 et
1071 1599 1116 1637 ad
1143 1598 1413 1635 defensionem

461 1667 696 1709 necessariis
732 1666 948 1701 instructas
973 1673 1062 1699 esse
1098 1664 1278 1709 oportet:
1311 1656 1414 1708 quod

462 1734 534 1771 nisi
565 1730 710 1780 optime
742 1730 993 1778 prospectum
1028 1724 1156 1770 fuerit,
1188 1732 1262 1759 non
1305 1720 1416 1757 nobis

462 1796 713 1846 plerumque,
750 1789 816 1827 sed
858 1787 1038 1825 hostibus
1083 1789 1314 1830 servantur,
1349 1783 1415 1832 qui

464 1861 674 1906 imparatas
705 1853 879 1900 aggressi
911 1850 1059 1899 alisque
1086 1848 1164 1885 ullo
1199 1847 1416 1884 certamine

463 1923 681 1973 potiuntur,
720 1926 792 1954 nec
834 1915 883 1950 ita
919 1914 1007 1957 cito,
1048 1916 1115 1949 aut.
1153 1910 1262 1948 facile
1302 1907 1418 1946 sedes

464 1985 632 2023 amissae
664 1978 918 2027 recipiuntur.
948 1972 1058 2012 Nullo
1091 1976 1221 2008 tumen
1242 1970 1417 2016 castella,

466 2046 673 2093 nullosque
700 2049 833 2078 muros
867 2037 989 2081 magis
1013 2033 1340 2083 inexpugnabiles
1368 2032 1420 2069 so-

466 2121 505 2147 re
532 2108 597 2145 tibi
623 2101 852 2155 persuadeo,
869 2110 986 2149 quam
1007 2097 1236 2147 populorum
1255 2096 1419 2141 animos,

469 2177 510 2211 ut
541 2174 654 2208 antea
687 2166 778 2210 dixi,
813 2163 880 2199 tibi
918 2160 1143 2198 conciliatos
1176 2158 1343 2206 liabere3
1381 2161 1421 2194 ct

467 2233 713 2273 subditorum
740 2227 915 2263 omnium
939 2222 1268 2260 benevolentiam.
1287 2221 1421 2269 Neque.

467 2299 571 2334 enim
598 2291 764 2331 dubitari
801 2290 929 2337 potest
968 2286 1098 2322 omnia
1130 2283 1423 2332 suspicionibus

469 2370 624 2409 semper
662 2352 882 2394 abundare:
924 2360 993 2386 nec
1037 2348 1109 2385 nisi
1151 2358 1241 2384 cuin
1281 2356 1422 2395 magna

472 2426 540 2463 (ut
583 2422 631 2457 ita
669 2416 829 2466 loquar)
869 2412 1063 2461 zelotypia
1096 2409 1313 2456 contineri3
1352 2417 1424 2445 nec

471 2467 690 2523 immerito:
718 2479 812 2517 nulli
839 2478 942 2514 enim
967 2478 1063 2511 sunt
1089 2471 1230 2522 populi.
1253 2472 1318 2520 qui
1347 2481 1421 2507 non

470 2544 768 2593 alicuiimp‹=1·io
796 2544 948 2591 praeter
983 2548 1099 2574 suuni
1138 2536 1280 2583 Regem
1319 2544 1426 2571 com-

472 2608 572 2648 modi
617 2608 720 2644 sint:
766 2605 795 2641 si
846 2601 1031 2640 memoria
1075 2603 1253 2648 repetere
1290 2596 1426 2634 volue-

471 2673 525 2710 ris
557 2681 674 2719 quam
711 2665 832 2704 multa
861 2674 997 2711 regna,
1029 2661 1132 2699 aliud
1168 2660 1241 2697 alia
1275 2659 1425 2697 ratione

473 2735 688 2780 intercepta
721 2728 877 2766 suerint.
903 2725 1092 2771 Quocirca
1121 2727 1256 2761 eontra
1287 2731 1426 2759 omncs

472 2805 603 2840 casuS,
631 2801 850 2839 omni-sque.
883 2799 1013 2826 reruni
1045 2790 1224 2832 cientus,
1251 2794 1427 2834 praeme-

474 2857 583 2895 ditati
619 2853 790 2899 assidue,
825 2862 868 2889 ac
905 2849 1021 2900 probo
1060 2847 1201 2886 muniti
1235 2857 1323 2884 esse
1361 2844 1428 2883 do-

474 2919 627 2958 bemus.

528 2979 626 3018 111υά
660 2978 720 3015 vel
759 2978 795 3014 in
841 2975 978 3026 primis
1021 2971 1308 3011 attendendum
1353 2974 1426 3018 est,

475 3043 576 3093 quoii
604 3043 634 3078 si
661 3040 705 3077 :ut
735 3038 994 3089 protegendas
1026 3037 1078 3074 tui
1112 3039 1239 3072 status
1269 3044 1363 3083 opes
1387 3037 1427 3070 et

479 3105 632 3148 milites,
663 3108 702 3139 et
733 3102 882 3143 bellica,
913 3103 953 3137 ut
985 3099 1098 3147 paulo
1128 3102 1219 3134 ante
1249 3095 1426 3145 exposui,

477 3176 594 3208 arnna,
641 3168 915 3211 tormentaque
962 3160 1092 3198 baberi
1140 3169 1303 3196 necesse
1339 3161 1427 3204 est3

481 3225 601 3262 mutto
650 3225 772 3268 mimis
816 3225 982 3272 ali-‘pium
1026 3223 1099 3258 tim
1148 3221 1335 3270 pecuniae
1381 3217 1427 3256 ad

483 3288 724 3323 necessarios
759 3296 853 3323 usus
889 3289 1169 3334 (oniparatam,
1215 3293 1258 3320 ac
1293 3291 1429 3319 recon-

486 3346 607 3383 ditam
639 3347 784 3383 servari
815 3351 991 3395 oportet·7
1024 3350 1066 3383 ut
1095 3346 1124 3381 si
1157 3342 1314 3393 quando
1338 3353 1429 3380 eve-

974 187 982 191 *
1033 219 1402 261 MOMEDIS
1449 216 1833 257 GARAFFAE

1477 290 1570 331 niat,
1602 287 1639 325 in
1671 291 1846 337 temporo
1877 288 1931 327 uti
1964 287 2104 338 possis.
2141 286 2278 338 Neque
2316 287 2423 326 enim

1476 356 1571 390 tuno
1600 350 1837 389 cumulanda
1869 355 1941 397 est,
1965 362 2054 390 cum
2081 349 2265 399 erogandi
2289 361 2424 390 neces-

1476 415 1574 451 sitas
1604 413 1822 460 incumbitg
1855 424 1945 451 nam
1975 418 2014 450 et
2044 413 2173 460 amici,
2213 416 2257 450 ut
2300 410 2426 462 ajunt,

1477 480 1515 512 et
1546 475 1734 524 pecuniae
1765 475 1801 511 in
1829 474 1945 513 rebus
1967 475 2146 513 adversis
2172 474 2341 512 maxime
2362 472 2429 512 de-

1479 538 1629 582 ficiunt,
1660 541 1727 575 aut
1758 536 1898 574 saltem
1931 538 1966 574 in
1999 541 2078 575 tam
2103 536 2211 574 brevi
2238 535 2430 584 temporis

1479 599 1643 638 articulo
1672 599 1889 648 comparari
1922 602 2138 648 nequeunt.
2167 598 2219 637 Et
2243 596 2429 648 profecto,

1482 673 1566 700 mea
1591 661 1802 708 sententia,
1828 659 1864 697 111
1896 659 2009 711 longe,
2038 664 2182 708 errant,
2208 661 2274 711 qui
2300 663 2432 699 tutum

1481 734 1570 762 esse.
1603 722 1695 761 illud
1729 722 1936 772 imperium
1969 721 2207 771 praedicant,
2237 721 2299 760 cui
2341 731 2432 760 cum

1484 786 1646 835 reliqua,
1677 796 1778 834 quae
1808 795 1926 834 supra
1972 783 2171 830 diximus,
2207 788 2292 824 tum
2340 793 2435 822 vero

1483 848 1647 897 pecunia
1674 846 1789 894 desit,
1820 850 1927 884 tanta
1953 845 2108 893 saltem,
2133 850 2280 897 quanta
2297 856 2437 896 repen·

1483 911 1575 947 tinis
1617 909 1776 947 casibus
1819 908 2000 947 sufficere
2044 907 2183 947 valeat.
2236 907 2333 954 Quis
2374 911 2437 946 est

1485 973 1603 1015 enim,
1634 972 1700 1022 qui
1734 982 1809 1008 non
1842 970 2050 1020 intelligat,
2091 981 2137 1009 ea
2180 970 2435 1021 pecuniarum

1485 1034 1521 1071 vi
1553 1033 1667 1079 effici,
1698 1044 1798 1083 quae
1827 1033 1931 1072 nulla
1952 1032 2024 1070 alia
2053 1036 2202 1071 ratione
2226 1033 2438 1083 impetren-

1487 1101 1550 1134 tur
1572 1109 1579 1134 z
1613 1107 1684 1134 nec
1705 1097 1790 1133 sine
1815 1106 1932 1134 causa
1958 1094 2030 1132 dici
2057 1094 2206 1133 solere:
2228 1098 2436 1145 argeutum

1489 1157 1634 1196 morbis
1665 1157 1850 1196 omnibus
1879 1158 2126 1208 aptissimam
2156 1166 2245 1194 esse
2283 1155 2442 1195 medici-

1489 1232 1589 1259 nam.
1623 1220 1704 1258 Non
1736 1224 1868 1258 tamen
1900 1223 2104 1269 propterea
2136 1222 2323 1269 sumptus
2360 1229 2440 1267 eos,

1488 1293 1587 1333 quos
1618 1292 1893 1332 personarum,
1923 1285 1962 1319 et
1992 1281 2143 1331 imperii
2173 1279 2345 1331 dignitas
2376 1291 2443 1330 po-

1488 1345 1623 1391 stulat,
1668 1343 1908 1382 omittendos
1942 1354 2031 1381 esse
2061 1343 2253 1381 dixerim:
2297 1342 2364 1381 sed
2409 1343 2442 1381 si

1491 1419 1565 1457 qua
1597 1411 1704 1452 sunt,
1733 1417 1834 1456 quae
1864 1410 1932 1444 aut
1963 1404 2080 1443 libido
2109 1405 2270 1455 regalis,
2313 1408 2357 1444 ut
2387 1404 2442 1454 fit,

1491 1469 1560 1507 sibi
1594 1468 1806 1517 indulgeat,
1831 1473 1899 1506 aut
1922 1478 2019 1507 usus
2045 1468 2205 1506 minime
2231 1467 2442 1506 necessarii

1492 1533 1732 1580 surripiant:
1765 1541 1809 1568 ea
1840 1531 1969 1569 omnia
1999 1529 2046 1568 ad
2079 1534 2239 1580 tempus
2262 1529 2446 1568 differen-

1493 1594 1539 1632 da
1566 1605 1654 1631 esse
1679 1593 1924 1641 censuerim3
1954 1593 2138 1642 quoniam
2165 1592 2196 1629 si
2223 1591 2357 1630 salvae
2382 1601 2446 1629 res

1495 1657 1666 1704 fuerint3
1692 1667 1734 1693 ea
1762 1654 1872 1693 facile,
1901 1655 2184 1693 restituentur:
2218 1658 2258 1692 at
2283 1653 2316 1691 si
2338 1663 2448 1692 sum-

1495 1730 1555 1756 ma
1587 1728 1718 1756 rerum
1750 1717 1934 1767 perierit:
1966 1716 2061 1755 nihil
2087 1716 2245 1755 omnino
2271 1715 2331 1754 illa
2357 1714 2449 1754 sub-

1494 1780 1670 1818 venient.

1549 1842 1588 1880 Si
1642 1852 1734 1879 vero
1795 1844 1952 1892 propter
2007 1841 2178 1880 incertos
2226 1844 2449 1891 temporum

1494 1915 1611 1944 casus
1641 1905 1811 1954 aliquam
1845 1904 2033 1953 pecuniae
2065 1914 2264 1942 summam
2299 1901 2446 1942 tuendo

1498 1968 1658 2017 imperio
1681 1967 1943 2005 nacessariam
1962 1977 2050 2004 esse
2069 1967 2303 2005 statuimus:
2320 1975 2451 2016 quan-

1498 2035 1535 2067 to
1567 2030 1690 2079 magis
1732 2028 1893 2067 credere
1936 2028 2139 2076 debemus,
2182 2028 2231 2067 ob
2266 2026 2448 2066 eamdem

1497 2093 1621 2142 ipsum
1648 2102 1831 2130 caussam
1853 2095 2032 2141 oportere.
2053 2090 2233 2129 homines
2257 2088 2450 2140 quosdam

1497 2155 1543 2192 ad
1584 2165 1663 2191 rein
1713 2154 1918 2192 militarem
1951 2158 1990 2191 et
2022 2165 2153 2199 manu,
2197 2157 2237 2191 et
2280 2151 2454 2191 consiliis

1500 2215 1672 2261 idoneos,
1703 2217 1814 2265 quasi
1848 2217 1882 2253 in
1915 2215 2102 2254 thesauro
2131 2213 2301 2266 quodam
2345 2224 2455 2265 repo·

1499 2278 1595 2315 sitos
1627 2276 1796 2315 babere?
1826 2278 1919 2316 Nam
1946 2278 2144 2329 gregarios
2169 2278 2337 2325 milites,
2363 2286 2454 2314 cum

1501 2344 1658 2390 tempus
1702 2339 1887 2390 postulat,
1932 2340 2076 2390 ubique
2121 2339 2295 2378 locorum
2341 2338 2452 2378 facile

1501 2404 1698 2452 reperies:
1734 2407 1773 2439 et
1803 2413 1891 2440 sero
1933 2402 2124 2453 peditum,
2167 2403 2454 2452 aequitumque

1501 2465 1622 2503 duces
1649 2465 1827 2503 militaris
1857 2464 2085 2514 disciplinae
2110 2464 2288 2512 scientia3
2309 2475 2354 2503 ac
2380 2465 2456 2502 vir-

1502 2532 1586 2565 tute
1618 2527 1828 2577 praeditos,
1861 2528 1959 2565 etin
1993 2527 2112 2565 rebus
2131 2525 2458 2565 administrandis

1501 2592 1739 2629 exercitatos
1771 2600 1939 2641 perram,
1982 2594 2021 2627 et
2063 2588 2219 2627 difficile
2264 2588 2456 2627 invenies.

1502 2653 1585 2699 Qua
1616 2652 1775 2702 quidem
1808 2653 1844 2689 in
1876 2663 1916 2690 re
1948 2650 2245 2702 prudentissimi
2281 2650 2457 2701 parentis

1502 2716 1557 2753 tui
1590 2714 1823 2753 imitandum
1865 2714 1931 2752 tibi
1976 2715 2049 2752 erit
2092 2711 2348 2764 exemplum:
2389 2712 2455 2763 qui

1503 2778 1658 2815 tametsi
1688 2775 1839 2826 jamdiu
1866 2787 2016 2827 paoem,
2042 2785 2322 2825 summamque
2348 2778 2457 2812 tran-

1503 2839 1737 2889 quillitatem
1768 2839 1838 2877 sibi
1872 2843 1987 2888 terra,
2020 2839 2197 2888 marique
2232 2836 2455 2888 pepererit:

1503 2913 1551 2938 ex
1582 2912 1626 2939 eo
1657 2904 1788 2938 tamen
1827 2905 2003 2951 tempore
2045 2910 2120 2938 non
2166 2897 2280 2937 modo
2318 2907 2456 2948 quem-

1504 2975 1621 3012 quam
1655 2963 1866 3001 illustrium
1899 2963 2198 3013 imperatorum,
2228 2959 2456 3009 ducumque

1507 3036 1580 3062 non
1609 3024 1770 3072 dimisit,
1790 3023 1856 3062 sed
1887 3024 1924 3061 in
1947 3023 2178 3061 hodiernum
2202 3031 2328 3071 usque
2351 3019 2455 3059 diem

1505 3087 1600 3124 alios
1630 3086 1850 3137 stipendiis,
1882 3087 2145 3136 maximisque
2176 3083 2361 3135 praemiis
2400 3081 2458 3121 af-

1506 3149 1638 3193 fectos,
1687 3149 1783 3187 alios
1826 3148 2135 3187 clarissimarum
2183 3150 2453 3184 matronarum

1504 3209 1695 3260 conjugiis
1726 3210 1977 3248 honestatos:
2014 3207 2245 3259 oppidisque
2289 3205 2456 3244 donatos

1509 3275 1790 3310 necessitatum
1814 3282 1975 3310 suarum
2003 3271 2090 3309 usui
2116 3271 2319 3308 reservat:
2346 3275 2449 3304 nam:

1508 3337 1548 3370 ut
1579 3338 1693 3372 antea
1723 3334 1816 3381 dixi,
1847 3344 1947 3384 quos
1976 3332 2099 3372 duces
2127 3329 2364 3370 exercitatos
2389 3326 2455 3365 ha-
