2517 4009
813 213 1342 258 VICTORIANUS

80 288 202 328 tentia
235 286 449 328 ediderunt
474 288 720 328 Benedictini
746 289 785 327 in
816 286 1047 338 Appendice

79 350 129 391 ad
151 355 246 390 tom.
272 351 318 391 ΙΙ.
353 352 529 403 Operum
556 353 754 391 Ambrosii
782 364 816 403 p·
843 350 934 391 589.
972 352 1050 390 Pro

81 413 303 467 defensione
347 414 472 454 trium
508 415 785 468 Capitulorum
813 413 880 454 lib.
902 415 932 452 I.
969 425 1051 453 me-

82 482 211 517 morat
228 479 475 519 Trithemius
494 479 542 518 de
564 481 698 531 script.
724 479 877 518 Eccles.
896 489 928 516 c.
955 478 1048 516 214.

135 540 249 581 Adde
288 541 489 582 Labbeum
511 542 560 582 de
596 542 860 594 scriptoribus
896 539 1050 579 Eccles.

83 606 190 643 tomo
215 606 261 645 ΙΙ.
287 618 323 657 p.
346 606 436 645 462.

139 668 323 708 VICTOR
343 669 568 721 Episcopus
591 668 762 709 Vr'tensis
786 669 822 706 in
847 666 1050 718 provincia

82 729 239 771 Africae
263 734 487 784 Byzacena,
513 745 551 772 a.
575 732 664 772 48⁷4.
691 733 857 784 Eugenii
885 730 1051 770 Cartba-

83 795 278 847 giniensis
315 796 499 848 Episcopi
542 797 776 847 professioni
819 794 906 834 fidei
944 795 1052 833 Hun-

85 860 218 898 nerico
228 859 324 911 Regi
339 860 609 900 Vandalorum
629 861 782 900 oblatae
798 858 1050 909 subscripsit.

87 924 304 964 Utae‘censem
345 925 466 976 vulgo
490 925 690 977 quondam
733 925 943 971 dixerunt,
980 923 1049 963 sed

84 992 374 1031 recentioribus
409 991 657 1044 temporibus
682 990 758 1030 fide
784 990 976 1029 Codicum
1013 992 1053 1026 et

86 1068 159 1107 ope
181 1057 420 1096 Criticorum
446 1067 511 1094 res
533 1057 631 1094 satis
656 1055 761 1093 clare
779 1053 949 1092 deducta
974 1055 1051 1090 est.

87 1119 173 1158 Imo
197 1123 370 1170 quatuor
406 1120 585 1158 Victores
623 1119 809 1156 Vitenscs
835 1118 1054 1167 Episcopos

89 1182 214 1222 fuisse
267 1187 493 1221 memorant
544 1182 756 1221 Memoriae
806 1179 1055 1219 Trivultinae

88 1256 229 1285 mense
263 1244 386 1296 Aprili
426 1258 460 1285 a.
497 1246 614 1285 1709.
639 1245 786 1296 quibus
819 1243 919 1282 adde
957 1241 1057 1280 Acta

88 1309 328 1349 Sanctorum
347 1312 456 1347 tomo
472 1309 536 1347 lll.
555 1308 725 1359 Augusti
749 1319 784 1358 p.
806 1306 894 1345 454.
915 1306 1058 1345 Noster

88 1372 371 1423 persecutione
407 1370 721 1410 orthodoxorum
763 1368 917 1419 ejectus
954 1367 1061 1405 Con-

90 1434 376 1485 stantinopolin
397 1434 504 1482 abiit,
525 1434 670 1484 ibique,
687 1433 762 1481 vel,
780 1438 822 1472 ut
838 1430 1060 1471 Cotelerius

89 1501 197 1537 tomo
214 1498 285 1536 Ill.
302 1498 654 1536 Monumentorum
681 1509 718 1548 p.
739 1494 818 1536 598
840 1491 1059 1539 contendit,

89 1560 128 1598 in
154 1560 273 1610 Epiro
299 1561 423 1598 veteri
449 1560 623 1610 scripsit.

147 1621 370 1663 Historiam
389 1621 682 1675 persecutionis
714 1620 952 1660 Vandalicae
977 1619 1061 1660 sive

97 1683 320 1738 Africanae
356 1684 432 1726 sub
482 1684 696 1725 Genserz’co
732 1688 767 1724 et
804 1683 1057 1731 Hunnerico,

95 1748 366 1790 Vandalorum
395 1747 584 1802 remeas,
622 1750 684 1788 cui
721 1748 796 1788 sub
823 1749 942 1786 linem
982 1750 1061 1798 Ap-

93 1813 278 1864 pendicis⁴
300 1814 383 1852 loco
412 1814 607 1852 annexuit
633 1812 733 1850 Acta
757 1815 902 1863 septem
927 1822 1061 1849 mona-

93 1874 260 1915 chorum
309 1878 537 1927 martyrum
590 1873 802 1926 Capsenses
854 1873 1061 1912 territorii.

95 1939 266 1977 Historia
290 1938 603 1990 persecutionis,
624 1938 672 1976 ab
697 1938 784 1976 aliis
821 1939 858 1975 in
887 1942 986 1984 tres,
1013 1936 1061 1975 ab

93 2002 181 2042 aliis
219 2003 256 2040 in
294 2006 485 2052 quatuor,
512 2002 690 2051 quinque
726 2001 788 2038 vel
829 2010 898 2038 sex
942 1999 1062 2037 libros

95 2065 367 2117 distinguitur.
390 2066 472 2103 Imo
496 2065 533 2101 in
553 2063 695 2103 Codice
714 2063 946 2101 monasterii
970 2063 1063 2101 Cre-

96 2129 332 2179 miianensis
365 2127 461 2167 Ord.
496 2127 533 2165 S.
572 2126 775 2165 Benedicti
804 2127 841 2163 in
876 2126 1060 2170 Austria‚

98 2193 165 2243 qui
182 2192 317 2231 seculo
337 2191 424 2231 Xll.
442 2191 618 2241 scriptus
636 2201 725 2228 esse
744 2189 921 2228 creditur
942 2200 978 2226 n.
997 2188 1061 2227 55.

104 2255 271 2297 Victoris
306 2253 498 2294 historiae
537 2252 799 2295 Wandalzcoe
838 2251 932 2291 libri
963 2253 1017 2291 XI
1025 2253 1062 2291 V.

98 2321 410 2361 annunciantur.
434 2320 514 2359 Nisi
543 2319 641 2357 forte
666 2317 772 2357 aliud
799 2318 851 2356 sit
875 2328 989 2367 opuS,
1015 2315 1063 2355 ab

96 2386 171 2427 hoc
196 2389 332 2425 nostro
367 2383 592 2429 diversum,
618 2381 724 2432 quod
751 2380 955 2419 historiam
984 2390 1060 2417 non

99 2447 392 2503 persecutionis
417 2445 697 2492 wandalicae,
724 2443 792 2483 sed
830 2445 962 2495 potius
998 2453 1062 2481 res

97 2518 233 2564 gestas
279 2520 417 2562 regum
468 2508 796 2548 Wandalieorum
844 2509 881 2545 in
932 2507 1063 2545 Africa

97 2577 322 2624 contineat3
345 2579 431 2613 tum
459 2583 557 2611 sane
582 2583 678 2611 auro
704 2572 837 2611 carius
872 2571 1059 2608 volumen

97 2643 222 2685 esset,
246 2636 352 2689 quod
378 2635 460 2674 orbi
490 2634 645 2674 erudito
668 2646 744 2672 non
768 2634 871 2673 ultra
894 2632 1064 2672 debebat

97 2700 280 2742 invideri.
298 2699 409 2739 Haec
426 2703 564 2738 autem
582 2698 752 2737 Historia
772 2696 1063 2748 persecutionis

98 2764 246 2817 prodiit
278 2764 453 2815 primum
487 2761 674 2801 Coloniae
709 2759 832 2806 1518,
858 2759 883 2798 8
920 2757 1063 2797 deinde

97 2840 194 2869 cura
217 2825 430 2866 Reinhardi
464 2824 651 2872 Lorichii,
683 2823 828 2862 ibidem
866 2821 968 2862 1537
996 2831 1064 2871 per

98 2891 267 2931 Beatum
292 2889 531 2929 Rhenanum
570 2887 689 2926 Paris.
715 2886 816 2926 1511
856 2886 893 2924 in
920 2883 1063 2923 Ortho-

100 2952 368 3004 doxographis
406 2951 581 3002 Grynaei
620 2955 717 2988 tom.
759 2950 790 2988 Ι.
829 2961 865 3000 p.
913 2947 988 2986 799
1026 2947 1061 2983 in

97 3016 357 3057 Bibliothecis
405 3017 566 3054 Patrum
617 3024 733 3064 porro
784 3023 877 3051 cum
927 3014 1062 3048 annot.

97 3079 295 3118 Francisci
322 3077 505 3117 Balduini
537 3080 627 3128 post
650 3076 843 3126 Optatum
871 3074 1061 3113 Milevita-

99 3153 211 3189 num,
248 3142 370 3180 Paris.
394 3139 520 3186 1569,
554 3140 589 3177 8.
618 3138 726 3178 Haec
750 3138 868 3178 editio
896 3139 931 3174 in
968 3135 1061 3173 Bibl.

101 3205 142 3244 S.
164 3204 330 3242 Joannis
362 3203 577 3253 Hamburgi
603 3203 793 3250 occurrit,
815 3213 834 3240 a
868 3198 1063 3238 Friderico

101 3265 392 3317 Lindenbrogio
416 3265 556 3304 collata
582 3277 669 3304 com
692 3266 769 3304 MS.
795 3264 942 3314 optimo
967 3263 1066 3311 Lug-

101 3329 301 3379 dunensi,
335 3341 386 3369 ex
424 3340 502 3381 quo
544 3329 754 3369 innumera
797 3327 881 3365 loca
919 3325 1066 3375 optime

102 3394 384 3434 restituuntur.
403 3392 551 3433 Prodiit
569 3392 738 3432 ulterius
754 3401 845 3429 cum
870 3386 1068 3439 Operibus

2015 219 2095 262 585

1125 288 1250 338 Vigilii
1289 291 1525 341 Tapsensis,
1561 304 1663 344 quae
1704 293 1870 332 Divione
1910 292 2034 344 4664,
2073 295 2095 333 4

1125 352 1319 403 impressa
1359 359 1476 404 sunt,
1512 367 1603 395 cum
1633 357 1736 394 notis
1777 362 1817 395 et
1849 355 2096 396 dissertatio-

1127 415 1244 454 nibus
1273 418 1375 455 Petri
1411 419 1608 457 Francisci
1635 419 1841 469 Cbifflctii,
1869 420 1955 459 Soc.
1994 421 2092 459 Jesu

1128 479 1597 530 Presbyteri(a)‚tan(lem
1618 487 1728 532 parte
1754 484 1880 533 prima
1901 484 2094 522 Historiae

1128 543 1419 591 persecutionis
1437 543 1673 583 vandalicae
1698 556 1718 583 a
1737 546 1927 584 Ruinarto
1945 545 2089 593 editae,

1125 612 1216 641 curn
1245 606 1349 644 notis
1381 610 1420 643 et
1451 605 1799 647 observationibus
1826 608 1942 656 illius,
1971 609 2092 647 Paris.

1128 664 1243 714 169ἶι,
1269 668 1303 705 8.
1330 666 1380 719 (b)

1182 732 1318 770 Versio
1360 731 1511 782 Belgica
1531 762 1540 779 ,
1587 743 1663 771 von
1700 733 1979 787 vervolssz'nylze
2023 735 2095 776 der

1128 791 1369 832 Chrissenen
1402 794 1443 833 in
1474 793 1618 847 Africa
1655 794 1751 835 door
1784 797 1830 837 cle
1866 798 2086 850 Vanclalen,

1126 856 1270 907 prodiit
1291 857 1488 909 Antverp.
1517 859 1629 905 1568,
1654 858 1692 898 8.

1182 922 1226 959 Ei
1249 933 1408 972 quoque
1433 922 1621 961 tribuitur
1643 924 1782 962 Passio
1808 923 1993 966 Liberata·
2013 925 2093 966 Ab-

1129 983 1231 1024 batz's
1256 991 1293 1024 et
1330 984 1529 1024 sociorum
1569 985 1653 1037 ejus
1686 986 1953 1040 Carthagine,
1989 1003 2091 1041 quae

1129 1050 1251 1089 editio
1276 1055 1338 1088 est
1371 1061 1392 1089 a
1420 1049 1533 1089 Surio
1568 1050 1604 1089 d.
1637 1051 1685 1090 17
1710 1051 1808 1103 Aug.
1836 1059 1875 1091 et
1918 1055 1954 1091 in
1983 1055 2094 1094 Actis

1131 1114 1370 1152 Sanctorum
1398 1119 1506 1152 tomo
1534 1115 1591 1152 [ΙΙ.
1615 1114 1787 1164 Augusti
1811 1128 1846 1166 p.
1874 1117 1963 1157 455.

1185 1177 1415 1227 Conjiciunt
1441 1189 1464 1227 p
1482 1189 1581 1226 arro,
1605 1178 1736 1228 ipsum
1766 1179 1982 1219 Auctorem
2009 1193 2099 1221 esse

1132 1240 1302 1280 Notitiae
1314 1240 1620 1292 provinciarum
1639 1245 1675 1281 et
1691 1241 1897 1283 civitatum
1920 1243 2095 1297 Africae,

1134 1316 1254 1355 quam
1290 1304 1413 1343 edidit
1447 1305 1684 1344 Sirmondus
1722 1307 1898 1357 Operum
1935 1313 2041 1347 tomo
2072 1311 2102 1348 Ι.

1134 1379 1172 1418 p.
1198 1367 1274 1406 430
1296 1368 1376 1406 vid.
1397 1372 1532 1407 tamen
1556 1369 1854 1408 Tillemontium
1881 1375 1975 1409 tom.
1996 1373 2101 1411 XVI.

1137 1443 1174 1482 1).
1199 1429 1289 1470 558.
1309 1432 1392 1471 Non
1420 1437 1555 1470 autem
1579 1432 1739 1470 videtur
1763 1438 1900 1472 auctor
1923 1433 2101 1485 Eoeposi-

1138 1493 1253 1534 tionis
1284 1494 1380 1547 fidel
1403 1493 1697 1535 Catholicorwn
1733 1494 1898 1536 Arianis
1925 1496 2099 1544 oblatae,

1134 1555 1183 1595 de
1205 1569 1281 1608 qua
1303 1558 1407 1597 idem
1431 1571 1468 1609 p.
1493 1560 1583 1608 561,
1604 1559 1696 1598 598.

1190 1622 1403 1661 Caeterum
1440 1621 1642 1673 Anonymi
1671 1622 1836 1662 De'ssert.
1863 1635 1937 1663 sur
1977 1624 2106 1664 Victor

1135 1683 1181 1721 de
1202 1684 1294 1732 Vite,
1311 1696 1408 1724 avec
1429 1697 1506 1724 une
1526 1684 1702 1725 nouvelle
1717 1685 1779 1724 vie
1805 1685 1850 1724 (le
1867 1691 1930 1725 cet
1950 1688 2106 1740 Eveque

1134 1747 1279 1797 prodiit
1304 1749 1426 1786 Paris.
1446 1748 1559 1794 1708,
1586 1749 1645 1788 12.
1672 1749 1820 1788 Confer
1840 1749 2003 1790 Journal
2031 1752 2102 1789 des

1136 1809 1316 1857 Scavans
1342 1811 1442 1849 1708
1461 1823 1496 1862 p.
1511 1811 1606 1851 243.
1622 1813 1830 1851 Memoires
1849 1813 1896 1853 dc
1918 1816 2105 1854 Trevoux

1137 1873 1240 1912 1709
1265 1873 1373 1913 Avril
1403 1886 1438 1925 p.
1465 1873 1557 1913 677.

1190 1936 1530 1977 VlCTORIANUS
1558 1938 1759 1988 Voconius,
1781 1940 1870 1979 vide
1897 1941 1997 1980 infra
2023 1940 2107 1979 VO-

1140 1998 1336 2038 CONlUS.

1191 2062 1525 2112 VICTORINUS,
1570 2065 1616 2112 (c)
1658 2065 1773 2116 pleno
1820 2067 1980 2105 nomine
2032 2067 2108 2104 Fa-

1140 2123 1228 2166 bius
1253 2128 1265 2175 ζ
1269 2126 1304 2176 d)
1334 2126 1503 2176 Marias,
1535 2127 1769 2177 Victorinus,
1797 2129 1902 2178 Afer,
1928 2131 2108 2168 Rhetori-

1196 2217 1240 2256 (a)
1265 2216 1428 2248 Giornale
1452 2217 1482 2248 di
1499 2217 1619 2258 ,Roma
1646 2217 1727 2249 1575
1753 2228 1784 2257 p.
1811 2222 1849 2249 23
1874 2228 1969 2259 seqq.

1194 2268 1241 2307 (b)
1266 2268 1408 2299 Journal
1434 2269 1492 2299 des
1517 2269 1668 2307 Scavans
1696 2272 1778 2300 istit
1814 2279 1846 2309 p.
1871 2273 1944 2300 675.
1969 2269 2113 2301 Journal

1136 2320 1177 2350 de
1200 2319 1404 2359 Hambourg
1428 2329 1460 2359 p.
1502 2322 1574 2353 109.
1617 2321 1701 2352 Aeta
1737 2320 1871 2352 Erudit.
1911 2321 2023 2352 Tomo
2062 2322 2109 2353 ΙΙ.

1138 2371 1316 2411 Supplem.
1342 2381 1374 2411 p.
1405 2373 1478 2404 407.

1196 2424 1240 2463 (c)
1267 2422 1465 2454 Victorinus
1485 2423 1570 2454 alios
1590 2424 1653 2455 hac
1673 2424 1852 2455 occasione
1876 2432 2113 2456 memoramus

1137 2483 1180 2506 ex
1202 2474 1257 2505 Jo.
1284 2474 1427 2515 Launoji
1451 2475 1586 2505 dissert.
1610 2475 1651 2505 de
1675 2476 1827 2515 quinque
1855 2475 2051 2506 Victoriuis.

1241 2528 1268 2556 1.
1290 2525 1496 2557 Victorinus,
1517 2525 1747 2565 quihaeresin
1770 2525 1922 2556 Praxeae
1944 2525 2110 2562 defendit,

1138 2581 1356 2608 memorante
1395 2576 1613 2608 Tertulliano
1649 2577 1690 2608 de
1732 2577 2000 2617 praescriptione
2035 2578 2112 2609 adv.

1138 2628 1334 2659 haereticos
1360 2636 1435 2667 cap.
1462 2627 1526 2658 ult.

1236 2682 1268 2710 2.
1292 2679 1492 2710 Victorinus
1517 2677 1760 2714 Massiliensis,
1786 2679 1828 2710 de
1852 2688 1920 2720 quo
1943 2679 2031 2711 infra
2051 2679 2114 2710 sub

1143 2730 1309 2762 Claudius
1336 2730 1472 2761 Murius
1498 2728 1682 2760 VlCTOR.

1238 2785 1269 2813 3.
1288 2780 1486 2812 Victorinus
1508 2780 1727 2820 Lampadius.
1745 2780 1999 2816 Antiochenus‚
2014 2780 2112 2821 cujus

1140 2833 1326 2865 Orationes
1350 2834 1557 2864 consulares
1581 2832 1713 2865 vai-ias,
1740 2840 1803 2862 nec
1829 2840 1896 2863 non
1924 2831 2114 2872 Imperato-

1137 2886 1212 2915 rias
1254 2885 1286 2915 iu
1335 2883 1472 2915 laudem
1516 2884 1667 2915 Zenonis
1712 2883 1811 2922 Imp.
1852 2883 1931 2913 citat
1976 2882 2115 2913 l’hotius

1139 2936 1221 2968 Cod.
1247 2935 1309 2966 Cl.

1238 2989 1269 3017 4.
1306 2985 1503 3017 Victorinus
1547 2986 1765 3026 Aquitanos,
1808 2985 1884 3015 virle,
1921 2983 2011 3014 infra
2054 2983 2112 3014 Vi-

1139 3038 1286 3070 ctoriae.

1238 3094 1267 3120 5.
1289 3088 1502 3120 Victorinum
1524 3086 1746 3127 Epist-opum.
1766 3086 1823 3126 qui
1841 3085 1883 3116 ob
1905 3086 2107 3125 redargutos

1138 3141 1315 3173 Pascliales
1352 3139 1523 3170 Ecclesiae
1559 3138 1676 3179 nyctos
1712 3139 1743 3168 in
1777 3137 1916 3178 Synodo
1959 3139 2114 3168 Romana

1138 3194 1243 3225 altera
1282 3193 1463 3222 damnatus
1502 3191 1567 3223 sit.
1601 3192 1770 3220 memorat
1809 3188 1983 3220 Ber-onius
2018 3188 2058 3219 ad
2083 3197 2114 3221 a.

1141 3248 1214 3283 305,
1238 3246 1298 3274 322
1328 3243 1386 3273 sed
1412 3243 1484 3272 siue
1513 3245 1611 3272 testo.

1197 3296 1242 3333 (il)
1268 3293 1452 3325 Laurentii
1472 3301 1598 3324 nomen
1623 3292 1806 3332 interponit
1832 3291 2036 3323 Sirmondus
2057 3291 2098 3323 ad

1142 3345 1201 3377 llb.
1227 3345 1254 3379 1.
1280 3345 1385 3385 Epist.
1408 3343 1567 3377 Ennodii.
1588 3343 1707 3383 procul
1729 3342 1832 3374 dubio
1852 3351 1896 3375 ex
1920 3341 2102 3375 Codicibus

1141 3396 1302 3438 antiquis,
1325 3406 1410 3439 quos
1435 3399 1548 3429 tamen
1580 3404 1649 3427 non
1674 3394 1845 3427 indicavit.

1574 3466 1651 3505 225
