2566 4009
912 241 1213 282 MARCUS
1412 256 1418 262 ·
1991 240 2044 280 25

75 319 162 360 dell'
176 333 244 360 oro
274 323 312 359 et
332 319 418 359 dell'
438 321 600 369 arqento
617 349 627 365 ,
655 321 692 356 et
717 319 751 366 4)
777 315 875 356 delle
895 314 1024 366 pietre

72 383 254 434 pretiose.
289 384 432 422 Exstat
463 383 498 419 in
529 381 828 419 collectionibus
870 379 1026 415 itinera—

73 447 217 484 riorum
236 477 246 492 ,
273 449 316 484 ut
339 446 395 483 Jo.
431 444 628 493 Baptistae
668 443 842 482 Ramusii
882 441 1024 478 Venet.

74 508 189 546 1559.
211 507 274 546 fol.
298 506 400 557 (197.
422 507 471 545 Et
500 517 680 545 seorsum
707 504 881 543 Venetiis
907 502 1022 541 4496.

71 569 110 608 S.
140 568 184 608 A.
219 570 333 608 1590.
359 570 473 608 1626.
506 570 540 606 8.
572 568 618 606 In
649 567 813 606 Fz'renze
840 563 955 604 1827.
984 566 1019 601 in

73 632 108 670 4.
125 642 163 669 ν.
183 632 219 670 2.
237 632 330 671 Cur.
351 632 380 670 J.
403 633 446 669 Β.
464 629 639 678 Baldelli,
657 630 696 668 in
718 627 882 668 Venezz'a
900 627 1016 667 1829.

71 706 110 732 ν.
135 694 170 732 2.
191 695 360 734 meur.
377 695 421 732 B.
443 691 623 742 Gamba).

127 757 203 795 Sed
225 757 361 796 Latine
391 758 528 803 vertit,
552 755 668 806 cujus
706 752 835 792 adhuc
875 752 1020 791 inedita

70 824 134 858 est
168 820 468 870 interpretatio,
503 816 744 855 Franciscus
786 815 950 866 Pipi'nus
985 817 1018 863 a)

69 883 330 921 Bononiensis
353 881 446 920 Ord.
483 879 619 919 Praed.
650 881 750 918 circa
775 879 821 918 A.
840 879 951 917 1320.
969 877 1017 916 de

72 955 150 994 quo
181 955 298 995 supra
329 948 356 982 t.
388 944 411 981 2
443 955 480 994 p.
503 944 593 981 602.
626 954 708 992 seq.
727 942 791 981 ubi
823 943 942 980 etiam
972 940 1021 978 de

70 1007 142 1046 alia
169 1008 351 1045 versione
377 1005 517 1045 Latina
545 1007 704 1056 saepius
729 1004 832 1043 edita
854 1036 862 1053 ‚
891 1009 932 1042 ct
961 1015 1021 1041 re-

70 1070 220 1108 censita
239 1070 454 1107 novissime
479 1068 526 1107 ab
547 1067 703 1106 Andrea
729 1067 890 1106 Mullero
914 1066 1022 1104 Crei-

71 1131 276 1182 fenhagio,
307 1131 488 1170 Coloniae
519 1129 713 1168 Brandeb.
743 1130 828 1167 sive
854 1128 1019 1167 Berolini

70 1193 184 1232 1671.
210 1194 244 1231 4.
269 1203 497 1243 quanquam
519 1195 830 1230 commentarius
853 1192 889 1228 in
923 1191 1020 1228 Pau-

69 1256 150 1294 lum
193 1255 242 1293 ab
276 1254 413 1293 eodem
446 1255 668 1304 promissus
696 1253 859 1292 Mullero
889 1253 1019 1291 lucem

69 1326 273 1366 nunquam
305 1315 420 1354 vidit.

93 1379 258 1428 ‚Versio
280 1376 446 1429 Anylica
482 1380 614 1415 exstat
649 1378 687 1414 in
724 1376 1020 1415 collectionibus

67 1440 336 1491 hodoeporicis
351 1439 533 1478 Rlchardi
551 1438 708 1478 Hakluit
729 1468 736 1486 ,
756 1437 875 1476 Lond.
904 1438 1020 1477 1598.

71 1504 94 1542 f.
125 1502 321 1542 Samuelis
350 1502 576 1541 Purchassii
607 1500 730 1540 Lond.
757 1501 874 1540 1625.
905 1501 929 1538 f.
960 1502 1017 1538 Jo.

69 1566 231 1605 Harrisii
260 1569 334 1604 etc.
365 1563 526 1615 Belyica
550 1565 587 1602 in
619 1564 771 1614 sylloge
801 1564 1021 1601 itinerario-

66 1640 153 1667 rum
184 1628 432 1678 amplissima
462 1638 583 1678 quam
605 1627 784 1665 XXVllI.
812 1626 850 1663 in
876 1631 1018 1664 octavo

61 1689 330 1729 voluminibus
360 1689 484 1740 Lugd.
512 1691 596 1728 Bat.
631 1688 746 1728 1707.
775 1689 810 1726 8.
837 1688 1019 1739 vulgavit

66 1755 207 1792 Petrus
235 1764 312 1792 van
331 1751 402 1791 der
426 1752 481 1791 Aa
501 1783 512 1801 ,
539 1753 605 1802 qui
633 1749 829 1790 Gallicam
855 1763 1014 1802 quoque

64 1815 225 1855 exhibet
252 1820 359 1854 tomo
389 1814 565 1854 secundo
589 1814 838 1853 collectionis
883 1814 1014 1853 editae

65 1878 189 1929 Lugd.
203 1879 288 1917 Bat.
305 1877 420 1917 1719.
439 1878 472 1915 4.
493 1877 639 1916 recueil
655 1876 726 1915 des
744 1888 920 1927 voyages
937 1881 1012 1915 etc.

115 1940 323 1980 MARCUS
346 1941 485 1989 Poeta,
509 1951 630 1991 supra
656 1939 825 1979 Marcus
841 1940 881 1979 S.
897 1940 1015 1978 Bene-

64 2001 170 2042 dicti.

71 2111 74 2116 ,
117 2065 318 2105 MARCUS
347 2064 394 2104 de
415 2065 581 2104 Summa
603 2063 698 2116 ripa
726 2066 763 2103 in
795 2064 1016 2115 subalpinis

66 2127 288 2167 Subaudiae
304 2159 315 2176 ,
346 2128 494 2176 Italus,
519 2127 611 2165 Ord.
636 2129 774 2166 Minor.
815 2128 1017 2166 Professor

64 2190 285 2241 Theologus
314 2191 352 2228 in
382 2190 595 2228 Conventu
625 2192 795 2229 Taurino
815 2191 918 2229 circa
942 2190 1015 2228 An.

71 2253 186 2299 1119.
210 2252 326 2304 cujus
354 2253 506 2291 Bonum
535 2252 851 2301 Quaternorium
867 2252 940 2291 hoc
955 2256 1018 2290 est

67 2313 432 2366 Quadrayesz'male,
457 2317 542 2353 sive
563 2327 769 2354 sermones
790 2317 827 2352 in
843 2314 1018 2361 Quadra—

66 2378 216 2427 gesima
245 2377 399 2416 habitos
427 2377 562 2417 laudat
589 2377 838 2428 Waddingus
860 2388 898 2427 p.
928 2377 1018 2416 218.

118 2439 321 2478 MARCUS
340 2438 544 2477 Toletanae
558 2439 762 2477 Ecclesiae
779 2439 1018 2485 Canonious,

68 2504 205 2538 auctor
233 2502 393 2539 Latinae
425 2502 622 2540 versionis
659 2499 873 2548 Alcoranz',
917 2511 1019 2550 quae

70 2574 160 2601 cum
190 2562 385 2602 Alcorano
414 2562 663 2602 Muhamedis
692 2562 858 2601 Arabice
884 2574 1021 2601 exara-

68 2629 108 2663 to
137 2625 433 2676 elegantissime
463 2629 502 2663 et
531 2636 626 2664 auro
656 2627 805 2676 passim
830 2628 1020 2663 exornato

69 2690 254 2726 servatur
283 2688 321 2724 in
351 2687 537 2725 Biblioth.
555 2687 768 2733 Caesarea,
787 2691 890 2725 teste
908 2687 1021 2724 Lam—

60 2750 171 2788 becio
195 2753 289 2787 tom.
306 2749 342 2787 2.
367 2760 453 2799 pag.
479 2748 573 2787 279.
600 2748 708 2787 idem
731 2749 899 2788 fortasse
921 2749 1021 2787 Mar-

66 2822 140 2850 cus
169 2812 388 2850 Toletanus
416 2810 533 2863 cujus
564 2812 792 2850 versionem
824 2811 909 2850 libri
943 2810 1021 2849 Ga—

69 2872 153 2912 leno
182 2873 375 2924 suppositi
405 2872 454 2911 de
495 2873 669 2912 motibus
713 2874 940 2912 manifestis
979 2878 1020 2911 et

67 2935 246 2974 obscuris
259 2946 308 2973 ex
324 2935 490 2974 Arabica
508 2935 694 2974 Joannitii
712 2937 925 2983 versione,
956 2936 1019 2974 Bi-

67 2995 541 3036 bliothecar.Med‘icarum
551 2999 766 3049 scriptores
783 3003 1017 3037 memorant.

122 3058 327 3100 MARCUS
362 3057 540 3108 Vi'9eri'us
581 3060 826 3099 Savonensis
871 3062 1017 3111 Ligur,

71 3122 163 3162 Ord.
193 3123 328 3161 Minor.
362 3131 484 3170 nepos
511 3121 641 3160 Marci
667 3122 814 3174 Viyeril
835 3124 1017 3174 Episcopi

71 3183 243 3233 Nolani,
274 3183 495 3234 Episcopus
533 3183 840 3235 Senogalliensis
885 3191 925 3223 et
970 3185 1018 3223 ab

71 3249 147 3288 An.
172 3248 292 3287 1505.
316 3244 538 3286 Cardinalis
563 3246 743 3285 interfuit
760 3248 933 3286 Concilio
951 3249 1021 3286 La-

125 3381 157 3418 a')
175 3382 352 3421 perperam
380 3387 539 3410 excusum
565 3380 715 3420 lupinus
734 3406 741 3417 ‚
768 3381 800 3411 in
836 3379 964 3411 Galeria
994 3381 1024 3412 di

1097 315 1298 352 teranensi
1330 313 1402 352 An.
1434 313 1550 352 1512.
1578 316 1617 350 et
1643 312 1788 350 Romae
1815 310 1889 349 An.
1929 313 2044 351 1516.

1097 375 1312 414 defunctus
1343 386 1411 426 pro
1443 375 1580 413 funere
1613 374 1800 413 laudatus
1831 377 1893 411 est
1923 384 1942 411 a
1975 374 2048 412 Ca-

1097 438 1204 476 millo
1234 438 1426 476 Porcario.
1457 436 1556 475 Vide
1580 438 1834 476 Ciacconium
1868 436 1907 473 in
1953 437 2046 473 vitis

1097 499 1366 539 Cardinalium
1398 511 1432 549 p.
1462 498 1563 538 1374
1594 510 1676 550 seq.
1709 498 1976 549 Waddingum
2009 509 2046 548 p.

1095 563 1184 601 248.
1215 567 1254 600 et
1285 562 1326 600 H.
1360 561 1620 600 Warihonum
1653 562 1700 600 ad
1727 563 1917 601 Caveum.
1943 560 2046 599 Scri-

1094 626 1172 675 psit
1202 622 1498 662 Decachordum
1532 622 1804 663 Christianum
1837 623 1885 661 de
1935 634 2045 673 prae-

1088 687 1216 736 cipuis
1245 687 1442 725 Incarnati
1474 685 1588 724 Verbi
1607 687 1813 735 mysteriis
1829 684 1875 723 ad
1896 685 2045 723 Julium

1094 750 1140 788 ΙΙ.
1171 751 1264 788 Fani
1296 747 1412 788 1507.
1442 753 1483 786 et
1529 748 1575 786 cle
1617 747 1852 786 excellentia
1892 748 2048 785 Instru-

1093 814 1311 849 mentorum
1336 810 1561 849 Domz'nicae
1579 809 1781 849 Passionis
1800 811 1909 847 Rom.
1931 809 2047 848 1512.

1094 885 1196 925 quae
1216 874 1331 912 ambo
1357 875 1505 924 scripta
1530 883 1670 911 recusa
1688 873 1807 910 Paris.
1835 871 1948 910 1517.
1975 872 2048 909 lla-

1094 947 1242 988 ganoae
1273 936 1388 975 1517.
1413 940 1453 974 et
1482 936 1603 974 Duaci
1651 935 1768 973 1607.
1817 932 2047 984 Apoloyiam

1087 1010 1163 1050 pro
1193 997 1303 1038 Julio
1335 998 1390 1036 II.
1406 997 1605 1036 adversus
1624 995 1840 1037 Concilium
1860 995 2049 1034 Pisanum

1095 1062 1366 1112 imperfectam
1397 1061 1445 1100 ab
1475 1072 1520 1099 eo
1545 1060 1721 1098 relictam
1748 1059 1850 1098 Julio
1874 1059 1920 1096 ll.
1947 1068 2048 1095 mor-

1094 1130 1188 1171 tuo,
1219 1128 1330 1162 notat
1359 1124 1604 1162 Ciacconius.
1640 1123 1694 1160 De
1723 1121 1913 1173 di'ynitate
1941 1119 2050 1173 ferri

1094 1186 1253 1225 lanceae
1271 1184 1436 1226 CHrz'sti
1450 1188 1487 1224 et
1499 1184 1822 1224 vestimentorum
1841 1183 1878 1235 ej
1882 1194 1927 1221 us
1941 1183 2045 1233 quod

1086 1251 1281 1288 Manuscr.
1312 1250 1349 1286 in
1381 1249 1569 1287 Vaticana
1602 1246 1850 1297 Waddingus
1896 1256 2043 1283 memo-

1094 1316 1179 1356 rat.
1210 1312 1343 1349 nescio
1373 1321 1421 1349 an
1452 1309 1658 1348 diversum
1688 1320 1710 1347 a
1745 1313 1857 1359 parte
1886 1308 1972 1346 libri
1997 1308 2045 1346 de

1094 1373 1328 1411 excellentia
1389 1373 1753 1410 Instrumentorum
1818 1371 2045 1408 Dominicae

1094 1435 1306 1473 Passionis.
1336 1432 1548 1484 Dz'aloyum
1576 1432 1623 1471 de
1652 1431 1828 1471 tollendis
1850 1429 2043 1470 abusibus

1095 1495 1296 1536 Ecclesiae
1315 1528 1326 1544 ‚
1351 1507 1400 1534 ex
1422 1495 1600 1534 Gesnero
1625 1495 1819 1534 Simlerus
1839 1501 2044 1533 memorat.

1146 1559 1352 1599 MARCUS
1373 1556 1626 1597 Vi'terbiensz's
1645 1557 1738 1597 Ord.
1761 1558 1956 1596 Minorum
1972 1557 2047 1595 Ge-

1093 1623 1240 1662 neralis
1269 1626 1308 1660 et
1338 1622 1387 1661 ab
1417 1621 1492 1660 An.
1528 1621 1639 1660 1366.
1689 1619 1940 1666 Cardinalis,
1983 1618 2046 1657 de-

1093 1686 1257 1725 functus
1304 1684 1349 1723 A.
1401 1683 1518 1722 1369.
1549 1683 1716 1733 Scripsit
1751 1683 1956 1721 Summam
1985 1692 2048 1719 ca·

1089 1759 1206 1787 suum
1232 1745 1501 1787 Conscientiae
1526 1746 1786 1785 etSermones
1804 1743 1849 1783 de
1867 1747 2049 1795 tempore.

1089 1810 1186 1850 Vide
1215 1810 1261 1849 G.
1286 1809 1447 1861 Josephi
1476 1809 1583 1860 Eggs
1627 1819 1848 1859 purpuram
1893 1806 2049 1845 doctam

1087 1878 1182 1912 tom.
1216 1875 1249 1912 1.
1282 1884 1371 1924 pag.
1395 1871 1487 1912 419.
1519 1871 1586 1910 ubi
1619 1882 1668 1909 ex
1700 1870 1818 1909 Paulo
1866 1869 2046 1909 Cortesio

1089 1936 1212 1974 refert
1239 1936 1287 1973 ab
1317 1946 1362 1974 eo
1392 1934 1683 1985 praescriptam
1729 1932 1850 1984 leyem
1898 1934 2049 1970 certam

1087 1997 1370 2050 neyotc‘atorz'ae
1393 1996 1497 2036 vitae
1513 2029 1523 2046 .-
1550 2008 1604 2035 ως
1629 2007 1711 2047 qua
1728 1995 1858 2033 minus
1878 1995 1917 2033 in
1933 2005 2050 2045 a9en-

1089 2060 1136 2099 clo
1165 2059 1291 2099 soleat
1317 2059 1475 2098 animae
1505 2058 1688 2098 excitari
1715 2068 1891 2096 morsus.

1143 2124 1348 2162 MARCUS
1379 2121 1570 2162 Ulmensis
1603 2123 1764 2161 Svevus
1792 2120 1887 2158 Ord.
1911 2118 2050 2159 Minor.

1090 2189 1194 2226 circa
1224 2187 1270 2226 A.
1307 2186 1419 2224 1460.
1444 2187 1466 2224 a
1495 2183 1718 2234 Waddingo
1744 2195 1831 2234 pao.
1857 2183 1947 2221 219.
1970 2186 2049 2219 tra·

1092 2250 1201 2289 dltur
1230 2247 1521 2287 Dz‘ctionarz'um
1557 2246 1597 2285 z'n
1634 2256 1866 2284 universam
1890 2254 2050 2282 sacram

1092 2315 1344 2365 Scripturam
1371 2311 1660 2361 composuisse.
1691 2309 1812 2359 Incip.
1842 2305 2050 2346 Abstinen-

1095 2374 1146 2413 tz‘a
1179 2372 1449 2425 multipliciter
1474 2371 1663 2411 sumitur.

1147 2435 1532 2479 MARCWARDUS‚
1562 2431 1871 2484 Marqaardas,
1915 2430 2047 2469 Abbas

1093 2497 1307 2537 Fulclensz's
1336 2499 1440 2536 circa
1469 2496 1546 2535 An.
1587 2497 1701 2535 1151.
1746 2495 1843 2533 Vide
1883 2495 2047 2533 Joannis

1096 2559 1280 2598 Friderici
1298 2559 1501 2598 Schannat
1523 2568 1668 2608 corpus
1684 2556 1940 2595 traditionum
1960 2556 2048 2593 Ful-

1095 2621 1282 2660 densium
1313 2632 1350 2658 n.
1373 2621 1482 2659 DCL.
1507 2631 1593 2670 pag.
1618 2619 1709 2657 271.
1735 2622 1776 2655 ct
1792 2616 2049 2667 Christopho-

1095 2685 1126 2722 ri
1156 2683 1335 2721 Broweri
1365 2683 1629 2732 antiquitates
1659 2679 1880 2719 Fuldenses
1909 2678 1973 2717 lib.
2009 2679 2044 2717 3.

1095 2757 1179 2797 cap.
1212 2747 1275 2784 13.

1146 2805 1506 2847 MARCWARDUS
1551 2805 1696 2853 Rasis,
1743 2807 1911 2854 scriptor
1955 2805 2047 2842 Pra—

1093 2872 1243 2919 cticae,
1270 2870 1436 2909 Simlero
1461 2872 1731 2914 memoratuS,
1747 2866 1880 2917 junior
1899 2866 1960 2904 ille
1985 2871 2046 2904 est

1093 2934 1262 2972 Joannes
1288 2930 1521 2983 Marquard
1557 2930 1732 2970 Medicus
1776 2930 2044 2975 Viennensis,

1094 2996 1208 3046 cujus
1247 2997 1420 3046 practica
1463 2995 1652 3044 empirica
1702 3002 1842 3030 recusa
1891 2991 2049 3029 morbo-

1095 3070 1181 3098 rum
1213 3059 1444 3096 interiorum
1475 3067 1495 3094 a
1521 3056 1651 3105 capite
1681 3053 1729 3092 ad
1759 3053 1921 3092 calcem.
1961 3052 2047 3103 Spi-

1096 3134 1160 3161 rae
1189 3121 1234 3160 A.
1268 3121 1381 3159 1583.
1412 3124 1533 3169 atque
1564 3116 1654 3155 inde
1698 3116 1883 3166 sa01)iuS‚
1932 3120 1973 3154 ut
2023 3128 2042 3154 a

1095 3183 1358 3223 Bibliothecae
1387 3181 1559 3220 Medicae
1591 3177 1852 3228 scriptoribus
1872 3188 1953 3227 Jarn
1981 3184 2044 3216 est

1096 3251 1290 3285 notatum.

1090 3383 1233 3420 Minerva
1260 3379 1350 3408 Tom.
1381 3376 1405 3410 1,
1431 3386 1464 3416 p.
1486 3376 1558 3408 277.
