<?xml version="1.0" encoding="UTF-8"?>
<!DOCTYPE html PUBLIC "-//W3C//DTD XHTML 1.0 Transitional//EN"
    "http://www.w3.org/TR/xhtml1/DTD/xhtml1-transitional.dtd">
<html xmlns="http://www.w3.org/1999/xhtml" xml:lang="en" lang="en">
 <head>
  <title>
</title>
<meta http-equiv="Content-Type" content="text/html;charset=utf-8" />
  <meta name='ocr-system' content='tesseract 3.04.00' />
  <meta name='ocr-capabilities' content='ocr_page ocr_carea ocr_par ocr_line ocrx_word'/>
</head>
<body>
  <div class='ocr_page' id='page_1' title='image "./bibliothecalatin05fabruoft/bibliothecalatin05fabruoft_0206.png"; bbox 0 0 2533 4009; ppageno 0'>
   <div class='ocr_carea' id='block_1_1' title="bbox 412 262 1389 2544">
    <p class='ocr_par' dir='ltr' id='par_1_1' title="bbox 412 262 1389 2544">
     <span class='ocr_line' id='line_1_1' title="bbox 416 262 496 298; baseline -0.05 0"><span class='ocrx_word' id='word_1_1' title='bbox 416 262 496 298; x_wconf 70' lang='lat'>200</span> 
     </span>
     <span class='ocr_line' id='line_1_2' title="bbox 417 315 1358 366; baseline -0.017 0"><span class='ocrx_word' id='word_1_2' title='bbox 417 330 635 366; x_wconf 72' lang='lat' dir='ltr'>Diaconus.</span> <span class='ocrx_word' id='word_1_3' title='bbox 669 321 879 363; x_wconf 55' lang='lat' dir='ltr'>ivosium-ii.</span> <span class='ocrx_word' id='word_1_4' title='bbox 918 319 1041 357; x_wconf 84' lang='lat' dir='ltr'>ultimi</span> <span class='ocrx_word' id='word_1_5' title='bbox 1091 315 1358 365; x_wconf 65' lang='lat' dir='ltr'>Langobardo—</span> 
     </span>
     <span class='ocr_line' id='line_1_3' title="bbox 417 374 1360 436; baseline -0.017 -7"><span class='ocrx_word' id='word_1_6' title='bbox 417 402 502 429; x_wconf 87' lang='lat' dir='ltr'>rum</span> <span class='ocrx_word' id='word_1_7' title='bbox 534 389 646 436; x_wconf 58' lang='lat' dir='ltr'>Regis</span> <span class='ocrx_word' id='word_1_8' title='bbox 675 383 848 422; x_wconf 78' lang='lat' dir='ltr'>notarius</span> <span class='ocrx_word' id='word_1_9' title='bbox 877 381 962 417; x_wconf 84' lang='lat' dir='ltr'>sive</span> <span class='ocrx_word' id='word_1_10' title='bbox 992 374 1290 424; x_wconf 72' lang='lat' dir='ltr'>Cancellarius,</span> <span class='ocrx_word' id='word_1_11' title='bbox 1320 381 1360 413; x_wconf 82' lang='lat' dir='ltr'>et</span> 
     </span>
     <span class='ocr_line' id='line_1_4' title="bbox 415 436 1359 501; baseline -0.015 -13"><span class='ocrx_word' id='word_1_12' title='bbox 415 457 498 501; x_wconf 73' lang='lat' dir='ltr'>post</span> <span class='ocrx_word' id='word_1_13' title='bbox 531 436 618 487; x_wconf 69' lang='lat' dir='ltr'>vum</span> <span class='ocrx_word' id='word_1_14' title='bbox 652 449 672 483; x_wconf 73' lang='lat' dir='ltr'>{i</span> <span class='ocrx_word' id='word_1_15' title='bbox 703 443 838 482; x_wconf 80' lang='lat' dir='ltr'>Carolo</span> <span class='ocrx_word' id='word_1_16' title='bbox 868 443 914 479; x_wconf 88' lang='grc' dir='ltr'>Μ.</span> <span class='ocrx_word' id='word_1_17' title='bbox 947 441 991 479; x_wconf 73' lang='grc' dir='ltr'>Α.</span> <span class='ocrx_word' id='word_1_18' title='bbox 1035 439 1126 477; x_wconf 72' lang='grc'>774.</span> <span class='ocrx_word' id='word_1_19' title='bbox 1172 442 1359 487; x_wconf 81' lang='lat' dir='ltr'>captum,</span> 
     </span>
     <span class='ocr_line' id='line_1_5' title="bbox 416 501 1360 562; baseline -0.017 -10"><span class='ocrx_word' id='word_1_20' title='bbox 416 513 595 562; x_wconf 73' lang='lat' dir='ltr'>captivus</span> <span class='ocrx_word' id='word_1_21' title='bbox 639 513 675 544; x_wconf 76' lang='lat' dir='ltr'>et</span> <span class='ocrx_word' id='word_1_22' title='bbox 721 507 830 555; x_wconf 78' lang='lat' dir='ltr'>ipse,</span> <span class='ocrx_word' id='word_1_23' title='bbox 861 503 951 540; x_wconf 76' lang='lat' dir='ltr'>iudo</span> <span class='ocrx_word' id='word_1_24' title='bbox 994 502 1042 539; x_wconf 92' lang='lat' dir='ltr'>ob</span> <span class='ocrx_word' id='word_1_25' title='bbox 1078 501 1195 538; x_wconf 83' lang='lat' dir='ltr'>fidem</span> <span class='ocrx_word' id='word_1_26' title='bbox 1241 504 1360 548; x_wconf 84' lang='lat' dir='ltr'>atque</span> 
     </span>
     <span class='ocr_line' id='line_1_6' title="bbox 413 562 1362 615; baseline -0.015 -4"><span class='ocrx_word' id='word_1_27' title='bbox 413 581 583 612; x_wconf 80' lang='lat' dir='ltr'>amorem</span> <span class='ocrx_word' id='word_1_28' title='bbox 615 571 862 606; x_wconf 81' lang='lat' dir='ltr'>constantem</span> <span class='ocrx_word' id='word_1_29' title='bbox 895 575 985 615; x_wconf 70' lang='lat' dir='ltr'>erga</span> <span class='ocrx_word' id='word_1_30' title='bbox 1026 562 1273 602; x_wconf 81' lang='lat' dir='ltr'>Desiderium</span> <span class='ocrx_word' id='word_1_31' title='bbox 1305 563 1362 598; x_wconf 92' lang='lat' dir='ltr'>in-</span> 
     </span>
     <span class='ocr_line' id='line_1_7' title="bbox 415 624 1364 676; baseline -0.012 -6"><span class='ocrx_word' id='word_1_32' title='bbox 415 637 524 671; x_wconf 79' lang='lat' dir='ltr'>visus</span> <span class='ocrx_word' id='word_1_33' title='bbox 539 635 591 667; x_wconf 53' lang='lat' dir='ltr'>*ot</span> <span class='ocrx_word' id='word_1_34' title='bbox 621 629 736 676; x_wconf 79' lang='lat' dir='ltr'>exul,</span> <span class='ocrx_word' id='word_1_35' title='bbox 770 638 857 665; x_wconf 79' lang='lat' dir='ltr'>mox</span> <span class='ocrx_word' id='word_1_36' title='bbox 890 625 1104 665; x_wconf 75' lang='lat' dir='ltr'>Monachus</span> <span class='ocrx_word' id='word_1_37' title='bbox 1138 624 1364 672; x_wconf 42' lang='lat' dir='ltr'>‚Cassinen-</span> 
     </span>
     <span class='ocr_line' id='line_1_8' title="bbox 412 687 1358 741; baseline -0.011 -8"><span class='ocrx_word' id='word_1_38' title='bbox 412 697 465 733; x_wconf 84' lang='lat' dir='ltr'>sis</span> <span class='ocrx_word' id='word_1_39' title='bbox 494 698 532 730; x_wconf 72' lang='lat' dir='ltr'>ct</span> <span class='ocrx_word' id='word_1_40' title='bbox 561 696 720 741; x_wconf 84' lang='lat' dir='ltr'>propter</span> <span class='ocrx_word' id='word_1_41' title='bbox 751 691 952 737; x_wconf 65' lang='lat' dir='ltr'>ingenium</span> <span class='ocrx_word' id='word_1_42' title='bbox 984 694 1106 738; x_wconf 82' lang='lat' dir='ltr'>atque</span> <span class='ocrx_word' id='word_1_43' title='bbox 1136 687 1358 725; x_wconf 81' lang='lat' dir='ltr'>doctrinam</span> 
     </span>
     <span class='ocr_line' id='line_1_9' title="bbox 414 750 1362 796; baseline -0.011 -1"><span class='ocrx_word' id='word_1_44' title='bbox 414 755 549 795; x_wconf 80' lang='lat' dir='ltr'>Carolo</span> <span class='ocrx_word' id='word_1_45' title='bbox 580 755 623 791; x_wconf 75' lang='lat' dir='ltr'>M.</span> <span class='ocrx_word' id='word_1_46' title='bbox 647 754 764 790; x_wconf 84' lang='lat' dir='ltr'>etiam</span> <span class='ocrx_word' id='word_1_47' title='bbox 787 752 957 790; x_wconf 81' lang='lat' dir='ltr'>dilectus</span> <span class='ocrx_word' id='word_1_48' title='bbox 982 756 1022 788; x_wconf 77' lang='lat' dir='ltr'>et</span> <span class='ocrx_word' id='word_1_49' title='bbox 1047 750 1264 788; x_wconf 79' lang='lat' dir='ltr'>honoratus</span> <span class='ocrx_word' id='word_1_50' title='bbox 1281 780 1290 796; x_wconf 73' lang='lat'>,</span> <span class='ocrx_word' id='word_1_51' title='bbox 1318 753 1362 786; x_wconf 90' lang='lat' dir='ltr'>ut</span> 
     </span>
     <span class='ocr_line' id='line_1_10' title="bbox 413 812 1363 855; baseline -0.007 0"><span class='ocrx_word' id='word_1_52' title='bbox 413 818 584 855; x_wconf 72' lang='lat' dir='ltr'>carmina</span> <span class='ocrx_word' id='word_1_53' title='bbox 603 815 730 854; x_wconf 82' lang='lat' dir='ltr'>Caroli</span> <span class='ocrx_word' id='word_1_54' title='bbox 748 814 793 852; x_wconf 90' lang='lat' dir='ltr'>ad</span> <span class='ocrx_word' id='word_1_55' title='bbox 822 814 984 852; x_wconf 74' lang='lat' dir='ltr'>Paulum</span> <span class='ocrx_word' id='word_1_56' title='bbox 1013 816 1171 850; x_wconf 82' lang='lat' dir='ltr'>servata</span> <span class='ocrx_word' id='word_1_57' title='bbox 1197 813 1220 848; x_wconf 71' lang='lat' dir='ltr'>a</span> <span class='ocrx_word' id='word_1_58' title='bbox 1235 812 1363 848; x_wconf 87' lang='lat' dir='ltr'>Leone</span> 
     </span>
     <span class='ocr_line' id='line_1_11' title="bbox 412 874 1362 922; baseline -0.009 -4"><span class='ocrx_word' id='word_1_59' title='bbox 412 881 594 919; x_wconf 75' lang='lat' dir='ltr'><strong>Ostiense</strong></span> <span class='ocrx_word' id='word_1_60' title='bbox 625 878 686 915; x_wconf 94' lang='lat' dir='ltr'>lib.</span> <span class='ocrx_word' id='word_1_61' title='bbox 720 879 753 915; x_wconf 89' lang='grc'>4.</span> <span class='ocrx_word' id='word_1_62' title='bbox 785 875 966 915; x_wconf 82' lang='lat' dir='ltr'>Chronici</span> <span class='ocrx_word' id='word_1_63' title='bbox 998 874 1254 920; x_wconf 81' lang='lat' dir='ltr'>Casinensis,</span> <span class='ocrx_word' id='word_1_64' title='bbox 1279 884 1362 922; x_wconf 86' lang='lat' dir='ltr'>cap.</span> 
     </span>
     <span class='ocr_line' id='line_1_12' title="bbox 420 935 1365 990; baseline -0.008 -10"><span class='ocrx_word' id='word_1_65' title='bbox 420 944 474 980; x_wconf 70' lang='lat'>¹53.</span> <span class='ocrx_word' id='word_1_66' title='bbox 505 946 544 977; x_wconf 75' lang='lat' dir='ltr'>ot</span> <span class='ocrx_word' id='word_1_67' title='bbox 575 951 693 990; x_wconf 88' lang='lat' dir='ltr'>supra</span> <span class='ocrx_word' id='word_1_68' title='bbox 725 945 818 977; x_wconf 91' lang='lat' dir='ltr'>tom.</span> <span class='ocrx_word' id='word_1_69' title='bbox 847 941 881 977; x_wconf 91' lang='grc'>4.</span> <span class='ocrx_word' id='word_1_70' title='bbox 912 949 998 988; x_wconf 79' lang='lat' dir='ltr'>pag.</span> <span class='ocrx_word' id='word_1_71' title='bbox 1028 937 1118 975; x_wconf 86' lang='grc'>349.</span> <span class='ocrx_word' id='word_1_72' title='bbox 1142 946 1226 984; x_wconf 80' lang='lat' dir='ltr'>seq.</span> <span class='ocrx_word' id='word_1_73' title='bbox 1249 935 1365 972; x_wconf 81' lang='lat' dir='ltr'>obvia</span> 
     </span>
     <span class='ocr_line' id='line_1_13' title="bbox 414 996 1367 1052; baseline -0.007 -12"><span class='ocrx_word' id='word_1_74' title='bbox 414 1004 512 1042; x_wconf 77' lang='lat' dir='ltr'>satis</span> <span class='ocrx_word' id='word_1_75' title='bbox 556 1014 755 1052; x_wconf 81' lang='lat' dir='ltr'>superque</span> <span class='ocrx_word' id='word_1_76' title='bbox 801 1005 1016 1038; x_wconf 82' lang='lat' dir='ltr'>testantur.</span> <span class='ocrx_word' id='word_1_77' title='bbox 1058 1000 1113 1036; x_wconf 82' lang='lat' dir='ltr'>De</span> <span class='ocrx_word' id='word_1_78' title='bbox 1144 998 1216 1035; x_wconf 86' lang='lat' dir='ltr'>hoc</span> <span class='ocrx_word' id='word_1_79' title='bbox 1250 996 1367 1034; x_wconf 81' lang='lat' dir='ltr'>Paulo</span> 
     </span>
     <span class='ocr_line' id='line_1_14' title="bbox 414 1059 1369 1116; baseline -0.008 -13"><span class='ocrx_word' id='word_1_80' title='bbox 414 1071 570 1116; x_wconf 77' lang='lat' dir='ltr'>praeter</span> <span class='ocrx_word' id='word_1_81' title='bbox 602 1067 771 1102; x_wconf 83' lang='lat' dir='ltr'>Leonem</span> <span class='ocrx_word' id='word_1_82' title='bbox 803 1060 1077 1100; x_wconf 84' lang='lat' dir='ltr'>consulendus</span> <span class='ocrx_word' id='word_1_83' title='bbox 1107 1062 1248 1098; x_wconf 81' lang='lat' dir='ltr'>Petrus</span> <span class='ocrx_word' id='word_1_84' title='bbox 1285 1059 1369 1096; x_wconf 77' lang='lat' dir='ltr'>Dia-</span> 
     </span>
     <span class='ocr_line' id='line_1_15' title="bbox 414 1121 1370 1166; baseline -0.009 -1"><span class='ocrx_word' id='word_1_85' title='bbox 414 1139 538 1166; x_wconf 81' lang='lat' dir='ltr'>conus</span> <span class='ocrx_word' id='word_1_86' title='bbox 568 1126 665 1164; x_wconf 88' lang='lat' dir='ltr'>libro</span> <span class='ocrx_word' id='word_1_87' title='bbox 695 1125 742 1163; x_wconf 85' lang='lat' dir='ltr'>de</span> <span class='ocrx_word' id='word_1_88' title='bbox 774 1125 875 1163; x_wconf 71' lang='lat' dir='ltr'>Viris</span> <span class='ocrx_word' id='word_1_89' title='bbox 916 1122 1136 1161; x_wconf 77' lang='lat' dir='ltr'>illustribus</span> <span class='ocrx_word' id='word_1_90' title='bbox 1181 1121 1370 1160; x_wconf 82' lang='lat' dir='ltr'>Casinen—</span> 
     </span>
     <span class='ocr_line' id='line_1_16' title="bbox 417 1183 1370 1238; baseline -0.007 -11"><span class='ocrx_word' id='word_1_91' title='bbox 417 1189 527 1227; x_wconf 87' lang='lat' dir='ltr'>sibus</span> <span class='ocrx_word' id='word_1_92' title='bbox 556 1199 642 1238; x_wconf 89' lang='lat' dir='ltr'>cap.</span> <span class='ocrx_word' id='word_1_93' title='bbox 673 1188 708 1225; x_wconf 86' lang='lat'>8.</span> <span class='ocrx_word' id='word_1_94' title='bbox 740 1186 906 1225; x_wconf 84' lang='lat' dir='ltr'>eruditis</span> <span class='ocrx_word' id='word_1_95' title='bbox 934 1188 993 1223; x_wconf 86' lang='lat' dir='ltr'>Jo.</span> <span class='ocrx_word' id='word_1_96' title='bbox 1033 1185 1233 1235; x_wconf 80' lang='lat' dir='ltr'>Baptistae</span> <span class='ocrx_word' id='word_1_97' title='bbox 1276 1183 1370 1221; x_wconf 88' lang='lat' dir='ltr'>Mari</span> 
     </span>
     <span class='ocr_line' id='line_1_17' title="bbox 416 1246 1370 1299; baseline -0.005 -10"><span class='ocrx_word' id='word_1_98' title='bbox 416 1253 518 1289; x_wconf 91' lang='lat' dir='ltr'>notis</span> <span class='ocrx_word' id='word_1_99' title='bbox 563 1250 811 1294; x_wconf 84' lang='lat' dir='ltr'>illustratus,</span> <span class='ocrx_word' id='word_1_100' title='bbox 855 1253 974 1299; x_wconf 83' lang='lat' dir='ltr'>atque</span> <span class='ocrx_word' id='word_1_101' title='bbox 1018 1248 1039 1284; x_wconf 70' lang='lat' dir='ltr'>e</span> <span class='ocrx_word' id='word_1_102' title='bbox 1083 1246 1370 1285; x_wconf 80' lang='lat' dir='ltr'>recentioribus</span> 
     </span>
     <span class='ocr_line' id='line_1_18' title="bbox 419 1309 1374 1353; baseline -0.006 -1"><span class='ocrx_word' id='word_1_103' title='bbox 419 1317 514 1353; x_wconf 82' lang='lat' dir='ltr'>Dan.</span> <span class='ocrx_word' id='word_1_104' title='bbox 546 1313 649 1352; x_wconf 90' lang='lat' dir='ltr'>Guil.</span> <span class='ocrx_word' id='word_1_105' title='bbox 679 1312 864 1351; x_wconf 84' lang='lat' dir='ltr'>Mollerus</span> <span class='ocrx_word' id='word_1_106' title='bbox 894 1311 989 1348; x_wconf 89' lang='lat' dir='ltr'>diss.</span> <span class='ocrx_word' id='word_1_107' title='bbox 1033 1310 1081 1347; x_wconf 83' lang='lat' dir='ltr'>de</span> <span class='ocrx_word' id='word_1_108' title='bbox 1126 1309 1242 1348; x_wconf 85' lang='lat' dir='ltr'>Paulo</span> <span class='ocrx_word' id='word_1_109' title='bbox 1285 1310 1374 1347; x_wconf 85' lang='lat' dir='ltr'>Dia-</span> 
     </span>
     <span class='ocr_line' id='line_1_19' title="bbox 417 1372 1368 1423; baseline -0.006 -8"><span class='ocrx_word' id='word_1_110' title='bbox 417 1388 541 1423; x_wconf 83' lang='lat' dir='ltr'>eono,</span> <span class='ocrx_word' id='word_1_111' title='bbox 587 1375 753 1413; x_wconf 82' lang='lat' dir='ltr'>Aitd01·f.</span> <span class='ocrx_word' id='word_1_112' title='bbox 801 1374 915 1413; x_wconf 84' lang='grc'>4686.</span> <span class='ocrx_word' id='word_1_113' title='bbox 962 1373 997 1412; x_wconf 72' lang='grc' dir='ltr'>[ι.</span> <span class='ocrx_word' id='word_1_114' title='bbox 1054 1374 1110 1410; x_wconf 80' lang='lat' dir='ltr'>JO.</span> <span class='ocrx_word' id='word_1_115' title='bbox 1156 1372 1368 1410; x_wconf 84' lang='lat' dir='ltr'>Ilubnerus</span> 
     </span>
     <span class='ocr_line' id='line_1_20' title="bbox 421 1434 1373 1477; baseline -0.005 -1"><span class='ocrx_word' id='word_1_116' title='bbox 421 1443 556 1477; x_wconf 86' lang='lat' dir='ltr'>noster</span> <span class='ocrx_word' id='word_1_117' title='bbox 587 1437 775 1477; x_wconf 83' lang='lat' dir='ltr'>Centuria</span> <span class='ocrx_word' id='word_1_118' title='bbox 807 1435 981 1473; x_wconf 81' lang='lat' dir='ltr'>secunda</span> <span class='ocrx_word' id='word_1_119' title='bbox 1020 1434 1115 1473; x_wconf 89' lang='lat' dir='ltr'>Bibl.</span> <span class='ocrx_word' id='word_1_120' title='bbox 1161 1434 1373 1471; x_wconf 83' lang='lat' dir='ltr'>llistoricae</span> 
     </span>
     <span class='ocr_line' id='line_1_21' title="bbox 421 1497 1374 1549; baseline -0.006 -10"><span class='ocrx_word' id='word_1_121' title='bbox 421 1501 556 1539; x_wconf 88' lang='lat' dir='ltr'>llamb.</span> <span class='ocrx_word' id='word_1_122' title='bbox 588 1511 673 1549; x_wconf 77' lang='lat' dir='ltr'>pag.</span> <span class='ocrx_word' id='word_1_123' title='bbox 705 1499 766 1536; x_wconf 83' lang='grc'>63.</span> <span class='ocrx_word' id='word_1_124' title='bbox 799 1508 881 1546; x_wconf 79' lang='lat' dir='ltr'>seq.</span> <span class='ocrx_word' id='word_1_125' title='bbox 913 1502 954 1534; x_wconf 88' lang='lat' dir='ltr'>ut</span> <span class='ocrx_word' id='word_1_126' title='bbox 986 1501 1176 1546; x_wconf 85' lang='lat' dir='ltr'>tanquam</span> <span class='ocrx_word' id='word_1_127' title='bbox 1203 1497 1374 1533; x_wconf 82' lang='lat' dir='ltr'>notiores</span> 
     </span>
     <span class='ocr_line' id='line_1_22' title="bbox 421 1558 1375 1610; baseline -0.003 -12"><span class='ocrx_word' id='word_1_128' title='bbox 421 1563 633 1608; x_wconf 67' lang='lat' dir='ltr'>Vossiuni,</span> <span class='ocrx_word' id='word_1_129' title='bbox 667 1560 869 1599; x_wconf 80' lang='lat' dir='ltr'>Labbeum</span> <span class='ocrx_word' id='word_1_130' title='bbox 901 1564 996 1597; x_wconf 82' lang='lat' dir='ltr'>tom.</span> <span class='ocrx_word' id='word_1_131' title='bbox 1027 1559 1063 1605; x_wconf 66' lang='grc' dir='ltr'>ἱ),</span> <span class='ocrx_word' id='word_1_132' title='bbox 1095 1570 1184 1610; x_wconf 79' lang='lat' dir='ltr'>pag.</span> <span class='ocrx_word' id='word_1_133' title='bbox 1218 1558 1306 1598; x_wconf 91' lang='grc'>470.</span> <span class='ocrx_word' id='word_1_134' title='bbox 1335 1564 1375 1596; x_wconf 79' lang='lat' dir='ltr'>et</span> 
     </span>
     <span class='ocr_line' id='line_1_23' title="bbox 421 1622 1375 1674; baseline -0.003 -13"><span class='ocrx_word' id='word_1_135' title='bbox 421 1624 508 1662; x_wconf 82' lang='grc'>778.</span> <span class='ocrx_word' id='word_1_136' title='bbox 545 1635 627 1674; x_wconf 86' lang='lat' dir='ltr'>seq.</span> <span class='ocrx_word' id='word_1_137' title='bbox 673 1624 847 1662; x_wconf 86' lang='lat' dir='ltr'>Caveum</span> <span class='ocrx_word' id='word_1_138' title='bbox 894 1622 1071 1672; x_wconf 81' lang='lat' dir='ltr'>aliosque</span> <span class='ocrx_word' id='word_1_139' title='bbox 1116 1626 1375 1672; x_wconf 82' lang='lat' dir='ltr'>praeteream.</span> 
     </span>
     <span class='ocr_line' id='line_1_24' title="bbox 425 1681 1373 1736; baseline 0 -15"><span class='ocrx_word' id='word_1_140' title='bbox 425 1687 578 1736; x_wconf 49' lang='lat' dir='ltr'>Scripta</span> <span class='ocrx_word' id='word_1_141' title='bbox 608 1684 714 1723; x_wconf 89' lang='lat' dir='ltr'>Pauli</span> <span class='ocrx_word' id='word_1_142' title='bbox 736 1689 830 1722; x_wconf 91' lang='lat' dir='ltr'>sunt</span> <span class='ocrx_word' id='word_1_143' title='bbox 849 1698 855 1721; x_wconf 82' lang='lat' dir='ltr'>z</span> <span class='ocrx_word' id='word_1_144' title='bbox 882 1683 1064 1735; x_wconf 79' lang='lat' dir='ltr'>Epitoma</span> <span class='ocrx_word' id='word_1_145' title='bbox 1089 1681 1281 1720; x_wconf 75' lang='lat' dir='ltr'>librorum</span> <span class='ocrx_word' id='word_1_146' title='bbox 1300 1683 1373 1721; x_wconf 83' lang='lat' dir='ltr'>XX.</span> 
     </span>
     <span class='ocr_line' id='line_1_25' title="bbox 426 1744 1373 1794; baseline -0.004 -9"><span class='ocrx_word' id='word_1_147' title='bbox 426 1749 546 1786; x_wconf 71' lang='lat' dir='ltr'>Verrii</span> <span class='ocrx_word' id='word_1_148' title='bbox 575 1747 711 1793; x_wconf 83' lang='lat' dir='ltr'>Flacci,</span> <span class='ocrx_word' id='word_1_149' title='bbox 734 1746 874 1783; x_wconf 84' lang='lat' dir='ltr'>nobilis</span> <span class='ocrx_word' id='word_1_150' title='bbox 888 1746 1037 1783; x_wconf 83' lang='lat' dir='ltr'>veteris</span> <span class='ocrx_word' id='word_1_151' title='bbox 1061 1744 1312 1782; x_wconf 86' lang='lat' dir='ltr'>Gramniatici</span> <span class='ocrx_word' id='word_1_152' title='bbox 1338 1746 1373 1794; x_wconf 74' lang='lat' dir='ltr'>a)</span> 
     </span>
     <span class='ocr_line' id='line_1_26' title="bbox 422 1807 1373 1860; baseline 0 -15"><span class='ocrx_word' id='word_1_153' title='bbox 422 1809 467 1848; x_wconf 70' lang='lat' dir='ltr'>(Ie</span> <span class='ocrx_word' id='word_1_154' title='bbox 493 1808 703 1848; x_wconf 74' lang='lat' dir='ltr'>verborum</span> <span class='ocrx_word' id='word_1_155' title='bbox 732 1807 1038 1860; x_wconf 67' lang='lat' dir='ltr'>sz&#39;qnificczti&#39;one.</span> <span class='ocrx_word' id='word_1_156' title='bbox 1064 1807 1089 1844; x_wconf 84' lang='grc' dir='ltr'>ὰ</span> <span class='ocrx_word' id='word_1_157' title='bbox 1115 1808 1236 1846; x_wconf 72' lang='lat' dir='ltr'>Seoeto</span> <span class='ocrx_word' id='word_1_158' title='bbox 1263 1807 1373 1845; x_wconf 85' lang='lat' dir='ltr'>Pom-</span> 
     </span>
     <span class='ocr_line' id='line_1_27' title="bbox 422 1870 1375 1923; baseline -0.003 -14"><span class='ocrx_word' id='word_1_159' title='bbox 422 1873 506 1923; x_wconf 79' lang='lat' dir='ltr'>pej0</span> <span class='ocrx_word' id='word_1_160' title='bbox 527 1873 686 1911; x_wconf 81' lang='lat' dir='ltr'>FESTO</span> <span class='ocrx_word' id='word_1_161' title='bbox 706 1872 787 1922; x_wconf 78' lang='lat' dir='ltr'>Jain</span> <span class='ocrx_word' id='word_1_162' title='bbox 815 1873 850 1908; x_wconf 91' lang='lat' dir='ltr'>in</span> <span class='ocrx_word' id='word_1_163' title='bbox 877 1871 1097 1908; x_wconf 76' lang='lat' dir='ltr'>breviorem</span> <span class='ocrx_word' id='word_1_164' title='bbox 1126 1870 1288 1908; x_wconf 81' lang='lat' dir='ltr'>formam</span> <span class='ocrx_word' id='word_1_165' title='bbox 1316 1881 1375 1907; x_wconf 88' lang='lat' dir='ltr'>re-</span> 
     </span>
     <span class='ocr_line' id='line_1_28' title="bbox 424 1931 1376 1983; baseline -0.001 -13"><span class='ocrx_word' id='word_1_166' title='bbox 424 1935 641 1973; x_wconf 81' lang='lat' dir='ltr'>dactorum.</span> <span class='ocrx_word' id='word_1_167' title='bbox 674 1936 782 1972; x_wconf 86' lang='lat' dir='ltr'>Hanc</span> <span class='ocrx_word' id='word_1_168' title='bbox 812 1934 1024 1983; x_wconf 82' lang='lat' dir='ltr'>epitomam</span> <span class='ocrx_word' id='word_1_169' title='bbox 1073 1932 1210 1971; x_wconf 87' lang='lat' dir='ltr'>Carolo</span> <span class='ocrx_word' id='word_1_170' title='bbox 1239 1933 1286 1970; x_wconf 87' lang='lat' dir='ltr'>M.</span> <span class='ocrx_word' id='word_1_171' title='bbox 1319 1931 1376 1970; x_wconf 82' lang='lat' dir='ltr'>di-</span> 
     </span>
     <span class='ocr_line' id='line_1_29' title="bbox 425 1994 1376 2047; baseline -0.001 -14"><span class='ocrx_word' id='word_1_172' title='bbox 425 1998 530 2035; x_wconf 63' lang='lat' dir='ltr'>cavit</span> <span class='ocrx_word' id='word_1_173' title='bbox 561 1997 779 2047; x_wconf 79' lang='lat' dir='ltr'>praemissa</span> <span class='ocrx_word' id='word_1_174' title='bbox 811 1994 1015 2045; x_wconf 79' lang='lat' dir='ltr'>Epistola,</span> <span class='ocrx_word' id='word_1_175' title='bbox 1046 1995 1160 2033; x_wconf 89' lang='lat' dir='ltr'>cuius</span> <span class='ocrx_word' id='word_1_176' title='bbox 1190 1994 1285 2032; x_wconf 77' lang='lat' dir='ltr'>haec</span> <span class='ocrx_word' id='word_1_177' title='bbox 1314 1999 1376 2032; x_wconf 85' lang='lat' dir='ltr'>est</span> 
     </span>
     <span class='ocr_line' id='line_1_30' title="bbox 429 2055 1377 2109; baseline -0.002 -14"><span class='ocrx_word' id='word_1_178' title='bbox 429 2060 654 2109; x_wconf 82' lang='lat' dir='ltr'>inscriptio:</span> <span class='ocrx_word' id='word_1_179' title='bbox 693 2056 908 2107; x_wconf 75' lang='lat' dir='ltr'>Lcirqitntis</span> <span class='ocrx_word' id='word_1_180' title='bbox 946 2067 1131 2102; x_wconf 68' lang='lat' dir='ltr'>tnunere,</span> <span class='ocrx_word' id='word_1_181' title='bbox 1179 2055 1377 2106; x_wconf 72' lang='lat' dir='ltr'>sapientia</span> 
     </span>
     <span class='ocr_line' id='line_1_31' title="bbox 424 2117 1380 2172; baseline -0.003 -14"><span class='ocrx_word' id='word_1_182' title='bbox 424 2121 674 2172; x_wconf 78' lang='lat' dir='ltr'>potentiaque</span> <span class='ocrx_word' id='word_1_183' title='bbox 698 2118 949 2172; x_wconf 57' lang='lat' dir='ltr'>prciefnlqiclo</span> <span class='ocrx_word' id='word_1_184' title='bbox 981 2118 1141 2157; x_wconf 75' lang='lat' dir='ltr'>Domino</span> <span class='ocrx_word' id='word_1_185' title='bbox 1171 2117 1268 2167; x_wconf 58' lang='grc' dir='ltr'>Περί</span> <span class='ocrx_word' id='word_1_186' title='bbox 1305 2117 1380 2157; x_wconf 84' lang='lat' dir='ltr'>Ca-</span> 
     </span>
     <span class='ocr_line' id='line_1_32' title="bbox 431 2178 1380 2233; baseline -0.004 -13"><span class='ocrx_word' id='word_1_187' title='bbox 431 2181 525 2220; x_wconf 83' lang='lat' dir='ltr'>rolo.</span> <span class='ocrx_word' id='word_1_188' title='bbox 555 2185 699 2233; x_wconf 69' lang='lat' dir='ltr'>lleyum</span> <span class='ocrx_word' id='word_1_189' title='bbox 721 2180 1011 2220; x_wconf 71' lang='lat' dir='ltr'>sublimissimo.</span> <span class='ocrx_word' id='word_1_190' title='bbox 1042 2179 1190 2218; x_wconf 76' lang='lat' dir='ltr'>Paulus</span> <span class='ocrx_word' id='word_1_191' title='bbox 1217 2178 1380 2217; x_wconf 64' lang='lat' dir='ltr'>ultimus</span> 
     </span>
     <span class='ocr_line' id='line_1_33' title="bbox 429 2242 1382 2292; baseline -0.005 -9"><span class='ocrx_word' id='word_1_192' title='bbox 429 2244 625 2283; x_wconf 65' lang='lat' dir='ltr'>sert-ulus.</span> <span class='ocrx_word' id='word_1_193' title='bbox 662 2246 715 2283; x_wconf 84' lang='lat' dir='ltr'>De</span> <span class='ocrx_word' id='word_1_194' title='bbox 747 2244 984 2282; x_wconf 75' lang='lat' dir='ltr'>editionibus</span> <span class='ocrx_word' id='word_1_195' title='bbox 1015 2243 1133 2281; x_wconf 82' lang='lat' dir='ltr'>huius</span> <span class='ocrx_word' id='word_1_196' title='bbox 1163 2242 1382 2292; x_wconf 72' lang='lat' dir='ltr'>epitomes,</span> 
     </span>
     <span class='ocr_line' id='line_1_34' title="bbox 433 2305 1385 2357; baseline -0.005 -12"><span class='ocrx_word' id='word_1_197' title='bbox 433 2308 768 2357; x_wconf 60' lang='lat' dir='ltr'>reliquiarumque</span> <span class='ocrx_word' id='word_1_198' title='bbox 799 2307 900 2344; x_wconf 84' lang='lat' dir='ltr'>Festi</span> <span class='ocrx_word' id='word_1_199' title='bbox 931 2310 971 2343; x_wconf 90' lang='lat' dir='ltr'>et</span> <span class='ocrx_word' id='word_1_200' title='bbox 1001 2305 1152 2353; x_wconf 81' lang='lat' dir='ltr'>Verrii,</span> <span class='ocrx_word' id='word_1_201' title='bbox 1175 2315 1252 2341; x_wconf 92' lang='lat' dir='ltr'>non</span> <span class='ocrx_word' id='word_1_202' title='bbox 1276 2315 1385 2354; x_wconf 82' lang='lat' dir='ltr'>repe—</span> 
     </span>
     <span class='ocr_line' id='line_1_35' title="bbox 434 2365 1386 2418; baseline -0.003 -12"><span class='ocrx_word' id='word_1_203' title='bbox 434 2376 516 2408; x_wconf 80' lang='lat' dir='ltr'>tere</span> <span class='ocrx_word' id='word_1_204' title='bbox 546 2374 607 2407; x_wconf 83' lang='lat' dir='ltr'>est</span> <span class='ocrx_word' id='word_1_205' title='bbox 650 2370 808 2407; x_wconf 86' lang='lat' dir='ltr'>animus</span> <span class='ocrx_word' id='word_1_206' title='bbox 844 2379 945 2418; x_wconf 88' lang='lat' dir='ltr'>quae</span> <span class='ocrx_word' id='word_1_207' title='bbox 976 2366 1055 2405; x_wconf 78' lang='lat' dir='ltr'>dixi</span> <span class='ocrx_word' id='word_1_208' title='bbox 1088 2367 1151 2405; x_wconf 90' lang='lat' dir='ltr'>lib.</span> <span class='ocrx_word' id='word_1_209' title='bbox 1182 2367 1244 2404; x_wconf 85' lang='lat' dir='ltr'>IV.</span> <span class='ocrx_word' id='word_1_210' title='bbox 1289 2365 1386 2404; x_wconf 87' lang='lat' dir='ltr'>Bibl.</span> 
     </span>
     <span class='ocr_line' id='line_1_36' title="bbox 440 2427 1385 2482; baseline -0.004 -13"><span class='ocrx_word' id='word_1_211' title='bbox 440 2433 599 2470; x_wconf 84' lang='lat' dir='ltr'>Latinae</span> <span class='ocrx_word' id='word_1_212' title='bbox 629 2443 713 2482; x_wconf 84' lang='lat' dir='ltr'>cap.</span> <span class='ocrx_word' id='word_1_213' title='bbox 745 2431 782 2469; x_wconf 79' lang='lat'>6.</span> <span class='ocrx_word' id='word_1_214' title='bbox 814 2430 1048 2480; x_wconf 71' lang='lat' dir='ltr'>Anonymus</span> <span class='ocrx_word' id='word_1_215' title='bbox 1071 2429 1309 2468; x_wconf 81' lang='lat' dir='ltr'>Mellicensis</span> <span class='ocrx_word' id='word_1_216' title='bbox 1337 2427 1385 2465; x_wconf 88' lang='lat' dir='ltr'>de</span> 
     </span>
     <span class='ocr_line' id='line_1_37' title="bbox 440 2488 1389 2544; baseline -0.004 -13"><span class='ocrx_word' id='word_1_217' title='bbox 440 2495 477 2532; x_wconf 66' lang='lat' dir='ltr'>S.</span> <span class='ocrx_word' id='word_1_218' title='bbox 510 2495 553 2533; x_wconf 71' lang='lat' dir='ltr'>F„</span> <span class='ocrx_word' id='word_1_219' title='bbox 583 2505 667 2544; x_wconf 80' lang='lat' dir='ltr'>cap.</span> <span class='ocrx_word' id='word_1_220' title='bbox 699 2494 760 2531; x_wconf 85' lang='lat'>67.</span> <span class='ocrx_word' id='word_1_221' title='bbox 787 2492 937 2532; x_wconf 77' lang='lat' dir='ltr'>Paulus</span> <span class='ocrx_word' id='word_1_222' title='bbox 974 2492 1040 2529; x_wconf 77' lang='lat' dir='ltr'>Vir</span> <span class='ocrx_word' id='word_1_223' title='bbox 1078 2491 1212 2529; x_wconf 84' lang='lat' dir='ltr'>doctus</span> <span class='ocrx_word' id='word_1_224' title='bbox 1247 2488 1389 2530; x_wconf 77' lang='lat' dir='ltr'>scribit</span> 
     </span>
    </p>
   </div>
   <div class='ocr_carea' id='block_1_2' title="bbox 430 2633 1401 3412">
    <p class='ocr_par' dir='ltr' id='par_1_2' title="bbox 430 2633 1392 2768">
     <span class='ocr_line' id='line_1_38' title="bbox 492 2633 1389 2675; baseline -0.006 -7"><span class='ocrx_word' id='word_1_225' title='bbox 492 2637 524 2673; x_wconf 76' lang='lat' dir='ltr'>a)</span> <span class='ocrx_word' id='word_1_226' title='bbox 547 2639 680 2669; x_wconf 77' lang='lat' dir='ltr'>Sveton.</span> <span class='ocrx_word' id='word_1_227' title='bbox 704 2636 744 2668; x_wconf 84' lang='lat' dir='ltr'>de</span> <span class='ocrx_word' id='word_1_228' title='bbox 771 2637 1003 2667; x_wconf 85' lang='lat' dir='ltr'>Grammaticis</span> <span class='ocrx_word' id='word_1_229' title='bbox 1042 2643 1116 2675; x_wconf 77' lang='lat' dir='ltr'>cap.</span> <span class='ocrx_word' id='word_1_230' title='bbox 1154 2633 1203 2665; x_wconf 85' lang='lat'>17.</span> <span class='ocrx_word' id='word_1_231' title='bbox 1229 2633 1286 2664; x_wconf 84' lang='lat' dir='ltr'>ubi</span> <span class='ocrx_word' id='word_1_232' title='bbox 1313 2640 1389 2663; x_wconf 89' lang='lat' dir='ltr'>eum</span> 
     </span>
     <span class='ocr_line' id='line_1_39' title="bbox 430 2682 1392 2727; baseline -0.003 -11"><span class='ocrx_word' id='word_1_233' title='bbox 430 2689 564 2725; x_wconf 63' lang='lat' dir='ltr'>Augusti</span> <span class='ocrx_word' id='word_1_234' title='bbox 604 2688 784 2727; x_wconf 77' lang='lat' dir='ltr'>nepotibus</span> <span class='ocrx_word' id='word_1_235' title='bbox 825 2689 1076 2726; x_wconf 81' lang='lat' dir='ltr'>praeceptorem</span> <span class='ocrx_word' id='word_1_236' title='bbox 1111 2682 1392 2724; x_wconf 48' lang='lat' dir='ltr'>electumftl&#39;uisse</span> 
     </span>
     <span class='ocr_line' id='line_1_40' title="bbox 432 2737 572 2768; baseline 0.007 -1"><span class='ocrx_word' id='word_1_237' title='bbox 432 2737 572 2768; x_wconf 78' lang='lat' dir='ltr'>iudicat.</span> 
     </span>
    </p>

    <p class='ocr_par' dir='ltr' id='par_1_3' title="bbox 493 2784 1288 2823">
     <span class='ocr_line' id='line_1_41' title="bbox 493 2784 1288 2823; baseline -0.006 -6"><span class='ocrx_word' id='word_1_238' title='bbox 493 2787 527 2823; x_wconf 64' lang='lat' dir='ltr'>bss»</span> <span class='ocrx_word' id='word_1_239' title='bbox 554 2788 692 2817; x_wconf 74' lang='lat' dir='ltr'>Miraeus</span> <span class='ocrx_word' id='word_1_240' title='bbox 715 2785 756 2817; x_wconf 85' lang='lat' dir='ltr'>ad</span> <span class='ocrx_word' id='word_1_241' title='bbox 779 2785 938 2823; x_wconf 70' lang='lat' dir='ltr'>sigebert.</span> <span class='ocrx_word' id='word_1_242' title='bbox 963 2793 1035 2823; x_wconf 83' lang='lat' dir='ltr'>cap.</span> <span class='ocrx_word' id='word_1_243' title='bbox 1057 2784 1110 2814; x_wconf 80' lang='lat'>80.</span> <span class='ocrx_word' id='word_1_244' title='bbox 1135 2784 1174 2814; x_wconf 77' lang='lat' dir='ltr'>(le</span> <span class='ocrx_word' id='word_1_245' title='bbox 1197 2785 1228 2813; x_wconf 90' lang='lat' dir='ltr'>S.</span> <span class='ocrx_word' id='word_1_246' title='bbox 1251 2785 1288 2812; x_wconf 88' lang='lat' dir='ltr'>E.</span> 
     </span>
    </p>

    <p class='ocr_par' dir='ltr' id='par_1_4' title="bbox 439 2832 1394 2924">
     <span class='ocr_line' id='line_1_42' title="bbox 495 2832 1394 2873; baseline -0.007 -6"><span class='ocrx_word' id='word_1_247' title='bbox 495 2836 529 2873; x_wconf 81' lang='lat' dir='ltr'>c)</span> <span class='ocrx_word' id='word_1_248' title='bbox 558 2838 619 2867; x_wconf 79' lang='lat' dir='ltr'>Leo</span> <span class='ocrx_word' id='word_1_249' title='bbox 643 2837 803 2866; x_wconf 82' lang='lat' dir='ltr'>Ostiensis</span> <span class='ocrx_word' id='word_1_250' title='bbox 828 2834 884 2865; x_wconf 93' lang='lat' dir='ltr'>lib.</span> <span class='ocrx_word' id='word_1_251' title='bbox 909 2832 936 2864; x_wconf 90' lang='lat'>1.</span> <span class='ocrx_word' id='word_1_252' title='bbox 966 2841 1039 2872; x_wconf 84' lang='lat' dir='ltr'>cap.</span> <span class='ocrx_word' id='word_1_253' title='bbox 1067 2832 1117 2864; x_wconf 73' lang='lat'>¹15.</span> <span class='ocrx_word' id='word_1_254' title='bbox 1142 2833 1197 2862; x_wconf 89' lang='lat' dir='ltr'>ubi</span> <span class='ocrx_word' id='word_1_255' title='bbox 1236 2832 1304 2861; x_wconf 75' lang='lat' dir='ltr'>cluo</span> <span class='ocrx_word' id='word_1_256' title='bbox 1336 2839 1394 2869; x_wconf 90' lang='lat' dir='ltr'>pro</span> 
     </span>
     <span class='ocr_line' id='line_1_43' title="bbox 439 2884 1091 2924; baseline -0.005 -9"><span class='ocrx_word' id='word_1_257' title='bbox 439 2887 588 2924; x_wconf 78' lang='lat' dir='ltr'>quinque</span> <span class='ocrx_word' id='word_1_258' title='bbox 611 2885 731 2916; x_wconf 84' lang='lat' dir='ltr'>libellis</span> <span class='ocrx_word' id='word_1_259' title='bbox 756 2884 859 2915; x_wconf 85' lang='lat' dir='ltr'>Paulo</span> <span class='ocrx_word' id='word_1_260' title='bbox 885 2884 1091 2914; x_wconf 80' lang='lat' dir='ltr'>tribuuntur.</span> 
     </span>
    </p>

    <p class='ocr_par' dir='ltr' id='par_1_5' title="bbox 498 2933 1083 2972">
     <span class='ocr_line' id='line_1_44' title="bbox 498 2933 1083 2972; baseline -0.002 -9"><span class='ocrx_word' id='word_1_261' title='bbox 498 2935 531 2972; x_wconf 61' lang='lat' dir='ltr'>d„</span> <span class='ocrx_word' id='word_1_262' title='bbox 559 2934 638 2966; x_wconf 78' lang='lat' dir='ltr'>Vide</span> <span class='ocrx_word' id='word_1_263' title='bbox 660 2936 822 2971; x_wconf 61' lang='lat' dir='ltr'>cangium</span> <span class='ocrx_word' id='word_1_264' title='bbox 848 2937 881 2964; x_wconf 91' lang='lat' dir='ltr'>in</span> <span class='ocrx_word' id='word_1_265' title='bbox 905 2933 966 2964; x_wconf 84' lang='lat' dir='ltr'>hac</span> <span class='ocrx_word' id='word_1_266' title='bbox 990 2940 1083 2963; x_wconf 88' lang='lat' dir='ltr'>voce.</span> 
     </span>
    </p>

    <p class='ocr_par' dir='ltr' id='par_1_6' title="bbox 442 2979 1396 3111">
     <span class='ocr_line' id='line_1_45' title="bbox 496 2979 1396 3022; baseline -0.008 -7"><span class='ocrx_word' id='word_1_267' title='bbox 496 2984 526 3022; x_wconf 87' lang='lat' dir='ltr'>e)</span> <span class='ocrx_word' id='word_1_268' title='bbox 550 2987 588 3014; x_wconf 77' lang='lat' dir='ltr'>l&#39;t</span> <span class='ocrx_word' id='word_1_269' title='bbox 610 2986 642 3015; x_wconf 87' lang='lat' dir='ltr'>in</span> <span class='ocrx_word' id='word_1_270' title='bbox 669 2985 820 3015; x_wconf 76' lang='lat' dir='ltr'>versione</span> <span class='ocrx_word' id='word_1_271' title='bbox 843 2984 1021 3022; x_wconf 71' lang='lat' dir='ltr'>Hispanum</span> <span class='ocrx_word' id='word_1_272' title='bbox 1051 2988 1136 3019; x_wconf 85' lang='lat' dir='ltr'>quae</span> <span class='ocrx_word' id='word_1_273' title='bbox 1174 2980 1282 3010; x_wconf 87' lang='lat' dir='ltr'>lucem</span> <span class='ocrx_word' id='word_1_274' title='bbox 1309 2979 1396 3009; x_wconf 82' lang='lat' dir='ltr'>vidit</span> 
     </span>
     <span class='ocr_line' id='line_1_46' title="bbox 442 3028 1396 3068; baseline -0.002 -10"><span class='ocrx_word' id='word_1_275' title='bbox 442 3032 607 3063; x_wconf 65' lang='lat' dir='ltr'>xalentiae</span> <span class='ocrx_word' id='word_1_276' title='bbox 644 3033 734 3064; x_wconf 68' lang='lat'>1:352.</span> <span class='ocrx_word' id='word_1_277' title='bbox 774 3033 826 3064; x_wconf 81' lang='lat' dir='ltr'>sol.</span> <span class='ocrx_word' id='word_1_278' title='bbox 859 3031 1076 3063; x_wconf 77' lang='lat' dir='ltr'>Homiliario</span> <span class='ocrx_word' id='word_1_279' title='bbox 1102 3028 1306 3068; x_wconf 69' lang='lat' dir='ltr'>reeopilado</span> <span class='ocrx_word' id='word_1_280' title='bbox 1329 3035 1396 3066; x_wconf 83' lang='lat' dir='ltr'>por</span> 
     </span>
     <span class='ocr_line' id='line_1_47' title="bbox 457 3081 597 3111; baseline 0.014 -2"><span class='ocrx_word' id='word_1_281' title='bbox 457 3081 597 3111; x_wconf 66' lang='lat' dir='ltr'>ils-nino.</span> 
     </span>
    </p>

    <p class='ocr_par' dir='ltr' id='par_1_7' title="bbox 445 3128 1401 3412">
     <span class='ocr_line' id='line_1_48' title="bbox 502 3128 1400 3168; baseline -0.003 -9"><span class='ocrx_word' id='word_1_282' title='bbox 502 3130 516 3159; x_wconf 80' lang='lat' dir='ltr'>s</span> <span class='ocrx_word' id='word_1_283' title='bbox 559 3132 744 3168; x_wconf 64' lang='lat' dir='ltr'>sieelwrtus</span> <span class='ocrx_word' id='word_1_284' title='bbox 781 3131 1050 3167; x_wconf 67' lang='lat' dir='ltr'>(ieniblacensis,</span> <span class='ocrx_word' id='word_1_285' title='bbox 1075 3131 1108 3159; x_wconf 87' lang='lat' dir='ltr'>iu</span> <span class='ocrx_word' id='word_1_286' title='bbox 1146 3128 1311 3159; x_wconf 82' lang='lat' dir='ltr'>Chronico</span> <span class='ocrx_word' id='word_1_287' title='bbox 1341 3134 1400 3156; x_wconf 84' lang='lat' dir='ltr'>nec</span> 
     </span>
     <span class='ocr_line' id='line_1_49' title="bbox 449 3176 1398 3220; baseline -0.001 -14"><span class='ocrx_word' id='word_1_288' title='bbox 449 3186 512 3207; x_wconf 80' lang='lat' dir='ltr'>uon</span> <span class='ocrx_word' id='word_1_289' title='bbox 541 3180 709 3211; x_wconf 69' lang='lat' dir='ltr'>Aibcricus</span> <span class='ocrx_word' id='word_1_290' title='bbox 726 3206 733 3220; x_wconf 92' lang='lat'>‚</span> <span class='ocrx_word' id='word_1_291' title='bbox 753 3184 853 3212; x_wconf 81' lang='lat' dir='ltr'>trium</span> <span class='ocrx_word' id='word_1_292' title='bbox 877 3182 1019 3212; x_wconf 78' lang='lat' dir='ltr'>sontium</span> <span class='ocrx_word' id='word_1_293' title='bbox 1044 3178 1223 3209; x_wconf 77' lang='lat' dir='ltr'>Monachus</span> <span class='ocrx_word' id='word_1_294' title='bbox 1251 3177 1290 3207; x_wconf 87' lang='lat' dir='ltr'>ad</span> <span class='ocrx_word' id='word_1_295' title='bbox 1312 3179 1347 3206; x_wconf 87' lang='grc' dir='ltr'>Α.</span> <span class='ocrx_word' id='word_1_296' title='bbox 1365 3176 1398 3206; x_wconf 87' lang='lat' dir='ltr'>C.</span> 
     </span>
     <span class='ocr_line' id='line_1_50' title="bbox 445 3225 1401 3264; baseline 0.004 -13"><span class='ocrx_word' id='word_1_297' title='bbox 445 3227 516 3256; x_wconf 60' lang='lat'>⁸07.</span> <span class='ocrx_word' id='word_1_298' title='bbox 541 3235 615 3264; x_wconf 46' lang='lat' dir='ltr'>pag.</span> <span class='ocrx_word' id='word_1_299' title='bbox 640 3229 708 3260; x_wconf 68' lang='lat'>152).</span> <span class='ocrx_word' id='word_1_300' title='bbox 734 3236 813 3261; x_wconf 77' lang='lat' dir='ltr'>tom.</span> <span class='ocrx_word' id='word_1_301' title='bbox 836 3232 866 3261; x_wconf 61' lang='lat'>⁹2.</span> <span class='ocrx_word' id='word_1_302' title='bbox 891 3230 1073 3262; x_wconf 78' lang='lat' dir='ltr'>accession.</span> <span class='ocrx_word' id='word_1_303' title='bbox 1098 3228 1335 3259; x_wconf 82' lang='lat' dir='ltr'>historicarum</span> <span class='ocrx_word' id='word_1_304' title='bbox 1359 3225 1401 3255; x_wconf 91' lang='lat' dir='ltr'>il-</span> 
     </span>
     <span class='ocr_line' id='line_1_51' title="bbox 449 3277 1400 3317; baseline -0.002 -12"><span class='ocrx_word' id='word_1_305' title='bbox 449 3277 557 3305; x_wconf 75' lang='lat' dir='ltr'>lustris</span> <span class='ocrx_word' id='word_1_306' title='bbox 581 3277 734 3308; x_wconf 82' lang='lat' dir='ltr'>Leibnitii</span> <span class='ocrx_word' id='word_1_307' title='bbox 754 3292 760 3309; x_wconf 87' lang='lat'>:</span> <span class='ocrx_word' id='word_1_308' title='bbox 786 3280 945 3310; x_wconf 71' lang='lat' dir='ltr'>[sarolus</span> <span class='ocrx_word' id='word_1_309' title='bbox 970 3280 1168 3317; x_wconf 67' lang='lat' dir='ltr'>Imperator·</span> <span class='ocrx_word' id='word_1_310' title='bbox 1189 3284 1251 3315; x_wconf 80' lang='lat' dir='ltr'>per</span> <span class='ocrx_word' id='word_1_311' title='bbox 1273 3283 1400 3305; x_wconf 78' lang='lat' dir='ltr'>manus</span> 
     </span>
     <span class='ocr_line' id='line_1_52' title="bbox 450 3323 1401 3367; baseline -0.007 -8"><span class='ocrx_word' id='word_1_312' title='bbox 450 3323 583 3353; x_wconf 49' lang='lat' dir='ltr'>l’stlfm</span> <span class='ocrx_word' id='word_1_313' title='bbox 607 3325 795 3358; x_wconf 64' lang='grc' dir='ltr'><strong><em>ΙΙΙΑΙἪΝΙ</em></strong></span> <span class='ocrx_word' id='word_1_314' title='bbox 818 3329 1005 3367; x_wconf 59' lang='lat' dir='ltr'>siccamen-5</span> <span class='ocrx_word' id='word_1_315' title='bbox 1029 3327 1165 3366; x_wconf 77' lang='lat' dir='ltr'>opte&#39;ma</span> <span class='ocrx_word' id='word_1_316' title='bbox 1185 3332 1337 3364; x_wconf 77' lang='lat' dir='ltr'>quaeque</span> <span class='ocrx_word' id='word_1_317' title='bbox 1360 3323 1401 3353; x_wconf 78' lang='lat' dir='ltr'>de</span> 
     </span>
     <span class='ocr_line' id='line_1_53' title="bbox 453 3372 1399 3412; baseline 0.002 -12"><span class='ocrx_word' id='word_1_318' title='bbox 453 3372 592 3410; x_wconf 65' lang='lat' dir='ltr'>&lt;ri-imis</span> <span class='ocrx_word' id='word_1_319' title='bbox 630 3375 882 3405; x_wconf 41' lang='lat' dir='ltr'>&#39;&#39;irrtliritir-nrnm</span> <span class='ocrx_word' id='word_1_320' title='bbox 922 3378 1066 3406; x_wconf 77' lang='lat' dir='ltr'>l&#39;utrum</span> <span class='ocrx_word' id='word_1_321' title='bbox 1089 3401 1095 3412; x_wconf 87' lang='lat'><em>‚</em></span> <span class='ocrx_word' id='word_1_322' title='bbox 1131 3376 1298 3404; x_wconf 67' lang='lat' dir='ltr'>lor-tiones</span> <span class='ocrx_word' id='word_1_323' title='bbox 1323 3373 1399 3403; x_wconf 78' lang='lat' dir='ltr'>nnl-</span> 
     </span>
    </p>
   </div>
   <div class='ocr_carea' id='block_1_3' title="bbox 1259 241 1546 282">
    <p class='ocr_par' dir='ltr' id='par_1_8' title="bbox 1259 241 1546 282">
     <span class='ocr_line' id='line_1_54' title="bbox 1259 241 1546 282; baseline -0.007 0"><span class='ocrx_word' id='word_1_324' title='bbox 1259 241 1546 282; x_wconf 74' lang='lat' dir='ltr'>PAULUS</span> 
     </span>
    </p>
   </div>
   <div class='ocr_carea' id='block_1_4' title="bbox 1436 308 2416 2538">
    <p class='ocr_par' dir='ltr' id='par_1_9' title="bbox 1439 308 2388 421">
     <span class='ocr_line' id='line_1_55' title="bbox 1440 308 2388 362; baseline 0.003 -16"><span class='ocrx_word' id='word_1_325' title='bbox 1440 310 1538 347; x_wconf 77' lang='lat' dir='ltr'>inter</span> <span class='ocrx_word' id='word_1_326' title='bbox 1561 309 1644 347; x_wconf 71' lang='lat' dir='ltr'>alia</span> <span class='ocrx_word' id='word_1_327' title='bbox 1679 308 1822 348; x_wconf 76' lang='lat' dir='ltr'>librum</span> <span class='ocrx_word' id='word_1_328' title='bbox 1844 309 2119 359; x_wconf 76' lang='lat' dir='ltr'>utilissimum,</span> <span class='ocrx_word' id='word_1_329' title='bbox 2150 311 2220 362; x_wconf 72' lang='lat' dir='ltr'>qui</span> <span class='ocrx_word' id='word_1_330' title='bbox 2247 311 2388 350; x_wconf 70' lang='lat' dir='ltr'>iuscri-</span> 
     </span>
     <span class='ocr_line' id='line_1_56' title="bbox 1439 370 2159 421; baseline 0.003 -12"><span class='ocrx_word' id='word_1_331' title='bbox 1439 371 1548 410; x_wconf 69' lang='grc' dir='ltr'>Μίαν</span> <span class='ocrx_word' id='word_1_332' title='bbox 1578 370 1623 409; x_wconf 69' lang='lat' dir='ltr'>(Ie</span> <span class='ocrx_word' id='word_1_333' title='bbox 1647 371 1913 421; x_wconf 72' lang='lat' dir='ltr'>siynficatione</span> <span class='ocrx_word' id='word_1_334' title='bbox 1935 372 2159 411; x_wconf 75' lang='lat' dir='ltr'>verborum.</span> 
     </span>
    </p>

    <p class='ocr_par' dir='ltr' id='par_1_10' title="bbox 1436 435 2403 1541">
     <span class='ocr_line' id='line_1_57' title="bbox 1488 435 2388 486; baseline 0.002 -14"><span class='ocrx_word' id='word_1_335' title='bbox 1488 435 1668 483; x_wconf 69' lang='lat' dir='ltr'>Magnam</span> <span class='ocrx_word' id='word_1_336' title='bbox 1699 444 1857 483; x_wconf 88' lang='lat' dir='ltr'>quoque</span> <span class='ocrx_word' id='word_1_337' title='bbox 1888 436 1947 474; x_wconf 90' lang='lat' dir='ltr'>sui</span> <span class='ocrx_word' id='word_1_338' title='bbox 1978 441 2128 486; x_wconf 81' lang='lat' dir='ltr'>partem</span> <span class='ocrx_word' id='word_1_339' title='bbox 2152 436 2186 485; x_wconf 86' lang='lat' dir='ltr'>b)</span> <span class='ocrx_word' id='word_1_340' title='bbox 2207 435 2388 474; x_wconf 78' lang='lat' dir='ltr'>Historia</span> 
     </span>
     <span class='ocr_line' id='line_1_58' title="bbox 1436 493 2389 548; baseline 0.003 -15"><span class='ocrx_word' id='word_1_341' title='bbox 1436 493 1608 533; x_wconf 76' lang='lat' dir='ltr'>Miscella</span> <span class='ocrx_word' id='word_1_342' title='bbox 1638 493 1758 532; x_wconf 87' lang='lat' dir='ltr'>huius</span> <span class='ocrx_word' id='word_1_343' title='bbox 1801 495 1917 533; x_wconf 85' lang='lat' dir='ltr'>Paulo</span> <span class='ocrx_word' id='word_1_344' title='bbox 1955 495 2084 535; x_wconf 74' lang='lat' dir='ltr'>debet.</span> <span class='ocrx_word' id='word_1_345' title='bbox 2113 498 2208 536; x_wconf 79' lang='lat' dir='ltr'>Nam</span> <span class='ocrx_word' id='word_1_346' title='bbox 2239 498 2389 548; x_wconf 84' lang='lat' dir='ltr'>priores</span> 
     </span>
     <span class='ocr_line' id='line_1_59' title="bbox 1436 555 2388 598; baseline 0.001 -3"><span class='ocrx_word' id='word_1_347' title='bbox 1436 556 1621 596; x_wconf 77' lang='lat' dir='ltr'>undecim</span> <span class='ocrx_word' id='word_1_348' title='bbox 1653 555 1737 593; x_wconf 91' lang='lat' dir='ltr'>libri</span> <span class='ocrx_word' id='word_1_349' title='bbox 1769 560 1865 594; x_wconf 87' lang='lat' dir='ltr'>sunt</span> <span class='ocrx_word' id='word_1_350' title='bbox 1908 556 2024 595; x_wconf 85' lang='lat' dir='ltr'>iidem</span> <span class='ocrx_word' id='word_1_351' title='bbox 2053 570 2098 597; x_wconf 89' lang='lat' dir='ltr'>ac</span> <span class='ocrx_word' id='word_1_352' title='bbox 2133 559 2270 598; x_wconf 82' lang='lat' dir='ltr'>decem</span> <span class='ocrx_word' id='word_1_353' title='bbox 2302 559 2388 598; x_wconf 87' lang='lat' dir='ltr'>libri</span> 
     </span>
     <span class='ocr_line' id='line_1_60' title="bbox 1437 617 2389 670; baseline 0.003 -13"><span class='ocrx_word' id='word_1_354' title='bbox 1437 617 1693 664; x_wconf 84' lang='lat' dir='ltr'><strong>EUTROPII,</strong></span> <span class='ocrx_word' id='word_1_355' title='bbox 1725 618 1799 655; x_wconf 91' lang='lat' dir='ltr'>nisi</span> <span class='ocrx_word' id='word_1_356' title='bbox 1830 618 1932 667; x_wconf 90' lang='lat' dir='ltr'>quod</span> <span class='ocrx_word' id='word_1_357' title='bbox 1977 620 2108 670; x_wconf 81' lang='lat' dir='ltr'>aliqua</span> <span class='ocrx_word' id='word_1_358' title='bbox 2138 621 2307 661; x_wconf 90' lang='lat' dir='ltr'>subinde</span> <span class='ocrx_word' id='word_1_359' title='bbox 2340 621 2389 660; x_wconf 91' lang='lat' dir='ltr'>de</span> 
     </span>
     <span class='ocr_line' id='line_1_61' title="bbox 1437 679 2392 731; baseline 0.006 -14"><span class='ocrx_word' id='word_1_360' title='bbox 1437 692 1508 719; x_wconf 87' lang='lat' dir='ltr'>suo</span> <span class='ocrx_word' id='word_1_361' title='bbox 1529 679 1673 718; x_wconf 90' lang='lat' dir='ltr'>Paulus</span> <span class='ocrx_word' id='word_1_362' title='bbox 1696 679 1840 717; x_wconf 91' lang='lat' dir='ltr'>addat:</span> <span class='ocrx_word' id='word_1_363' title='bbox 1863 680 2097 731; x_wconf 87' lang='lat' dir='ltr'>Eutropium</span> <span class='ocrx_word' id='word_1_364' title='bbox 2122 683 2269 722; x_wconf 82' lang='lat' dir='ltr'>exinde</span> <span class='ocrx_word' id='word_1_365' title='bbox 2294 694 2392 722; x_wconf 89' lang='lat' dir='ltr'>con-</span> 
     </span>
     <span class='ocr_line' id='line_1_62' title="bbox 1439 741 2391 797; baseline 0.005 -17"><span class='ocrx_word' id='word_1_366' title='bbox 1439 744 1568 780; x_wconf 84' lang='lat' dir='ltr'>tinuat</span> <span class='ocrx_word' id='word_1_367' title='bbox 1613 741 1786 789; x_wconf 77' lang='lat' dir='ltr'>PauluS,</span> <span class='ocrx_word' id='word_1_368' title='bbox 1817 743 1934 792; x_wconf 76' lang='lat' dir='ltr'>qu&#39;us</span> <span class='ocrx_word' id='word_1_369' title='bbox 1963 747 2058 781; x_wconf 89' lang='lat' dir='ltr'>sunt</span> <span class='ocrx_word' id='word_1_370' title='bbox 2099 744 2185 784; x_wconf 89' lang='lat' dir='ltr'>libri</span> <span class='ocrx_word' id='word_1_371' title='bbox 2215 747 2391 797; x_wconf 90' lang='lat' dir='ltr'>quinque</span> 
     </span>
     <span class='ocr_line' id='line_1_63' title="bbox 1439 805 2393 858; baseline 0.003 -15"><span class='ocrx_word' id='word_1_372' title='bbox 1439 809 1683 854; x_wconf 80' lang='lat' dir='ltr'>sequentes,</span> <span class='ocrx_word' id='word_1_373' title='bbox 1714 806 1735 842; x_wconf 77' lang='lat' dir='ltr'>a</span> <span class='ocrx_word' id='word_1_374' title='bbox 1771 808 1947 855; x_wconf 84' lang='lat' dir='ltr'>tempore</span> <span class='ocrx_word' id='word_1_375' title='bbox 1993 805 2137 844; x_wconf 81' lang='lat' dir='ltr'>Juliani</span> <span class='ocrx_word' id='word_1_376' title='bbox 2180 806 2393 858; x_wconf 85' lang='lat' dir='ltr'>Apostatae</span> 
     </span>
     <span class='ocr_line' id='line_1_64' title="bbox 1441 866 2395 918; baseline 0.004 -13"><span class='ocrx_word' id='word_1_377' title='bbox 1441 878 1568 916; x_wconf 89' lang='lat' dir='ltr'>usque</span> <span class='ocrx_word' id='word_1_378' title='bbox 1611 866 1658 905; x_wconf 86' lang='lat' dir='ltr'>ad</span> <span class='ocrx_word' id='word_1_379' title='bbox 1705 870 1883 917; x_wconf 79' lang='lat' dir='ltr'>tempora</span> <span class='ocrx_word' id='word_1_380' title='bbox 1931 868 2045 918; x_wconf 89' lang='lat' dir='ltr'>primi</span> <span class='ocrx_word' id='word_1_381' title='bbox 2092 868 2317 909; x_wconf 84' lang='lat' dir='ltr'>Justiniani.</span> <span class='ocrx_word' id='word_1_382' title='bbox 2360 871 2395 918; x_wconf 89' lang='lat' dir='ltr'>c)</span> 
     </span>
     <span class='ocr_line' id='line_1_65' title="bbox 1442 927 2395 983; baseline 0.001 -15"><span class='ocrx_word' id='word_1_383' title='bbox 1442 929 1624 976; x_wconf 86' lang='lat' dir='ltr'>Caeteri,</span> <span class='ocrx_word' id='word_1_384' title='bbox 1656 939 1799 978; x_wconf 86' lang='lat' dir='ltr'>nempe</span> <span class='ocrx_word' id='word_1_385' title='bbox 1828 927 2009 968; x_wconf 78' lang='lat' dir='ltr'>decimus</span> <span class='ocrx_word' id='word_1_386' title='bbox 2039 930 2236 980; x_wconf 88' lang='lat' dir='ltr'>septimus</span> <span class='ocrx_word' id='word_1_387' title='bbox 2266 936 2306 970; x_wconf 88' lang='lat' dir='ltr'>et</span> <span class='ocrx_word' id='word_1_388' title='bbox 2328 933 2395 983; x_wconf 86' lang='lat' dir='ltr'>qui</span> 
     </span>
     <span class='ocr_line' id='line_1_66' title="bbox 1441 989 2397 1042; baseline 0.002 -13"><span class='ocrx_word' id='word_1_389' title='bbox 1441 994 1744 1041; x_wconf 87' lang='lat' dir='ltr'>consequuntur</span> <span class='ocrx_word' id='word_1_390' title='bbox 1773 992 1795 1029; x_wconf 75' lang='lat' dir='ltr'>a</span> <span class='ocrx_word' id='word_1_391' title='bbox 1825 989 2126 1031; x_wconf 85' lang='lat' dir='ltr'><strong>LANDULPHO</strong></span> <span class='ocrx_word' id='word_1_392' title='bbox 2155 991 2302 1042; x_wconf 81' lang='lat' dir='ltr'>sagace</span> <span class='ocrx_word' id='word_1_393' title='bbox 2329 992 2397 1032; x_wconf 87' lang='lat' dir='ltr'>ad-</span> 
     </span>
     <span class='ocr_line' id='line_1_67' title="bbox 1443 1053 2396 1104; baseline 0.003 -14"><span class='ocrx_word' id='word_1_394' title='bbox 1443 1053 1514 1091; x_wconf 87' lang='lat' dir='ltr'>diti</span> <span class='ocrx_word' id='word_1_395' title='bbox 1547 1058 1667 1099; x_wconf 85' lang='lat' dir='ltr'>sunt,</span> <span class='ocrx_word' id='word_1_396' title='bbox 1692 1054 1945 1102; x_wconf 87' lang='lat' dir='ltr'>potissimum</span> <span class='ocrx_word' id='word_1_397' title='bbox 1967 1064 2015 1091; x_wconf 84' lang='lat' dir='ltr'>ex</span> <span class='ocrx_word' id='word_1_398' title='bbox 2033 1053 2287 1104; x_wconf 80' lang='lat' dir='ltr'>Theophane,</span> <span class='ocrx_word' id='word_1_399' title='bbox 2310 1055 2396 1093; x_wconf 87' lang='lat' dir='ltr'>sive</span> 
     </span>
     <span class='ocr_line' id='line_1_68' title="bbox 1444 1113 2398 1167; baseline 0.002 -14"><span class='ocrx_word' id='word_1_400' title='bbox 1444 1127 1491 1153; x_wconf 81' lang='lat' dir='ltr'>ex</span> <span class='ocrx_word' id='word_1_401' title='bbox 1522 1114 1807 1154; x_wconf 79' lang='lat' dir='ltr'>ANASTASIO</span> <span class='ocrx_word' id='word_1_402' title='bbox 1837 1113 2139 1154; x_wconf 76' lang='lat' dir='ltr'>Bibliothecario</span> <span class='ocrx_word' id='word_1_403' title='bbox 2168 1117 2236 1167; x_wconf 83' lang='lat' dir='ltr'>qui</span> <span class='ocrx_word' id='word_1_404' title='bbox 2275 1115 2398 1155; x_wconf 87' lang='lat' dir='ltr'>Theo-</span> 
     </span>
     <span class='ocr_line' id='line_1_69' title="bbox 1446 1177 2402 1228; baseline 0.002 -13"><span class='ocrx_word' id='word_1_405' title='bbox 1446 1177 1617 1228; x_wconf 84' lang='lat' dir='ltr'>phanem</span> <span class='ocrx_word' id='word_1_406' title='bbox 1648 1189 1696 1216; x_wconf 87' lang='lat' dir='ltr'>ex</span> <span class='ocrx_word' id='word_1_407' title='bbox 1727 1177 1876 1216; x_wconf 83' lang='lat' dir='ltr'>Graeco</span> <span class='ocrx_word' id='word_1_408' title='bbox 1908 1178 2045 1216; x_wconf 83' lang='lat' dir='ltr'>Lat-ine</span> <span class='ocrx_word' id='word_1_409' title='bbox 2075 1179 2211 1216; x_wconf 85' lang='lat' dir='ltr'>vertit.</span> <span class='ocrx_word' id='word_1_410' title='bbox 2237 1179 2294 1217; x_wconf 90' lang='lat' dir='ltr'>De</span> <span class='ocrx_word' id='word_1_411' title='bbox 2338 1179 2402 1217; x_wconf 80' lang='lat' dir='ltr'>Ili-</span> 
     </span>
     <span class='ocr_line' id='line_1_70' title="bbox 1446 1239 2401 1291; baseline 0.003 -14"><span class='ocrx_word' id='word_1_412' title='bbox 1446 1242 1590 1278; x_wconf 84' lang='lat' dir='ltr'>storiae</span> <span class='ocrx_word' id='word_1_413' title='bbox 1620 1240 1816 1279; x_wconf 83' lang='lat' dir='ltr'>Miscellae</span> <span class='ocrx_word' id='word_1_414' title='bbox 1841 1239 2106 1288; x_wconf 81' lang='lat' dir='ltr'>editionibus,</span> <span class='ocrx_word' id='word_1_415' title='bbox 2131 1251 2232 1291; x_wconf 84' lang='lat' dir='ltr'>quae</span> <span class='ocrx_word' id='word_1_416' title='bbox 2256 1252 2303 1279; x_wconf 86' lang='lat' dir='ltr'>ex</span> <span class='ocrx_word' id='word_1_417' title='bbox 2330 1242 2401 1281; x_wconf 88' lang='lat' dir='ltr'>Ca-</span> 
     </span>
     <span class='ocr_line' id='line_1_71' title="bbox 1447 1303 2401 1342; baseline 0 -2"><span class='ocrx_word' id='word_1_418' title='bbox 1447 1303 1535 1340; x_wconf 89' lang='lat' dir='ltr'>nisii</span> <span class='ocrx_word' id='word_1_419' title='bbox 1582 1303 1812 1341; x_wconf 71' lang='lat' dir='ltr'>recensione</span> <span class='ocrx_word' id='word_1_420' title='bbox 1854 1303 1972 1341; x_wconf 88' lang='lat' dir='ltr'>etiam</span> <span class='ocrx_word' id='word_1_421' title='bbox 2004 1306 2137 1341; x_wconf 80' lang='lat' dir='ltr'>exstat</span> <span class='ocrx_word' id='word_1_422' title='bbox 2165 1306 2258 1341; x_wconf 86' lang='lat' dir='ltr'>tom.</span> <span class='ocrx_word' id='word_1_423' title='bbox 2296 1304 2401 1342; x_wconf 86' lang='lat' dir='ltr'><strong>XIII.</strong></span> 
     </span>
     <span class='ocr_line' id='line_1_72' title="bbox 1447 1364 2401 1416; baseline 0.001 -13"><span class='ocrx_word' id='word_1_424' title='bbox 1447 1365 1543 1404; x_wconf 88' lang='lat' dir='ltr'>Bibl.</span> <span class='ocrx_word' id='word_1_425' title='bbox 1576 1367 1734 1404; x_wconf 87' lang='lat' dir='ltr'>Patrum</span> <span class='ocrx_word' id='word_1_426' title='bbox 1767 1364 1889 1415; x_wconf 83' lang='lat' dir='ltr'>Lugd.</span> <span class='ocrx_word' id='word_1_427' title='bbox 1921 1376 2009 1415; x_wconf 74' lang='lat' dir='ltr'>pag.</span> <span class='ocrx_word' id='word_1_428' title='bbox 2037 1364 2107 1404; x_wconf 70' lang='lat'>204</span> <span class='ocrx_word' id='word_1_429' title='bbox 2140 1376 2222 1416; x_wconf 84' lang='lat' dir='ltr'>seq.</span> <span class='ocrx_word' id='word_1_430' title='bbox 2252 1364 2331 1403; x_wconf 83' lang='lat' dir='ltr'>dixi</span> <span class='ocrx_word' id='word_1_431' title='bbox 2363 1367 2401 1404; x_wconf 93' lang='lat' dir='ltr'>in</span> 
     </span>
     <span class='ocr_line' id='line_1_73' title="bbox 1447 1426 2403 1478; baseline 0 -12"><span class='ocrx_word' id='word_1_432' title='bbox 1447 1427 1544 1466; x_wconf 91' lang='lat' dir='ltr'>Bibl.</span> <span class='ocrx_word' id='word_1_433' title='bbox 1578 1429 1713 1466; x_wconf 75' lang='lat' dir='ltr'>LatIna</span> <span class='ocrx_word' id='word_1_434' title='bbox 1760 1426 1824 1465; x_wconf 93' lang='lat' dir='ltr'>lib.</span> <span class='ocrx_word' id='word_1_435' title='bbox 1855 1428 1922 1466; x_wconf 88' lang='grc' dir='ltr'>ΙΙΙ.</span> <span class='ocrx_word' id='word_1_436' title='bbox 1963 1438 2049 1478; x_wconf 88' lang='lat' dir='ltr'>cap.</span> <span class='ocrx_word' id='word_1_437' title='bbox 2080 1428 2116 1465; x_wconf 89' lang='lat'>9.</span> <span class='ocrx_word' id='word_1_438' title='bbox 2146 1431 2186 1465; x_wconf 89' lang='lat' dir='ltr'>et</span> <span class='ocrx_word' id='word_1_439' title='bbox 2213 1427 2262 1467; x_wconf 89' lang='lat' dir='ltr'>de</span> <span class='ocrx_word' id='word_1_440' title='bbox 2305 1428 2403 1467; x_wconf 86' lang='lat' dir='ltr'>Lan-</span> 
     </span>
     <span class='ocr_line' id='line_1_74' title="bbox 1448 1489 2403 1541; baseline 0.001 -13"><span class='ocrx_word' id='word_1_441' title='bbox 1448 1490 1597 1540; x_wconf 87' lang='lat' dir='ltr'>dulpho</span> <span class='ocrx_word' id='word_1_442' title='bbox 1625 1495 1745 1540; x_wconf 82' lang='lat' dir='ltr'>atque</span> <span class='ocrx_word' id='word_1_443' title='bbox 1777 1490 1988 1541; x_wconf 84' lang='lat' dir='ltr'>Anastasio</span> <span class='ocrx_word' id='word_1_444' title='bbox 2017 1501 2137 1541; x_wconf 88' lang='lat' dir='ltr'>supra</span> <span class='ocrx_word' id='word_1_445' title='bbox 2157 1520 2168 1538; x_wconf 83' lang='lat'>,</span> <span class='ocrx_word' id='word_1_446' title='bbox 2197 1501 2270 1529; x_wconf 91' lang='lat' dir='ltr'>suo</span> <span class='ocrx_word' id='word_1_447' title='bbox 2308 1489 2403 1529; x_wconf 88' lang='lat' dir='ltr'>loco.</span> 
     </span>
    </p>

    <p class='ocr_par' dir='ltr' id='par_1_11' title="bbox 1447 1551 2405 2034">
     <span class='ocr_line' id='line_1_75' title="bbox 1502 1551 2402 1602; baseline -0.001 -11"><span class='ocrx_word' id='word_1_448' title='bbox 1502 1553 1582 1602; x_wconf 61' lang='lat'>(⁶244</span> <span class='ocrx_word' id='word_1_449' title='bbox 1596 1580 1605 1589; x_wconf 85' lang='lat'><strong>.</strong></span> <span class='ocrx_word' id='word_1_450' title='bbox 1626 1552 1732 1591; x_wconf 86' lang='lat' dir='ltr'>Pauli</span> <span class='ocrx_word' id='word_1_451' title='bbox 1754 1553 1913 1591; x_wconf 91' lang='lat' dir='ltr'>Diaconi</span> <span class='ocrx_word' id='word_1_452' title='bbox 1931 1552 2097 1590; x_wconf 84' lang='lat' dir='ltr'>Historia</span> <span class='ocrx_word' id='word_1_453' title='bbox 2114 1551 2287 1591; x_wconf 86' lang='lat' dir='ltr'>Miscella</span> <span class='ocrx_word' id='word_1_454' title='bbox 2304 1553 2402 1591; x_wconf 74' lang='lat' dir='ltr'>Lau-</span> 
     </span>
     <span class='ocr_line' id='line_1_76' title="bbox 1448 1613 2403 1661; baseline -0.001 -9"><span class='ocrx_word' id='word_1_455' title='bbox 1448 1614 1654 1653; x_wconf 86' lang='lat' dir='ltr'>datissima</span> <span class='ocrx_word' id='word_1_456' title='bbox 1695 1625 1716 1652; x_wconf 89' lang='lat' dir='ltr'>a</span> <span class='ocrx_word' id='word_1_457' title='bbox 1760 1613 1872 1652; x_wconf 85' lang='lat' dir='ltr'>Justo</span> <span class='ocrx_word' id='word_1_458' title='bbox 1902 1613 2124 1661; x_wconf 86' lang='lat' dir='ltr'>Fontanini,</span> <span class='ocrx_word' id='word_1_459' title='bbox 2143 1625 2220 1652; x_wconf 91' lang='lat' dir='ltr'>non</span> <span class='ocrx_word' id='word_1_460' title='bbox 2257 1614 2350 1651; x_wconf 87' lang='lat' dir='ltr'>item</span> <span class='ocrx_word' id='word_1_461' title='bbox 2381 1624 2403 1651; x_wconf 87' lang='lat' dir='ltr'>a</span> 
     </span>
     <span class='ocr_line' id='line_1_77' title="bbox 1447 1674 2401 1726; baseline -0.001 -12"><span class='ocrx_word' id='word_1_462' title='bbox 1447 1677 1681 1721; x_wconf 88' lang='lat' dir='ltr'>Muratorio,</span> <span class='ocrx_word' id='word_1_463' title='bbox 1711 1675 1815 1713; x_wconf 86' lang='lat' dir='ltr'>edita</span> <span class='ocrx_word' id='word_1_464' title='bbox 1847 1676 2018 1726; x_wconf 89' lang='lat' dir='ltr'>primum</span> <span class='ocrx_word' id='word_1_465' title='bbox 2050 1675 2196 1714; x_wconf 83' lang='lat' dir='ltr'>Romae</span> <span class='ocrx_word' id='word_1_466' title='bbox 2221 1674 2338 1714; x_wconf 75' lang='grc'>4474.</span> <span class='ocrx_word' id='word_1_467' title='bbox 2363 1676 2401 1713; x_wconf 92' lang='lat' dir='ltr'>in</span> 
     </span>
     <span class='ocr_line' id='line_1_78' title="bbox 1449 1736 2398 1788; baseline 0 -12"><span class='ocrx_word' id='word_1_468' title='bbox 1449 1739 1484 1776; x_wconf 77' lang='lat'>4.</span> <span class='ocrx_word' id='word_1_469' title='bbox 1513 1738 1644 1776; x_wconf 85' lang='lat' dir='ltr'>Italico</span> <span class='ocrx_word' id='word_1_470' title='bbox 1676 1748 1790 1776; x_wconf 87' lang='lat' dir='ltr'>versa</span> <span class='ocrx_word' id='word_1_471' title='bbox 1819 1737 1987 1776; x_wconf 87' lang='lat' dir='ltr'>habetur</span> <span class='ocrx_word' id='word_1_472' title='bbox 2016 1736 2064 1776; x_wconf 87' lang='lat' dir='ltr'>ab</span> <span class='ocrx_word' id='word_1_473' title='bbox 2093 1748 2293 1788; x_wconf 86' lang='lat' dir='ltr'>anonymo</span> <span class='ocrx_word' id='word_1_474' title='bbox 2330 1738 2398 1776; x_wconf 84' lang='lat' dir='ltr'>Ve-</span> 
     </span>
     <span class='ocr_line' id='line_1_79' title="bbox 1447 1798 2394 1850; baseline -0.001 -13"><span class='ocrx_word' id='word_1_475' title='bbox 1447 1801 1551 1838; x_wconf 72' lang='lat' dir='ltr'>netia</span> <span class='ocrx_word' id='word_1_476' title='bbox 1580 1799 1694 1838; x_wconf 48' lang='lat'>¹154&amp;</span> <span class='ocrx_word' id='word_1_477' title='bbox 1726 1802 1760 1837; x_wconf 88' lang='lat'>8.</span> <span class='ocrx_word' id='word_1_478' title='bbox 1790 1811 1816 1837; x_wconf 84' lang='grc' dir='ltr'>α</span> <span class='ocrx_word' id='word_1_479' title='bbox 1844 1798 1985 1837; x_wconf 78' lang='lat' dir='ltr'>Bened.</span> <span class='ocrx_word' id='word_1_480' title='bbox 2025 1798 2121 1850; x_wconf 70' lang='lat' dir='ltr'>Eqio</span> <span class='ocrx_word' id='word_1_481' title='bbox 2156 1798 2208 1837; x_wconf 80' lang='lat' dir='ltr'>(la</span> <span class='ocrx_word' id='word_1_482' title='bbox 2241 1799 2394 1850; x_wconf 82' lang='lat' dir='ltr'>Spoleto</span> 
     </span>
     <span class='ocr_line' id='line_1_80' title="bbox 1449 1860 2401 1901; baseline 0.001 -2"><span class='ocrx_word' id='word_1_483' title='bbox 1449 1863 1497 1900; x_wconf 88' lang='lat' dir='ltr'>ib.</span> <span class='ocrx_word' id='word_1_484' title='bbox 1529 1863 1641 1901; x_wconf 69' lang='grc'>4548.</span> <span class='ocrx_word' id='word_1_485' title='bbox 1661 1862 1696 1899; x_wconf 90' lang='grc'>8.</span> <span class='ocrx_word' id='word_1_486' title='bbox 1718 1861 1813 1900; x_wconf 78' lang='lat' dir='ltr'>Lud.</span> <span class='ocrx_word' id='word_1_487' title='bbox 1832 1860 2058 1899; x_wconf 79' lang='lat' dir='ltr'>Domem&#39;chi</span> <span class='ocrx_word' id='word_1_488' title='bbox 2075 1862 2124 1899; x_wconf 88' lang='lat' dir='ltr'>ib.</span> <span class='ocrx_word' id='word_1_489' title='bbox 2149 1860 2262 1901; x_wconf 73' lang='grc'>4548.</span> <span class='ocrx_word' id='word_1_490' title='bbox 2283 1862 2401 1901; x_wconf 80' lang='grc'>4558.</span> 
     </span>
     <span class='ocr_line' id='line_1_81' title="bbox 1450 1922 2405 1973; baseline 0 -11"><span class='ocrx_word' id='word_1_491' title='bbox 1450 1926 1485 1962; x_wconf 83' lang='grc'>8.</span> <span class='ocrx_word' id='word_1_492' title='bbox 1515 1923 1659 1963; x_wconf 72' lang='grc' dir='ltr'><em>ΜῐΙαηο</em></span> <span class='ocrx_word' id='word_1_493' title='bbox 1704 1923 1818 1962; x_wconf 84' lang='grc'>4634.</span> <span class='ocrx_word' id='word_1_494' title='bbox 1865 1923 1926 1962; x_wconf 87' lang='grc'>46.</span> <span class='ocrx_word' id='word_1_495' title='bbox 1975 1934 1996 1961; x_wconf 87' lang='lat' dir='ltr'>a</span> <span class='ocrx_word' id='word_1_496' title='bbox 2043 1922 2202 1973; x_wconf 79' lang='lat' dir='ltr'>Quirico</span> <span class='ocrx_word' id='word_1_497' title='bbox 2252 1923 2405 1963; x_wconf 81' lang='lat' dir='ltr'>Viviani</span> 
     </span>
     <span class='ocr_line' id='line_1_82' title="bbox 1453 1985 2046 2034; baseline -0.003 -9"><span class='ocrx_word' id='word_1_498' title='bbox 1453 1985 1570 2025; x_wconf 75' lang='lat' dir='ltr'>Uclt&#39;ne</span> <span class='ocrx_word' id='word_1_499' title='bbox 1602 1987 1702 2025; x_wconf 71' lang='lat'>4829</span> <span class='ocrx_word' id='word_1_500' title='bbox 1749 1997 1786 2023; x_wconf 93' lang='lat' dir='ltr'>v.</span> <span class='ocrx_word' id='word_1_501' title='bbox 1818 1986 1841 2024; x_wconf 74' lang='lat'>⁶2</span> <span class='ocrx_word' id='word_1_502' title='bbox 1887 1987 1924 2023; x_wconf 90' lang='lat' dir='ltr'>in</span> <span class='ocrx_word' id='word_1_503' title='bbox 1957 1986 2046 2034; x_wconf 87' lang='grc'>46.)</span> 
     </span>
    </p>

    <p class='ocr_par' dir='ltr' id='par_1_12' title="bbox 1453 2047 2416 2538">
     <span class='ocr_line' id='line_1_83' title="bbox 1505 2047 2408 2099; baseline 0 -12"><span class='ocrx_word' id='word_1_504' title='bbox 1505 2047 1765 2088; x_wconf 69' lang='lat' dir='ltr'>nomiliarius</span> <span class='ocrx_word' id='word_1_505' title='bbox 1795 2049 1834 2096; x_wconf 86' lang='lat' dir='ltr'>d)</span> <span class='ocrx_word' id='word_1_506' title='bbox 1866 2053 2022 2099; x_wconf 84' lang='lat' dir='ltr'>praeter</span> <span class='ocrx_word' id='word_1_507' title='bbox 2052 2060 2135 2087; x_wconf 86' lang='lat' dir='ltr'>rem</span> <span class='ocrx_word' id='word_1_508' title='bbox 2180 2047 2345 2088; x_wconf 77' lang='lat' dir='ltr'>Alcuino</span> <span class='ocrx_word' id='word_1_509' title='bbox 2375 2049 2408 2096; x_wconf 88' lang='lat' dir='ltr'>e)</span> 
     </span>
     <span class='ocr_line' id='line_1_84' title="bbox 1453 2110 2412 2162; baseline -0.003 -11"><span class='ocrx_word' id='word_1_510' title='bbox 1453 2112 1676 2162; x_wconf 84' lang='lat' dir='ltr'>adscriptus</span> <span class='ocrx_word' id='word_1_511' title='bbox 1706 2113 1727 2149; x_wconf 72' lang='lat' dir='ltr'>a</span> <span class='ocrx_word' id='word_1_512' title='bbox 1758 2112 1984 2159; x_wconf 86' lang='lat' dir='ltr'>nonnullis,</span> <span class='ocrx_word' id='word_1_513' title='bbox 2014 2111 2131 2150; x_wconf 88' lang='lat' dir='ltr'>Paulo</span> <span class='ocrx_word' id='word_1_514' title='bbox 2161 2111 2197 2158; x_wconf 84' lang='lat' dir='ltr'>f)</span> <span class='ocrx_word' id='word_1_515' title='bbox 2237 2110 2412 2150; x_wconf 90' lang='lat' dir='ltr'>tribuen-</span> 
     </span>
     <span class='ocr_line' id='line_1_85' title="bbox 1456 2173 2416 2225; baseline -0.002 -11"><span class='ocrx_word' id='word_1_516' title='bbox 1456 2175 1552 2214; x_wconf 90' lang='lat' dir='ltr'>dum</span> <span class='ocrx_word' id='word_1_517' title='bbox 1591 2186 1691 2225; x_wconf 92' lang='lat' dir='ltr'>opus</span> <span class='ocrx_word' id='word_1_518' title='bbox 1720 2185 1767 2213; x_wconf 89' lang='lat' dir='ltr'>ex</span> <span class='ocrx_word' id='word_1_519' title='bbox 1798 2174 2051 2224; x_wconf 85' lang='lat' dir='ltr'>probatorum</span> <span class='ocrx_word' id='word_1_520' title='bbox 2095 2173 2298 2212; x_wconf 82' lang='lat' dir='ltr'>Ecclesiae</span> <span class='ocrx_word' id='word_1_521' title='bbox 2342 2173 2416 2212; x_wconf 80' lang='lat' dir='ltr'>Do—</span> 
     </span>
     <span class='ocr_line' id='line_1_86' title="bbox 1456 2234 2412 2284; baseline -0.003 -8"><span class='ocrx_word' id='word_1_522' title='bbox 1456 2242 1610 2276; x_wconf 87' lang='lat' dir='ltr'>ctorum</span> <span class='ocrx_word' id='word_1_523' title='bbox 1642 2235 1984 2276; x_wconf 88' lang='lat' dir='ltr'>lucubrationibus</span> <span class='ocrx_word' id='word_1_524' title='bbox 2010 2234 2128 2284; x_wconf 89' lang='lat' dir='ltr'>jussu</span> <span class='ocrx_word' id='word_1_525' title='bbox 2150 2235 2276 2274; x_wconf 84' lang='lat' dir='ltr'>Caroli</span> <span class='ocrx_word' id='word_1_526' title='bbox 2302 2237 2348 2274; x_wconf 87' lang='lat' dir='ltr'>M.</span> <span class='ocrx_word' id='word_1_527' title='bbox 2374 2236 2412 2273; x_wconf 90' lang='lat' dir='ltr'>in</span> 
     </span>
     <span class='ocr_line' id='line_1_87' title="bbox 1459 2297 2411 2349; baseline -0.003 -10"><span class='ocrx_word' id='word_1_528' title='bbox 1459 2302 1724 2340; x_wconf 77' lang='lat' dir='ltr'>Ecclesiarun]</span> <span class='ocrx_word' id='word_1_529' title='bbox 1759 2310 1856 2339; x_wconf 86' lang='lat' dir='ltr'>usus</span> <span class='ocrx_word' id='word_1_530' title='bbox 1878 2299 2048 2337; x_wconf 84' lang='lat' dir='ltr'>selectas</span> <span class='ocrx_word' id='word_1_531' title='bbox 2067 2298 2319 2349; x_wconf 88' lang='lat' dir='ltr'>complexum</span> <span class='ocrx_word' id='word_1_532' title='bbox 2346 2297 2411 2336; x_wconf 87' lang='lat' dir='ltr'>ho-</span> 
     </span>
     <span class='ocr_line' id='line_1_88' title="bbox 1462 2361 2413 2412; baseline -0.003 -11"><span class='ocrx_word' id='word_1_533' title='bbox 1462 2364 1588 2402; x_wconf 84' lang='lat' dir='ltr'>milias</span> <span class='ocrx_word' id='word_1_534' title='bbox 1619 2365 1654 2400; x_wconf 93' lang='lat' dir='ltr'>in</span> <span class='ocrx_word' id='word_1_535' title='bbox 1688 2363 1901 2412; x_wconf 73' lang='lat' dir='ltr'>Evangelia</span> <span class='ocrx_word' id='word_1_536' title='bbox 1921 2361 2178 2400; x_wconf 86' lang='lat' dir='ltr'>Dominicalia</span> <span class='ocrx_word' id='word_1_537' title='bbox 2201 2364 2321 2411; x_wconf 89' lang='lat' dir='ltr'>atque</span> <span class='ocrx_word' id='word_1_538' title='bbox 2344 2371 2413 2399; x_wconf 84' lang='lat' dir='ltr'>an·</span> 
     </span>
     <span class='ocr_line' id='line_1_89' title="bbox 1461 2422 2413 2474; baseline -0.002 -11"><span class='ocrx_word' id='word_1_539' title='bbox 1461 2427 1703 2474; x_wconf 69' lang='lat' dir='ltr'>nivei-saria,</span> <span class='ocrx_word' id='word_1_540' title='bbox 1735 2425 1841 2463; x_wconf 87' lang='lat' dir='ltr'>Tulit</span> <span class='ocrx_word' id='word_1_541' title='bbox 1871 2428 2045 2463; x_wconf 84' lang='lat' dir='ltr'>aetatem</span> <span class='ocrx_word' id='word_1_542' title='bbox 2078 2422 2261 2473; x_wconf 86' lang='lat' dir='ltr'>viditque</span> <span class='ocrx_word' id='word_1_543' title='bbox 2285 2422 2413 2462; x_wconf 87' lang='lat' dir='ltr'>lucem</span> 
     </span>
     <span class='ocr_line' id='line_1_90' title="bbox 1461 2485 2416 2538; baseline -0.002 -13"><span class='ocrx_word' id='word_1_544' title='bbox 1461 2489 1581 2527; x_wconf 83' lang='lat' dir='ltr'>variis</span> <span class='ocrx_word' id='word_1_545' title='bbox 1611 2489 1647 2526; x_wconf 92' lang='lat' dir='ltr'>in</span> <span class='ocrx_word' id='word_1_546' title='bbox 1679 2489 1774 2526; x_wconf 87' lang='lat' dir='ltr'>locis</span> <span class='ocrx_word' id='word_1_547' title='bbox 1813 2492 1856 2526; x_wconf 88' lang='lat' dir='ltr'>ut</span> <span class='ocrx_word' id='word_1_548' title='bbox 1900 2487 2036 2538; x_wconf 85' lang='lat' dir='ltr'>Spirae</span> <span class='ocrx_word' id='word_1_549' title='bbox 2083 2485 2197 2525; x_wconf 76' lang='grc'>4482.</span> <span class='ocrx_word' id='word_1_550' title='bbox 2240 2485 2416 2524; x_wconf 86' lang='lat' dir='ltr'>Basileae</span> 
     </span>
    </p>
   </div>
   <div class='ocr_carea' id='block_1_5' title="bbox 1457 2625 2424 3366">
    <p class='ocr_par' dir='ltr' id='par_1_13' title="bbox 1457 2625 2424 2916">
     <span class='ocr_line' id='line_1_91' title="bbox 1457 2625 2421 2671; baseline -0.006 -9"><span class='ocrx_word' id='word_1_551' title='bbox 1457 2633 1579 2671; x_wconf 69' lang='lat' dir='ltr'>cuique</span> <span class='ocrx_word' id='word_1_552' title='bbox 1602 2631 1796 2671; x_wconf 75' lang='lat' dir='ltr'>festivitati</span> <span class='ocrx_word' id='word_1_553' title='bbox 1819 2629 2066 2661; x_wconf 71' lang='lat' dir='ltr'>convenientes</span> <span class='ocrx_word' id='word_1_554' title='bbox 2088 2635 2151 2667; x_wconf 79' lang='lat' dir='ltr'>per</span> <span class='ocrx_word' id='word_1_555' title='bbox 2168 2625 2338 2658; x_wconf 70' lang='lat' dir='ltr'>circulum</span> <span class='ocrx_word' id='word_1_556' title='bbox 2361 2633 2421 2656; x_wconf 77' lang='lat' dir='ltr'>an-</span> 
     </span>
     <span class='ocr_line' id='line_1_92' title="bbox 1457 2675 2418 2720; baseline -0.007 -7"><span class='ocrx_word' id='word_1_557' title='bbox 1457 2683 1496 2713; x_wconf 76' lang='lat' dir='ltr'>ni</span> <span class='ocrx_word' id='word_1_558' title='bbox 1519 2682 1558 2713; x_wconf 73' lang='lat' dir='ltr'>vin</span> <span class='ocrx_word' id='word_1_559' title='bbox 1580 2681 1744 2713; x_wconf 77' lang='lat' dir='ltr'>Ecclesia</span> <span class='ocrx_word' id='word_1_560' title='bbox 1768 2680 1936 2720; x_wconf 71' lang='lat' dir='ltr'>leqendas</span> <span class='ocrx_word' id='word_1_561' title='bbox 1956 2676 2149 2717; x_wconf 71' lang='lat' dir='ltr'>compilari</span> <span class='ocrx_word' id='word_1_562' title='bbox 2169 2675 2266 2716; x_wconf 75' lang='lat' dir='ltr'>fecit.</span> <span class='ocrx_word' id='word_1_563' title='bbox 2288 2676 2418 2713; x_wconf 83' lang='lat' dir='ltr'>Florus,</span> 
     </span>
     <span class='ocr_line' id='line_1_93' title="bbox 1460 2725 2424 2770; baseline -0.008 -7"><span class='ocrx_word' id='word_1_564' title='bbox 1460 2735 1626 2764; x_wconf 71' lang='lat' dir='ltr'>tiiaconus</span> <span class='ocrx_word' id='word_1_565' title='bbox 1665 2732 1900 2770; x_wconf 84' lang='lat' dir='ltr'>Lugdunensis</span> <span class='ocrx_word' id='word_1_566' title='bbox 1925 2731 1958 2760; x_wconf 91' lang='lat' dir='ltr'>in</span> <span class='ocrx_word' id='word_1_567' title='bbox 1985 2727 2107 2759; x_wconf 90' lang='lat' dir='ltr'>librum</span> <span class='ocrx_word' id='word_1_568' title='bbox 2143 2725 2353 2758; x_wconf 75' lang='lat' dir='ltr'>homiliarum</span> <span class='ocrx_word' id='word_1_569' title='bbox 2377 2730 2424 2756; x_wconf 81' lang='lat' dir='ltr'>io-</span> 
     </span>
     <span class='ocr_line' id='line_1_94' title="bbox 1461 2774 2424 2813; baseline -0.007 0"><span class='ocrx_word' id='word_1_570' title='bbox 1461 2785 1526 2813; x_wconf 69' lang='lat' dir='ltr'>nius</span> <span class='ocrx_word' id='word_1_571' title='bbox 1549 2783 1627 2812; x_wconf 81' lang='lat' dir='ltr'>anni</span> <span class='ocrx_word' id='word_1_572' title='bbox 1654 2789 1692 2811; x_wconf 86' lang='lat' dir='ltr'>ex</span> <span class='ocrx_word' id='word_1_573' title='bbox 1715 2780 1926 2811; x_wconf 87' lang='lat' dir='ltr'>diversorum</span> <span class='ocrx_word' id='word_1_574' title='bbox 1951 2780 2089 2808; x_wconf 88' lang='lat' dir='ltr'>Patrum</span> <span class='ocrx_word' id='word_1_575' title='bbox 2112 2775 2310 2808; x_wconf 85' lang='lat' dir='ltr'>tractatibus</span> <span class='ocrx_word' id='word_1_576' title='bbox 2332 2774 2424 2806; x_wconf 83' lang='lat' dir='ltr'>ordi-</span> 
     </span>
     <span class='ocr_line' id='line_1_95' title="bbox 1465 2824 2424 2863; baseline -0.008 0"><span class='ocrx_word' id='word_1_577' title='bbox 1465 2836 1577 2863; x_wconf 83' lang='lat' dir='ltr'>natum</span> <span class='ocrx_word' id='word_1_578' title='bbox 1593 2843 1601 2861; x_wconf 87' lang='lat'>:</span> <span class='ocrx_word' id='word_1_579' title='bbox 1620 2832 1652 2861; x_wconf 89' lang='lat' dir='ltr'>in</span> <span class='ocrx_word' id='word_1_580' title='bbox 1669 2830 1862 2861; x_wconf 79' lang='lat' dir='ltr'>thesaurum</span> <span class='ocrx_word' id='word_1_581' title='bbox 1887 2826 2129 2858; x_wconf 76' lang='lat' dir='ltr'>anecdotorum</span> <span class='ocrx_word' id='word_1_582' title='bbox 2151 2824 2316 2857; x_wconf 87' lang='lat' dir='ltr'>Edmundi</span> <span class='ocrx_word' id='word_1_583' title='bbox 2337 2826 2424 2856; x_wconf 82' lang='lat' dir='ltr'>Mar-</span> 
     </span>
     <span class='ocr_line' id='line_1_96' title="bbox 1461 2875 2240 2916; baseline -0.008 -4"><span class='ocrx_word' id='word_1_584' title='bbox 1461 2886 1535 2912; x_wconf 86' lang='lat' dir='ltr'>tene</span> <span class='ocrx_word' id='word_1_585' title='bbox 1557 2885 1589 2911; x_wconf 84' lang='lat' dir='ltr'>et</span> <span class='ocrx_word' id='word_1_586' title='bbox 1613 2881 1718 2911; x_wconf 87' lang='lat' dir='ltr'>Ursini</span> <span class='ocrx_word' id='word_1_587' title='bbox 1746 2878 1880 2909; x_wconf 83' lang='lat' dir='ltr'>Durand</span> <span class='ocrx_word' id='word_1_588' title='bbox 1904 2880 1984 2908; x_wconf 79' lang='lat' dir='ltr'>tom.</span> <span class='ocrx_word' id='word_1_589' title='bbox 2010 2879 2046 2907; x_wconf 88' lang='lat' dir='ltr'>V.</span> <span class='ocrx_word' id='word_1_590' title='bbox 2069 2884 2144 2916; x_wconf 78' lang='lat' dir='ltr'>pag.</span> <span class='ocrx_word' id='word_1_591' title='bbox 2165 2875 2240 2906; x_wconf 75' lang='lat'>61⁶2.</span> 
     </span>
    </p>

    <p class='ocr_par' dir='ltr' id='par_1_14' title="bbox 1460 2927 2421 3366">
     <span class='ocr_line' id='line_1_97' title="bbox 1481 2927 2309 2967; baseline -0.005 -7"><span class='ocrx_word' id='word_1_592' title='bbox 1481 2932 1505 2960; x_wconf 92' lang='grc' dir='ltr'><strong>Ο</strong></span> <span class='ocrx_word' id='word_1_593' title='bbox 1529 2929 1672 2967; x_wconf 80' lang='lat' dir='ltr'>prudens</span> <span class='ocrx_word' id='word_1_594' title='bbox 1696 2927 1812 2965; x_wconf 82' lang='lat' dir='ltr'>lector,</span> <span class='ocrx_word' id='word_1_595' title='bbox 1835 2930 1926 2959; x_wconf 86' lang='lat' dir='ltr'>vitae</span> <span class='ocrx_word' id='word_1_596' title='bbox 1949 2928 2003 2958; x_wconf 88' lang='lat' dir='ltr'>cui</span> <span class='ocrx_word' id='word_1_597' title='bbox 2027 2935 2105 2958; x_wconf 87' lang='lat' dir='ltr'>cura</span> <span class='ocrx_word' id='word_1_598' title='bbox 2129 2927 2284 2966; x_wconf 82' lang='lat' dir='ltr'>perennis</span> <span class='ocrx_word' id='word_1_599' title='bbox 2299 2948 2309 2963; x_wconf 90' lang='lat'>,</span> 
     </span>
     <span class='ocr_line' id='line_1_98' title="bbox 1480 2975 2406 3018; baseline -0.004 -8"><span class='ocrx_word' id='word_1_600' title='bbox 1480 2979 1611 3018; x_wconf 76' lang='lat' dir='ltr'>Perlege</span> <span class='ocrx_word' id='word_1_601' title='bbox 1638 2981 1843 3017; x_wconf 74' lang='lat' dir='ltr'>praesentem</span> <span class='ocrx_word' id='word_1_602' title='bbox 1867 2978 2016 3008; x_wconf 85' lang='lat' dir='ltr'>studioso</span> <span class='ocrx_word' id='word_1_603' title='bbox 2038 2979 2172 3016; x_wconf 85' lang='lat' dir='ltr'>pectore</span> <span class='ocrx_word' id='word_1_604' title='bbox 2196 2975 2317 3006; x_wconf 85' lang='lat' dir='ltr'>librum</span> <span class='ocrx_word' id='word_1_605' title='bbox 2341 2978 2406 3006; x_wconf 86' lang='lat' dir='ltr'>ete.</span> 
     </span>
     <span class='ocr_line' id='line_1_99' title="bbox 1460 3025 2420 3067; baseline -0.005 -8"><span class='ocrx_word' id='word_1_606' title='bbox 1460 3031 1559 3059; x_wconf 82' lang='lat' dir='ltr'>Piura</span> <span class='ocrx_word' id='word_1_607' title='bbox 1583 3029 1622 3059; x_wconf 83' lang='lat' dir='ltr'>de</span> <span class='ocrx_word' id='word_1_608' title='bbox 1645 3028 1707 3058; x_wconf 86' lang='lat' dir='ltr'>hoc</span> <span class='ocrx_word' id='word_1_609' title='bbox 1729 3035 1830 3067; x_wconf 87' lang='lat' dir='ltr'>opore</span> <span class='ocrx_word' id='word_1_610' title='bbox 1857 3030 1888 3058; x_wconf 88' lang='lat' dir='ltr'>et</span> <span class='ocrx_word' id='word_1_611' title='bbox 1911 3027 2014 3057; x_wconf 84' lang='lat' dir='ltr'>veteri</span> <span class='ocrx_word' id='word_1_612' title='bbox 2054 3025 2229 3057; x_wconf 81' lang='lat' dir='ltr'>Theotisca</span> <span class='ocrx_word' id='word_1_613' title='bbox 2253 3026 2321 3064; x_wconf 90' lang='lat' dir='ltr'>ejus</span> <span class='ocrx_word' id='word_1_614' title='bbox 2344 3031 2420 3055; x_wconf 89' lang='lat' dir='ltr'>ver-</span> 
     </span>
     <span class='ocr_line' id='line_1_100' title="bbox 1461 3073 2419 3109; baseline -0.004 -1"><span class='ocrx_word' id='word_1_615' title='bbox 1461 3080 1552 3109; x_wconf 79' lang='lat' dir='ltr'>sione</span> <span class='ocrx_word' id='word_1_616' title='bbox 1577 3080 1611 3108; x_wconf 90' lang='lat' dir='ltr'>V.</span> <span class='ocrx_word' id='word_1_617' title='bbox 1635 3078 1668 3107; x_wconf 87' lang='lat' dir='ltr'>C.</span> <span class='ocrx_word' id='word_1_618' title='bbox 1693 3080 1742 3108; x_wconf 86' lang='lat' dir='ltr'>Jo.</span> <span class='ocrx_word' id='word_1_619' title='bbox 1766 3077 1925 3108; x_wconf 79' lang='lat' dir='ltr'>ilenricus</span> <span class='ocrx_word' id='word_1_620' title='bbox 1941 3074 1959 3106; x_wconf 76' lang='lat' dir='ltr'>a</span> <span class='ocrx_word' id='word_1_621' title='bbox 1977 3075 2093 3106; x_wconf 85' lang='lat' dir='ltr'>Seelen</span> <span class='ocrx_word' id='word_1_622' title='bbox 2119 3076 2152 3106; x_wconf 94' lang='lat' dir='ltr'>in</span> <span class='ocrx_word' id='word_1_623' title='bbox 2176 3074 2308 3106; x_wconf 83' lang='lat' dir='ltr'>selectis</span> <span class='ocrx_word' id='word_1_624' title='bbox 2328 3073 2419 3104; x_wconf 85' lang='lat' dir='ltr'>litte-</span> 
     </span>
     <span class='ocr_line' id='line_1_101' title="bbox 1462 3121 2418 3166; baseline -0.005 -8"><span class='ocrx_word' id='word_1_625' title='bbox 1462 3135 1524 3158; x_wconf 88' lang='lat' dir='ltr'>rar.</span> <span class='ocrx_word' id='word_1_626' title='bbox 1551 3134 1624 3166; x_wconf 74' lang='lat' dir='ltr'>pag.</span> <span class='ocrx_word' id='word_1_627' title='bbox 1646 3127 1717 3158; x_wconf 67' lang='lat'>2132.</span> <span class='ocrx_word' id='word_1_628' title='bbox 1743 3134 1812 3165; x_wconf 75' lang='lat' dir='ltr'>seq.</span> <span class='ocrx_word' id='word_1_629' title='bbox 1837 3128 1885 3157; x_wconf 85' lang='lat' dir='ltr'>Jo.</span> <span class='ocrx_word' id='word_1_630' title='bbox 1909 3128 1988 3156; x_wconf 87' lang='lat' dir='ltr'>Dav.</span> <span class='ocrx_word' id='word_1_631' title='bbox 2012 3123 2127 3156; x_wconf 79' lang='lat' dir='ltr'>Koeler</span> <span class='ocrx_word' id='word_1_632' title='bbox 2148 3122 2188 3154; x_wconf 85' lang='lat' dir='ltr'>de</span> <span class='ocrx_word' id='word_1_633' title='bbox 2210 3121 2418 3154; x_wconf 82' lang='lat' dir='ltr'>Bibliotheca</span> 
     </span>
     <span class='ocr_line' id='line_1_102' title="bbox 1462 3172 2421 3215; baseline -0.004 -9"><span class='ocrx_word' id='word_1_634' title='bbox 1462 3178 1566 3207; x_wconf 59' lang='lat' dir='ltr'>(kiroli</span> <span class='ocrx_word' id='word_1_635' title='bbox 1591 3178 1631 3207; x_wconf 87' lang='lat' dir='ltr'>M.</span> <span class='ocrx_word' id='word_1_636' title='bbox 1655 3175 1783 3207; x_wconf 77' lang='lat' dir='ltr'>Altdors</span> <span class='ocrx_word' id='word_1_637' title='bbox 1802 3175 1894 3206; x_wconf 67' lang='lat'><strong>1727.</strong></span> <span class='ocrx_word' id='word_1_638' title='bbox 1912 3175 1931 3206; x_wconf 79' lang='lat'>4</span> <span class='ocrx_word' id='word_1_639' title='bbox 1962 3175 1990 3215; x_wconf 79' lang='lat' dir='ltr'>S.</span> <span class='ocrx_word' id='word_1_640' title='bbox 2013 3175 2043 3206; x_wconf 78' lang='lat'>(5.</span> <span class='ocrx_word' id='word_1_641' title='bbox 2067 3173 2186 3205; x_wconf 85' lang='lat' dir='ltr'>Simile</span> <span class='ocrx_word' id='word_1_642' title='bbox 2208 3180 2293 3212; x_wconf 89' lang='lat' dir='ltr'>opus</span> <span class='ocrx_word' id='word_1_643' title='bbox 2316 3173 2349 3202; x_wconf 88' lang='lat' dir='ltr'>in</span> <span class='ocrx_word' id='word_1_644' title='bbox 2376 3172 2421 3203; x_wconf 87' lang='lat' dir='ltr'>le-</span> 
     </span>
     <span class='ocr_line' id='line_1_103' title="bbox 1462 3220 2418 3268; baseline -0.009 -7"><span class='ocrx_word' id='word_1_645' title='bbox 1462 3231 1586 3261; x_wconf 78' lang='lat' dir='ltr'>ctiones</span> <span class='ocrx_word' id='word_1_646' title='bbox 1620 3225 1814 3268; x_wconf 82' lang='lat' dir='ltr'>Epistolicas</span> <span class='ocrx_word' id='word_1_647' title='bbox 1847 3226 1964 3257; x_wconf 82' lang='lat' dir='ltr'>diebus</span> <span class='ocrx_word' id='word_1_648' title='bbox 1996 3224 2179 3256; x_wconf 84' lang='lat' dir='ltr'>Dominicis</span> <span class='ocrx_word' id='word_1_649' title='bbox 2205 3224 2238 3253; x_wconf 86' lang='lat' dir='ltr'>et</span> <span class='ocrx_word' id='word_1_650' title='bbox 2265 3220 2356 3254; x_wconf 81' lang='lat' dir='ltr'>sestis</span> <span class='ocrx_word' id='word_1_651' title='bbox 2385 3224 2418 3253; x_wconf 90' lang='lat' dir='ltr'>in</span> 
     </span>
     <span class='ocr_line' id='line_1_104' title="bbox 1460 3271 2417 3316; baseline -0.008 -6"><span class='ocrx_word' id='word_1_652' title='bbox 1460 3278 1605 3310; x_wconf 78' lang='lat' dir='ltr'>Ecclesia</span> <span class='ocrx_word' id='word_1_653' title='bbox 1629 3281 1776 3316; x_wconf 75' lang='lat' dir='ltr'>receptas</span> <span class='ocrx_word' id='word_1_654' title='bbox 1799 3284 1837 3308; x_wconf 86' lang='lat' dir='ltr'>ex</span> <span class='ocrx_word' id='word_1_655' title='bbox 1860 3276 2012 3314; x_wconf 83' lang='lat' dir='ltr'>antiquis</span> <span class='ocrx_word' id='word_1_656' title='bbox 2034 3272 2200 3305; x_wconf 86' lang='lat' dir='ltr'>Ecclesiae</span> <span class='ocrx_word' id='word_1_657' title='bbox 2218 3271 2417 3303; x_wconf 87' lang='lat' dir='ltr'>Doctoribus</span> 
     </span>
     <span class='ocr_line' id='line_1_105' title="bbox 1463 3320 2394 3366; baseline -0.004 -9"><span class='ocrx_word' id='word_1_658' title='bbox 1463 3330 1590 3360; x_wconf 55' lang='lat' dir='ltr'>collegii</span> <span class='ocrx_word' id='word_1_659' title='bbox 1615 3327 1785 3366; x_wconf 64' lang='lat' dir='ltr'>ediditque</span> <span class='ocrx_word' id='word_1_660' title='bbox 1813 3327 1914 3355; x_wconf 56' lang='lat' dir='ltr'>lazur.</span> <span class='ocrx_word' id='word_1_661' title='bbox 1939 3323 2062 3356; x_wconf 70' lang='lat' dir='ltr'>Suria-5</span> <span class='ocrx_word' id='word_1_662' title='bbox 2085 3322 2200 3353; x_wconf 87' lang='lat' dir='ltr'>Colon.</span> <span class='ocrx_word' id='word_1_663' title='bbox 2227 3320 2316 3352; x_wconf 80' lang='lat'>1596.</span> <span class='ocrx_word' id='word_1_664' title='bbox 2339 3321 2394 3354; x_wconf 77' lang='lat' dir='ltr'>sol.</span> 
     </span>
    </p>
   </div>
   <div class='ocr_carea' id='block_1_6' title="bbox 2528 2586 2533 3119">
    <p class='ocr_par' dir='ltr' id='par_1_15' title="bbox 2528 2586 2533 3119">
     <span class='ocr_line' id='line_1_106' title="bbox 2528 2586 2533 3119; baseline 0 0"><span class='ocrx_word' id='word_1_665' title='bbox 2528 2586 2533 3119; x_wconf 95' lang='lat' dir='ltr'> </span> 
     </span>
    </p>
   </div>
  </div>
 </body>
</html>
