2517 4009
932 215 1117 257 THOM
1148 215 1228 258 AS

94 294 175 340 sis,
218 292 384 343 Scripsit
429 291 555 331 Vitam
599 291 644 330 Β.
685 289 797 331 Petri
823 287 1044 337 Monoculi‚

12 345 14 348 ’
93 354 259 396 Abbatis
289 354 651 402 Claraevallensis,
681 367 800 406 quam
833 354 1048 405 publicavit

91 419 314 470 Henriquez
356 421 394 457 in
438 419 637 457 Fasciculo
682 420 917 457 Sanctorum
962 415 1048 455 ord.

91 481 384 521 Cisterciensis.
407 482 493 521 Car.
525 480 573 520 de
599 481 715 520 Viscli
748 480 847 520 Bibl.
875 480 1046 530 Scripto-

90 556 181 585 rum
209 543 291 583 ord.
323 544 601 584 cisterciensis
630 556 664 595 p.
697 544 787 584 342.

143 606 346 648 THOMAS
368 605 596 657 Rubettius,
617 607 778 648 Ordinis
809 605 1049 647 Cistercien-

90 671 160 717 sis,
185 671 293 712 ·circa
321 682 354 711 3.
386 670 487 710 4451
519 671 686 718 claruit,
715 675 756 710 et
783 669 910 709 literis
941 678 1053 708 com-

91 733 303 787 prehendit
321 732 495 774 Decreta
522 732 750 787 synodalia,
776 744 849 773 nec
878 743 956 772 non
990 729 1052 768 Vi-

91 800 174 837 tam
193 797 238 838 B.
259 795 432 839 Walleni
449 797 534 836 sive
561 796 770 844 Walthem',
791 799 908 848 prout
928 795 1049 834 refert

92 861 181 902 Car.
209 859 258 900 de
298 860 421 900 Visch
460 861 559 901 Bibl.
601 861 768 901 Cisterc.
811 872 847 911 p.
893 859 969 899 342
1008 861 1048 896 et

89 925 352 976 Dempsterus
382 925 480 964 Hist.
503 925 608 964 Scot.
629 936 664 963 a.
685 922 798 964 4087.
821 924 927 963 Haec
955 921 1044 961 Hal-

89 986 313 1028 lervordius
343 989 467 1040 spicil.
496 988 545 1028 ad
576 988 773 1028 Vossium.

143 1050 349 1092 THOMAS
375 1050 641 1102 Rudburnus‚
672 1051 764 1092 vide
795 1063 914 1104 supra
945 1048 1048 1090 Raci-

91 1112 258 1156 burnus.

94 1202 100 1204 -
142 1179 344 1220 THOMAS
373 1179 602 1228 sandalias,
632 1181 795 1230 Scotus,
827 1180 1046 1220 monachus

87 1243 365 1284 cisterciensis
394 1245 432 1282 in
463 1243 641 1284 Kentire.
671 1248 762 1295 post
793 1244 928 1283 Abbas
957 1255 1046 1283 coe-

87 1307 191 1347 nobii
219 1307 325 1359 quod
355 1307 500 1347 Sandal
529 1308 595 1346 vel
625 1307 857 1347 Sandalium
888 1307 1043 1356 dicitur,

87 1370 191 1410 circa
218 1381 254 1410 3.
295 1369 413 1411 4257.
441 1371 609 1422 Scripsit
649 1381 770 1423 super
806 1370 1045 1422 Mayistrum

87 1433 398 1483 Sententiarum,
427 1433 474 1475 cle
496 1434 707 1487 Baptismo,
730 1439 770 1473 et
792 1434 1047 1484 Quaestiones

88 1499 380 1538 controversas.
409 1499 497 1539 Car.
528 1497 578 1537 de
607 1497 726 1536 Visch
756 1497 781 1536 l.
811 1509 845 1537 c.

141 1561 357 1609 THOMAS,
373 1561 595 1613 Episcopus
615 1561 865 1613 Sareptanus
882 1558 1046 1607 ordinis,

85 1623 493 1664 Praemonstratensis
536 1630 577 1664 et
622 1623 802 1664 medicus
839 1622 1046 1662 Wratisla-

87 1686 261 1736 viensis,
286 1687 446 1739 scripsit
474 1688 576 1727 circa
605 1699 639 1726 a·
673 1686 786 1725 4360.
817 1685 1046 1724 Praeticam

86 1746 358 1790 medicinalem
405 1754 446 1790 et
490 1751 720 1790 Tractatum
762 1748 808 1788 de
849 1746 1042 1801 febribus.

31 1821 33 1823 ·
84 1811 260 1863 Vterque
289 1813 388 1852 liber
416 1813 492 1853 MS.
521 1818 582 1853 est
612 1815 649 1852 in
676 1813 771 1852 Bibl.
806 1811 1042 1851 Academiae

23 1876 33 1888 ¹
85 1875 304 1926 Lipsiensis
334 1877 536 1927 Paullina,
568 1881 672 1917 teste
702 1876 888 1927 Catalogo
920 1873 1044 1913 Felle-

86 1937 197 1977 riano
225 1950 264 1989 p.
293 1938 385 1979 274.

139 2001 342 2042 THOMAS
366 2001 697 2051 Sarz'sburiensis,
722 2003 946 2054 Theologus
965 2000 1046 2041 An-

84 2063 190 2115 glus‚
207 2066 368 2117 scripsit
391 2065 439 2106 de
466 2069 552 2106 arte
576 2064 853 2119 praedicandi.
884 2066 1042 2105 Pitseus

82 2125 264 2180 Append.
293 2129 414 2170 Cent.
442 2131 504 2170 IV·
535 2129 597 2171 65.

137 2189 346 2232 THOMAS
373 2192 653 2243 Scaravellus,
683 2193 852 2233 Insuber
880 2192 1042 2233 Vercel-

82 2253 232 2304 lensis‚
260 2254 356 2294 Ord.
384 2257 706 2298 Praedicatorum
751 2258 790 2296 in
835 2261 1040 2296 conventu

82 2314 311 2368 Salutiensi,
339 2319 520 2359 interfuit
547 2321 721 2361 Concilio
749 2320 969 2368 Basiliensi,
999 2322 1040 2358 et

85 2378 270 2420 Volumen
313 2381 549 2422 Sermonum
591 2384 764 2435 reliquit.
793 2385 876 2423 ι130.
904 2382 1043 2430 Quetif

81 2441 131 2483 de
151 2444 412 2496 scriptoribus
430 2445 513 2485 ord.
543 2446 862 2487 Praedicatorum
892 2450 988 2485 tom.
1008 2446 1038 2484 Ι.

80 2517 120 2557 p.
146 2505 237 2548 795.
265 2508 439 2550 Rossotti
469 2509 656 2561 Syllabas
692 2508 938 2561 Scriptorum
972 2509 1039 2547 Pe-

80 2568 271 2620 demontii
299 2583 336 2623 p.
368 2571 461 2612 542.

133 2632 338 2674 THOMAS
376 2632 630 2688 Schifaldus‚
662 2635 820 2676 Siculus
863 2634 1039 2685 Lilybaei

82 2698 214 2745 natus,
241 2696 336 2737 Ord.
365 2698 696 2749 Praedicatorum‚
727 2699 887 2748 Orator,
911 2697 1040 2737 Theo-

78 2757 221 2810 logus,
250 2761 397 2810 Poeta,
425 2763 493 2814 qui
538 2763 676 2802 literas
712 2761 967 2802 humaniores
998 2761 1037 2799 in

79 2820 250 2862 Siciliam
277 2824 411 2864 intulit
435 2829 476 2864 et
495 2827 619 2875 auxit,
643 2825 849 2877 Alphonso
879 2835 1037 2876 quoque

76 2883 171 2936 Regi
200 2885 358 2936 charus,
382 2889 485 2928 circa
516 2900 548 2927 3.
581 2889 700 2929 4495.
722 2887 887 2939 Scripsit
910 2886 1036 2927 Vitam

77 2946 121 2986 B.
140 2948 254 2989 Petri
268 2949 492 2990 Hieremiae
513 2951 788 2991 Panormitani
803 2949 896 2991 Ord.
915 2951 1037 2989 Prae-

78 3008 154 3050 dic.
194 3024 315 3064 quam
358 3013 480 3053 edidit
517 3014 708 3054 Octavius
751 3013 964 3064 Cajetanus
996 3014 1032 3050 in

78 3075 173 3114 vitis
202 3075 439 3117 Sanctorum
463 3077 684 3117 Siculorum
707 3082 802 3115 tom.
829 3077 875 3115 ll.
898 3089 932 3126 p.
955 3076 1032 3115 254

77 3142 118 3177 et
132 3137 461 3190 Antwerpienses
487 3141 523 3178 in
547 3141 657 3180 Actis
676 3142 912 3179 Sanctorum
938 3143 1030 3177 tom.

78 3200 107 3240 I.
127 3202 249 3241 Martii
271 3214 307 3253 p.
332 3203 408 3242 294
440 3203 506 3242 sed
541 3205 624 3241 sine
655 3203 828 3242 auctoris
858 3203 1028 3248 nomine,

78 3275 197 3315 quem
228 3266 517 3317 suppleverunt
545 3267 602 3305 Jo.
627 3268 737 3315 Bapt.
767 3264 813 3303 de
846 3264 1032 3303 Franchis

78 3327 117 3366 in
149 3327 276 3368 indice
304 3333 538 3378 auctorum,
569 3329 715 3380 quibus
761 3338 858 3367 usus
887 3331 949 3366 est
992 3328 1030 3365 in

79 3390 161 3430 vita
189 3391 233 3431 Β.
273 3393 376 3432 Petri
405 3391 638 3442 scribenda,
667 3395 708 3431 et
743 3390 845 3431 Hier.
875 3391 1030 3443 Ragusa

1122 290 1159 327 in
1192 290 1340 342 Elegiis
1369 290 1606 333 Siculorum.
1640 293 1695 333 De
1721 292 1824 334 viris
1852 290 2077 334 illustribus

1125 351 1217 391 Ord.
1237 354 1578 404 Praecltcatmum,
1598 357 1894 397 Cammentaria
1911 357 1951 396 in
1967 355 2081 396 Psal-

1123 427 1217 455 mos.
1239 417 1295 456 De
1323 418 1492 458 adventu
1518 419 1657 459 Caroli
1688 421 1790 460 VIII.
1812 420 1923 472 reqis
1952 421 2082 458 Fran·

1123 489 1258 518 corum
1290 479 1515 532 Neapolim,
1546 481 1681 522 Artem
1723 483 1938 531 Poeticam,
1969 483 2082 523 Com-

1125 545 1231 580 ment
1261 542 1300 582 in
1322 544 1544 594 Horatium,
1568 545 1799 586 Juvenalem
1823 550 1859 586 et
1882 545 2079 585 Persium.

1125 605 1222 645 Vide
1262 608 1345 648 Jao.
1392 609 1536 656 Quetif.
1578 609 1627 649 de
1672 609 1938 661 Scriptoribus
1984 607 2079 647 Ord-

1127 668 1447 712 Praedicatorum
1477 677 1572 711 tom.
1601 673 1630 711 Ι.
1660 684 1696 724 p.
1733 672 1824 712 882.
1851 671 1942 712 Ant.
1973 672 2082 710 Mon·

1126 732 1251 781 gitore
1280 733 1377 773 Bibl.
1401 734 1572 774 Siculam
1604 739 1699 774 tom.
1729 736 1774 774 11.
1805 747 1841 786 p.
1870 734 1961 784 262,
1989 733 2082 773 263.

1126 796 1230 835 Hier.
1259 797 1415 848 Ragusa
1444 798 1579 848 Elegia
1609 797 1830 838 Siculorum
1861 809 1897 849 p.
1926 796 2018 836 290.

1180 860 1380 900 THOMAS
1413 862 1616 912 Serapias,
1649 861 1893 900 nobilissima
1936 860 2082 899 familia

1124 926 1235 961 ortus
1255 934 1304 961 ex
1329 923 1471 974 oppido
1492 924 1675 975 Bradley,
1708 923 1927 963 monachus
1958 924 2083 961 Bene-

1123 984 1311 1035 dictinus‚
1336 994 1475 1037 postea
1500 988 1796 1027 Carmelitanus
1828 987 1865 1025 in
1896 985 2081 1025 coenobio

1121 1048 1380 1100 Norwicensi,
1401 1050 1600 1090 duriorem
1618 1052 1740 1090 vitam
1763 1049 1958 1101 agens.A.
1979 1047 2082 1088 4446

1124 1111 1252 1152 factus
1281 1118 1343 1152 est
1372 1115 1594 1166 Episcopus
1623 1114 1900 1154 Dromorensis
1941 1114 1978 1151 in
2010 1111 2082 1151 Hi-

1122 1174 1280 1225 bernia,
1309 1181 1350 1215 et
1378 1189 1400 1216 a
1431 1179 1533 1229 Papa
1573 1178 1621 1218 ad
1651 1177 1898 1217 Rhodienses
1934 1177 2082 1214 missus

1123 1237 1208 1277 fuit.
1239 1240 1440 1280 Reversus
1469 1252 1561 1281 cum
1602 1252 1737 1293 pacem
1768 1252 1859 1281 cum
1890 1239 2082 1278 Hibernis

1123 1301 1252 1341 colere
1294 1314 1372 1342 non
1415 1310 1577 1355 posset,
1608 1306 1806 1356 resignato
1850 1303 2082 1343 praesulatu

1121 1364 1305 1417 Episcopi
1355 1366 1628 1407 Norwicensis
1670 1369 1849 1407 Vicarius
1887 1367 2084 1419 generalis

1121 1426 1217 1466 obiit
1259 1439 1293 1467 3.
1329 1430 1444 1470 4494.
1487 1430 1653 1482 Scripsit
1681 1432 1738 1470 De
1769 1429 2083 1471 Carmelitarum

1122 1488 1371 1540 institutione,
1393 1492 1629 1545 Cataloyum
1645 1495 1883 1534 Sanctorum
1908 1492 2080 1546 ejusdem

1121 1552 1303 1601 ordinis,
1335 1555 1617 1609 Compendium
1657 1556 1921 1597 historiarum
1957 1557 2081 1609 etjzc-

1121 1616 1252 1664 rium,
1282 1619 1491 1658 Sermones
1520 1619 1565 1658 de
1594 1618 1725 1660 decem
1749 1619 1999 1673 praeceptis,
2029 1618 2076 1659 de

1115 1679 1343 1733 privileqiis
1373 1682 1618 1735 Pontificum,
1643 1682 1689 1723 cle
1716 1695 1793 1723 sua
1822 1682 2013 1734 leyatione
2034 1681 2087 1721 ad

1120 1742 1300 1783 Rhodios.
1331 1745 1467 1784 Libros
1511 1752 1669 1797 quoque
1711 1746 1849 1785 decem
1883 1745 1982 1785 Phil.
2013 1745 2082 1785 Ri-

1123 1803 1203 1845 hott
1230 1806 1416 1847 Catalani
1459 1807 1505 1847 de
1534 1807 1810 1861 peculiaribus
1842 1807 2078 1849 Carmelita-

1121 1881 1212 1909 rum
1252 1870 1373 1921 yestis
1403 1872 1440 1910 in
1472 1871 1683 1923 Anglicum
1713 1883 1940 1911 sermonem
1985 1883 2078 1911 con-

1120 1934 1252 1972 vertit.
1285 1934 1483 1973 Lelandus
1511 1946 1545 1973 c.
1576 1934 1665 1974 584.
1710 1935 1877 1974 Balaeus
1913 1935 2076 1975 Centur.

1119 1996 1221 2036 VIII.
1263 1997 1326 2036 54.
1374 1999 1532 2037 Pitseus
1578 2010 1613 2038 c.
1657 1999 1746 2037 896.
1791 1998 1987 2038 Waraeus
2029 1997 2079 2036 de

1119 2060 1381 2111 scriptoribus
1402 2060 1616 2101 Hiberniae
1647 2074 1683 2113 p.
1715 2061 1805 2102 433.
1834 2062 1939 2111 Petri
1967 2062 2073 2101 Lucii

1118 2121 1362 2162 Bibliotheca
1393 2124 1664 2164 Carmelitana
1695 2137 1731 2176 p·
1761 2125 1826 2163 79.

1171 2186 1373 2227 THOMAS
1394 2186 1441 2227 cle
1464 2189 1590 2237 Senis,
1612 2187 1692 2228 vid.
1718 2187 1883 2228 Thomas
1901 2188 2079 2228 Antonii.

1168 2248 1190 2272 *
1233 2248 1415 2290 Alterum
1459 2251 1508 2290 ab
1547 2251 1621 2290 hoc
1666 2251 1815 2291 Thoma
1853 2256 1949 2303 puto
1990 2263 2081 2291 esse

1116 2313 1308 2353 Thomam
1350 2313 1511 2353 Antonii
1545 2315 1766 2354 Senensem
1802 2320 1941 2355 natum
1977 2326 2081 2354 anno

1114 2377 1272 2416 circiter
1297 2377 1412 2417 4350.
1431 2379 1546 2418 cuius
1576 2382 1639 2417 est
1664 2376 1894 2417 contestatio
1913 2376 1966 2416 da
1988 2387 2081 2417 san-

1115 2439 1246 2480 ctitate
1280 2442 1325 2480 Β.
1351 2441 1596 2482 Cathariaae
1633 2441 1795 2492 vulgata
1821 2452 1870 2479 ex
1908 2445 2021 2492 parte
2056 2451 2077 2479 a

1114 2504 1156 2542 P.
1178 2504 1337 2543 Martire
1362 2504 1400 2543 in
1423 2505 1658 2545 collectione
1683 2506 1856 2543 Menum.
1878 2507 1985 2542 tomo
2011 2503 2076 2542 VI.

1115 2566 1316 2618 Integram
1339 2579 1432 2607 vero
1466 2572 1602 2608 servat
1636 2566 1711 2606 MS.
1736 2566 1978 2606 Bibliotheca
2003 2566 2073 2605 SS.

1115 2631 1172 2669 Jo.
1193 2634 1234 2669 et
1257 2630 1367 2670 Pauli
1393 2632 1542 2671 Veneta
1566 2631 1927 2670 Dominicanorum.
1952 2628 2075 2667 Labo-

1115 2694 1219 2733 ravit
1240 2694 1359 2733 etiam
1380 2707 1459 2734 una
1484 2706 1576 2735 cum
1611 2695 1654 2733 P.
1673 2692 1975 2732 Bartholomaeo
1998 2692 2074 2730 Do-

1114 2757 1246 2796 minici
1269 2758 1306 2796 in
1328 2758 1573 2797 conficiendo
1592 2755 1692 2796 libro
1709 2767 1780 2796 seu
1808 2757 1986 2795 tractatu
2024 2753 2071 2793 de

1113 2818 1264 2870 ortonae
1301 2831 1373 2860 seu
1411 2824 1502 2860 ortu
1545 2823 1665 2873 atque
1707 2829 1900 2872 processu
1936 2820 2068 2858 status

1110 2880 1317 2934 fratruum
1341 2887 1378 2922 et
1395 2894 1580 2923 sororum
1604 2883 1650 2923 cle
1668 2882 1909 2936 poenitentia
1928 2882 1968 2921 S.
1994 2881 2069 2919 Do-

1113 2945 1249 2984 minicz'
1282 2945 1322 2985 in
1354 2946 1513 2986 civitate
1551 2946 1809 2986 Vcnetiaram:
1836 2943 1940 2996 quod
1966 2955 2066 2995 opus

1109 3009 1185 3048 MS.
1224 3015 1407 3050 servatur
1430 3012 1467 3048 in
1497 3010 1634 3049 eadem
1674 3007 1854 3048 Biblioth.
1889 3011 1992 3045 teste
2027 3008 2067 3045 P.

1110 3072 1165 3110 De
1192 3074 1334 3112 Rubris
1359 3074 1396 3110 in
1432 3076 1646 3111 comment.
1679 3071 1726 3109 de
1753 3070 1872 3108 rebus
1897 3080 2060 3119 congre-

1109 3137 1277 3185 gationis
1302 3138 1342 3174 B.
1379 3135 1510 3174 Jacobi
1550 3134 1760 3174 Salomonii
1795 3133 1892 3183 Cap.
1913 3132 1960 3170 11.
1985 3132 2006 3183 ξ
2028 3132 2065 3172 3.

1109 3199 1215 3238 ldem
1255 3210 1349 3237 vero
1384 3199 1444 3237 vir
1477 3198 1730 3237 doctissimus
1763 3194 1905 3234 ibidem
1931 3194 2065 3235 admo-

1109 3266 1176 3300 net
1222 3273 1320 3312 opus
1367 3260 1413 3300 de
1470 3259 1772 3314 reformatione,
1807 3259 1911 3310 quod
1966 3260 2065 3310 Ray-

1107 3325 1255 3365 mundo
1281 3326 1334 3364 De
1361 3325 1494 3364 Vineis
1516 3326 1700 3376 Magistro
1723 3323 1821 3363 Gen.
1841 3321 1923 3362 ord.
1950 3323 2062 3362 Prae-

1107 3387 1325 3429 dicatorum
1362 3387 1537 3428 nondum
1579 3387 1731 3428 editum
1764 3385 2002 3426 adscribitur
2040 3397 2062 3426 a

1690 3467 1760 3509 22⁴
