2517 4009
854 257 1329 297 PAsCflASlth
2016 260 2090 297 189

99 336 375 384 paupertatem
407 341 523 380 egere
559 328 835 378 documentis,
867 333 984 380 negat
1013 340 1055 366 se

98 391 472 434 FORTUNATIANI
503 396 544 430 et
586 391 841 431 VICTORIM
882 393 918 429 in
960 392 1056 430 Mat—

101 457 262 495 thaeum
293 454 485 505 opuscula
515 455 686 504 reperire
722 456 912 505 potuisse.
953 454 1056 492 Con-

97 519 156 557 fer
182 517 290 556 Rich.
325 517 500 555 Simonis
527 517 622 554 Hist.
650 517 835 555 Criticam
862 517 959 555 Novi
983 517 1055 553 Te-

98 579 287 619 stamenti
334 579 398 617 lib.
444 578 478 615 3.
510 589 593 628 cap.
625 578 690 616 ⁶27.
732 589 820 629 pag.
851 578 939 616 383.
971 588 1053 628 seq.

97 643 310 693 Dupinium
342 646 371 679 t.
394 640 476 678 Vll.
504 641 598 679 Bibl.
625 642 778 680 Eccles.
799 652 835 691 p.
858 640 920 679 79.
943 652 1029 690 seq.

149 703 362 756 Expositio
384 702 423 741 in
449 702 651 741 Psalmum
679 704 811 742 XLtv.
845 704 1054 742 Eructavit

98 777 165 805 cor
195 758 336 804 meum'
357 765 528 804 Verbum
559 765 734 814 bonum,
773 763 867 803 libra·
902 765 974 803 III.
1005 764 1053 803 ad

96 839 231 867 sacras
280 829 461 879 Virgines
506 829 721 866 Svessionc
755 830 790 866 in
838 828 875 866 S.
913 830 1054 866 Mariae

48 920 49 923 η
100 891 336 929 Monasterio
363 889 568 940 degentes.

155 952 200 990 In
237 951 532 990 lamentationes
572 950 770 991 ,Ieremiae
811 952 1052 1004 Prophetae,

98 1026 199 1066 quas
229 1016 251 1053 a
281 1015 441 1052 nemine
476 1015 706 1054 Latinorum
745 1016 977 1066 explanatas
1001 1017 1056 1054 ait

99 1089 142 1117 se
168 1078 331 1128 legisse,
353 1074 454 1115 libro
480 1078 515 1115 V.
559 1076 802 1116 Paschasius
841 1076 1055 1117 Ratbertus

97 1139 379 1179 Monachorum
400 1139 571 1177 omnium
590 1139 828 1191 peripsema,
849 1140 936 1178 seni
948 1140 1055 1179 Odii-

102 1213 247 1241 manno
271 1201 491 1253 plurimam
508 1205 542 1240 et
565 1202 846 1252 sempiternam
870 1201 1049 1241 salutem.

100 1264 329 1304 prodierant
346 1264 465 1302 Basil.
492 1265 594 1302 4502
620 1265 655 1301 8.
677 1268 718 1302 et
739 1264 876 1302 Colon.
899 1265 1000 1303 4532
1016 1265 1054 1303 8.

98 1325 168 1365 sed
192 1330 375 1364 auctores
395 1324 555 1363 edidere
580 1325 818 1364 sirmondus
837 1331 876 1363 et
898 1327 935 1364 in
956 1327 1054 1365 Bibl.

98 1390 258 1427 Patrum
281 1387 506 1426 Coloniensi
528 1386 709 1425 Andreas
730 1387 934 1427 Schottus.

150 1450 205 1487 De
235 1448 410 1500 Corpore
446 1451 485 1487 et
517 1449 719 1500 Saizyuine
755 1448 922 1488 CHristi
957 1447 1056 1487 liber

97 1518 279 1563 tempore
308 1512 414 1550 exilii
446 1512 585 1551 Walae
616 1511 783 1550 Abbatis
806 1510 1057 1561 Corbejensis

98 1577 120 1614 a
148 1574 340 1614 monacho
369 1574 500 1613 adhuc
530 1575 631 1613 circa
656 1575 731 1613 An.
762 1575 849 1613 831.
883 1577 1059 1625 scriptus

95 1640 144 1677 ad
177 1635 381 1676 Placidum
412 1648 548 1676 suum.
589 1637 812 1687 (Warinum
847 1636 1057 1687 Abbatem)

95 1711 214 1750 quem
243 1701 423 1738 votorum
446 1699 574 1751 filium
602 1699 786 1755 appellat.
818 1698 963 1737 Prodiit.
984 1700 1060 1750 pri-

99 1773 208 1801 mum
233 1761 446 1812 Haganoae
472 1763 588 1802 4528.
616 1762 652 1799 4.
677 1766 844 1800 curante
863 1761 959 1800 Jobo
983 1762 1061 1801 Ga-

109 1826 210 1873 stio‚
240 1826 308 1875 qui
337 1826 374 1862 in
405 1825 647 1875 praefatione
678 1824 726 1863 ad
765 1825 810 1863 D.
853 1826 910 1862 Jo.
939 1826 1062 1863 Bren-

100 1890 226 1933 tium,
257 1898 377 1938 quem
403 1893 701 1938 praeceptorem
734 1898 852 1926 suum
874 1888 1058 1938 appellat,

103 1954 274 1989 testatur
299 1950 404 1988 hunc
433 1950 471 1988 in
502 1949 647 1988 librum
673 1961 717 1988 se
744 1949 930 1988 incidisse
954 1949 1059 2000 apud

97 2014 156 2051 Jo.
181 2013 383 2051 Secerium
409 2012 716 2063 typographum.
737 2013 947 2062 Perper-<im
965 2022 1059 2049 vero

96 2074 204 2125 legas
233 2075 370 2112 statim
403 2075 441 2111 in
471 2074 633 2112 limine:
659 2074 875 2113 Pascasius
888 2071 1060 2112 Ruberto

95 2135 264 2175 Placido.
300 2147 399 2185 suo,
440 2148 510 2187 pro
551 2135 809 2176 Paschasius
845 2134 1061 2175 Ratbertus

96 2197 256 2238 Placido
283 2210 367 2238 suo,
398 2199 554 2238 Titulus
583 2200 839 2247 ambitiosuS,
871 2201 900 2238 a·
921 2199 1058 2238 Gastio

96 2261 325 2313 praefigitur
358 2261 439 2301 hic:
470 2261 541 2301 Eoe
569 2261 854 2301 vetustissimis
883 2261 1063 2300 orthodo-

95 2335 245 2364 aeorum
276 2326 450 2363 Patrum.
480 2324 667 2375 Cypriani
691 2355 701 2375 ‚
727 2325 952 2374 Ambrosii,
983 2325 1064 2363 Au-

95 2388 272 2437 gustini,
301 2387 567 2435 Hieronymi,
597 2387 728 2424 Isichii
775 2392 816 2424 et
858 2387 1061 2425 Paschasii

97 2447 145 2486 de
169 2448 338 2499 9enuino
369 2447 652 2487 Eucharistiae
682 2448 830 2498 izeyotii
869 2447 1066 2486 intellectu

105 2514 143 2548 et
168 2521 247 2549 usu
276 2508 459 2557 libellus,
488 2521 544 2548 eac
574 2509 725 2548 Divinis
763 2510 983 2562 Scripturis
1013 2509 1064 2548 ab

109 2571 246 2611 iisdem
275 2571 521 2611 dexterrime
542 2571 745 2622 conflatus.
774 2575 912 2609 contra
936 2584 1066 2611 omnes

101 2645 270 2674 vesanos
299 2634 632 2674 Sacramentario
664 2634 810 2686 spiritu
853 2634 1063 2685 vertz'qino-

102 2708 193 2746 sos,
218 2697 289 2748 qui
318 2707 407 2736 cum
431 2697 510 2748 ipsi
529 2698 696 2735 Patrum
712 2695 960 2748 opinionibus
972 2708 1064 2748 per-

103 2758 341 2798 tinacissime
357 2758 601 2807 innitantur.
618 2758 739 2810 plane
756 2758 972 2797 Achilleum
1011 2763 1063 2797 tc·-

99 2821 209 2867 lum,
239 2816 365 2873 auper
401 2833 455 2860 eac
497 2825 648 2860 vetusto
687 2820 919 2872 ememplari
955 2820 1064 2860 bonis

107 2882 251 2923 avibus
281 2883 321 2922 in
346 2882 623 2936 fanaticorum.
634 2885 805 2923 omnium
822 2884 1065 2923 interniciem

103 2945 366 2999 depromptus.
385 2946 530 2985 Prodiit
544 2946 686 2986 deiude
702 2959 794 2986 cum
814 2947 1064 2987 LANFRAN-

105 3008 152 3048 CI
182 3007 336 3058 dialogo
364 3006 478 3046 Anno
518 3009 630 3047 4540.
670 3021 738 3059 pvr
774 3010 878 3049 Gvil.
917 3011 1061 3049 Ratun]

107 3070 222 3110 4547.
253 3075 292 3108 et
323 3069 397 3109 sub
426 3069 611 3109 RABANI
638 3071 782 3110 Mauri
806 3073 1063 3120 noniinc‚cui

105 3136 142 3172 in
173 3132 452 3183 Manuscriptis
474 3131 681 3172 codicibus
710 3135 951 3184 quibusdam
997 3137 1064 3173 tri-

108 3195 253 3244 buitur)
283 3194 330 3234 ad
362 3194 518 3233 Calcem
548 3196 799 3235 BERTRAMI
821 3197 880 3249 (de.
897 3209 975 3247 quo
999 3209 1065 3236 su-

108 3269 176 3309 pra
199 3263 292 3297 tom.
320 3260 334 3297 4
366 3269 451 3308 pag.
478 3257 581 3304 224.)
606 3258 742 3296 Colon.
761 3260 928 3298 4551i.8.
945 3259 1065 3298 eden-

110 3324 148 3358 te
173 3318 254 3358 Nic.
280 3322 516 3360 Mamerano.
544 3319 620 3358 Sed
644 3321 869 3366 Paschasio‚
889 3334 982 3360 vero
998 3333 1066 3361 au-

109 3383 204 3420 ctori
218 3383 428 3422 restitutus
443 3382 585 3420 edente
598 3382 654 3421 Jo.
668 3384 905 3431 Vlimmerio.
919 3386 1062 3422 Lovan.

1132 329 1247 368 4564.
1273 330 1309 367 8.
1336 329 1478 380 prodiit
1500 340 1575 368 una
1594 340 1684 368 cum
1705 328 1906 369 ALGERO
1923 330 2091 380 aliisque

1130 392 1178 430 de
1207 391 1344 429 eodem
1377 397 1625 442 argumento.
1654 391 1751 430 Inde
1775 393 1811 430 in
1837 392 2092 431 Bibliothecis

1131 456 1288 493 Patrum
1307 454 1503 499 omnibus.
1524 454 1587 492 ubi
1608 466 1683 492 non
1703 454 1966 494 omittendum
1983 454 2088 506 quod

1130 518 1167 554 in
1201 516 1396 555 indicibus
1429 515 1475 552 ad
1504 516 1767 554 Parisienscm
1794 516 1870 555 An.
1895 518 2007 555 4589.
2033 518 2092 556 Bi-

1130 590 1282 627 gnaeus
1311 590 1358 616 ex
1390 577 1537 616 Codice
1568 578 1782 616 Frontonis
1811 580 1956 618 Ducaei
1981 580 2093 618 exhi-

1128 640 1212 679 buit
1234 639 1310 678 duo
1335 637 1564 691 fragmenta
1584 641 1606 677 a
1627 639 1762 678 Gastio
1788 643 2012 691 praeterita.
2031 643 2093 681 ln-

1129 702 1177 740 de
1196 703 1438 740 recensitum
1457 713 1475 739 a
1495 712 1538 738 se
1560 701 1961 753 vulgavitsepaiutim
1978 705 2093 743 „loan—

1129 775 1199 802 nes
1228 765 1251 802 a
1282 763 1458 812 Fuchte,
1492 763 1669 802 Helmst:
1702 765 1817 802 1616.
1836 767 1872 802 8.
1897 778 1972 805 una
1994 779 2088 805 cum

1133 826 1331 865 Paschasii
1361 826 1441 875 J'am
1469 827 1577 864 senis
1596 825 1775 877 Epistola
1792 827 1846 865 acl
1861 828 2093 880 Frudeyar-

1129 888 1223 927 (lum
1253 890 1338 927 sive
1370 889 1690 940 Fredugardum7
1709 890 1992 941 Frithudagum
2016 895 2090 931 Mo-

1132 953 1302 991 nachum
1335 950 1381 990 de
1407 951 1584 1003 Corpore
1614 955 1652 989 et
1677 952 1870 1004 srmzquine
1907 955 2091 1002 Domini,

1130 1013 1342 1065 subjuncta
1372 1013 1619 1065 eoepositione
1651 1015 1687 1051 in
1722 1015 1840 1053 illud:
1887 1016 2095 1055 Coenanti-

1129 1075 1200 1116 bus
1228 1080 1360 1115 autem
1390 1076 1465 1125 iis,
1496 1088 1545 1114 ex
1575 1077 1772 1115 paschasii
1798 1076 2093 1117 Commentario

1131 1142 1168 1178 in
1200 1139 1387 1179 Matthaei
1418 1150 1503 1189 cap.
1536 1139 1677 1177 XXVI.
1709 1140 1773 1177 215.
1812 1146 1852 1179 et
1888 1142 2095 1180 Barwardi

1128 1202 1260 1240 Rhesii
1290 1202 1468 1252 Epistola
1498 1206 1636 1240 contra
1666 1201 1859 1241 editorem
1900 1206 2094 1243 Bertrami

1129 1265 1400 1302 Bremensem.
1414 1265 1505 1302 Post
1518 1264 1816 1303 Sirmondianas
1832 1266 2004 1317 denique
2016 1267 2097 1306 edi-

1130 1327 1258 1364 tiones
1289 1327 1326 1363 in
1347 1326 1634 1364 recentioribus
1654 1327 1907 1367 Bibliothecis
1925 1331 2085 1368 Patrum

1135 1386 1322 1436 repetitas
1353 1385 1593 1423 Edmundus
1613 1386 1788 1425 Martene
1815 1388 1920 1426 huuc
1947 1389 2091 1428 librum

1133 1447 1321 1486 secundis
1355 1448 1529 1485 auctoris
1546 1447 1720 1486 Ratberti
1739 1448 1820 1498 jam
1843 1450 2006 1489 Abbatis
2026 1463 2096 1491 cu-

1132 1510 1186 1547 ris
1209 1509 1426 1560 expolitum
1445 1509 1626 1547 exhibuit
1644 1514 1749 1548 tomo
1772 1512 1838 1549 IX.
1858 1523 2098 1551 monumen-

1133 1575 1264 1609 torum
1291 1575 1475 1609 veterum
1504 1582 1594 1622 pag.
1633 1571 1819 1611 373-470.
1865 1577 2095 1624 praemissis

1134 1633 1319 1671 versibus
1348 1637 1388 1670 et
1417 1634 1596 1684 Epistola
1627 1633 1674 1672 ad
1707 1635 1892 1675 Carolum
1924 1637 2094 1676 Calvum

1134 1697 1302 1746 Regem,
1331 1696 1598 1746 versibusque
1635 1696 1722 1734 aliis
1762 1700 1828 1748 qui
1876 1701 2094 1750 incipiunt:

1133 1758 1248 1809 Reqis
1277 1757 1392 1796 adire
1420 1769 1583 1806 sacrae,
1602 1763 1640 1797 et
1659 1770 1827 1809 quorum
1845 1762 2097 1802 acrostichis:

1133 1818 1358 1860 Radbertus
1389 1821 1537 1859 Levita.
1570 1822 1690 1859 Paris.
1726 1822 1838 1861 1733.
1879 1822 1943 1861 fol.
1981 1824 2092 1870 Quae

1133 1884 1182 1922 de
1211 1888 1341 1922 aetate
1374 1889 1414 1921 et
1444 1883 1492 1922 de
1523 1885 1722 1922 sententia
1753 1884 1872 1934 hujus
1889 1889 2093 1938 scriptoris

1133 1947 1247 1997 longe
1272 1947 1432 1996 lateque
1458 1945 1715 1996 disputantur
1744 1948 1766 1984 a
1791 1947 1988 1987 Cardinali
2005 1951 2098 1989 Per-

1133 2011 1242 2047 ronio
1274 2010 1310 2046 in
1343 2009 1454 2046 libris
1483 2008 1532 2047 de
1562 2009 1601 2047 S.
1632 2009 1908 2059 Eucharistia‚
1940 2013 1962 2050 a
1995 2012 2087 2051 Lud.

1134 2072 1298 2111 Cellotw
1330 2072 1367 2108 in
1399 2071 1563 2110 historia
1592 2071 1928 2119 Gotheschalchi‚
1965 2075 1987 2112 a
2026 2075 2098 2114 Ca-

1134 2134 1215 2172 rolo
1244 2132 1397 2172 Cointio
1427 2139 1522 2171 tom.
1554 2134 1654 2172 Vlll.
1683 2135 1886 2173 annalium
1926 2137 2097 2175 Francor

1133 2196 1179 2235 ad
1212 2196 1285 2235 An.
1317 2197 1406 2235 848.
1439 2196 1528 2235 826.
1559 2201 1600 2234 et
1628 2195 1675 2235 ad
1702 2197 1776 2234 An.
1795 2198 1886 2238 834.
1905 2210 1989 2251 pag.
2013 2200 2098 2238 192.

1134 2271 1216 2310 seq.
1248 2258 1469 2297 Mabillonio
1498 2260 1619 2309 praef.
1651 2258 1699 2297 ad
1733 2260 1817 2298 Sec.
1850 2262 1911 2299 IV.
1935 2261 2100 2300 Benedi—

1134 2324 1228 2359 ctin.
1261 2326 1412 2372 partem
1445 2322 1480 2359 2.
1513 2323 1534 2360 a
1566 2322 1771 2361 Blondello
1802 2325 1838 2360 in
1871 2323 1968 2362 libro
1985 2324 2033 2361 dc
2057 2325 2096 2363 S.

1138 2383 1387 2422 Eucharistia
1418 2383 1524 2421 edito
1553 2384 1701 2423 Gallice
1733 2397 1767 2435 p.
1799 2384 1891 2424 429.
1922 2397 2005 2435 seq.
2040 2390 2100 2423 at-

1137 2458 1215 2497 que
1244 2445 1458 2485 Edmundo
1483 2446 1701 2485 Aubertiuo
1732 2458 1768 2496 p.
1807 2447 1898 2484 920.
1917 2447 2099 2496 seqalii-

1140 2520 1268 2558 sque,
1293 2518 1338 2545 ea
1369 2507 1571 2546 discutere
1600 2507 1647 2545 ab
1680 2507 1752 2545 hoc
1782 2508 1867 2545 loco
1897 2512 1936 2545 et
1965 2508 2014 2546 ab
2044 2510 2101 2545 in-

1139 2573 1278 2608 stituto
1309 2580 1397 2606 meo
1426 2569 1600 2606 alienum
1633 2569 1763 2606 fuerit.

1197 2633 1280 2670 Vita
1310 2632 1348 2669 S.
1375 2629 1617 2676 Adethardi,
1649 2630 1814 2668 Abbatis
1843 2630 2095 2681 Corbejensis

1138 2693 1252 2732 obvia
1282 2694 1401 2731 etiam
1432 2691 1534 2742 apud
1567 2692 1757 2740 Surium,
1788 2693 1822 2730 Ξ.
1852 2693 2011 2732 Januar.
2052 2700 2092 2732 et

1138 2758 1174 2794 in
1206 2757 1317 2794 Actis
1347 2755 1526 2793 sanctor.
1557 2759 1649 2792 tom.
1685 2755 1697 2792 i
1734 2756 1819 2793 lan.
1852 2768 1936 2807 pag.
1969 2757 2032 2794 96.
2057 2763 2098 2795 et

1138 2821 1175 2856 in
1205 2818 1417 2857 Mabillonii
1450 2818 1536 2855 See.
1567 2817 1629 2854 IV.
1663 2816 1804 2855 Rened.
1836 2823 1946 2868 parte
1978 2821 2011 2856 l.

1193 2879 1332 2919 Passio
1370 2879 1606 2918 Sanctorum
1652 2879 1785 2930 Rufini
1822 2884 1858 2918 et
1898 2879 2098 2919 Valeriani

1137 2945 1223 2982 sive
1253 2941 1402 2981 Valerii
1418 2943 1634 2990 Martyrum
1654 2945 2002 2982 Svossiononsium
2022 2946 2096 2983 sub

1136 3006 1400 3052 Diocletiano,
1433 3016 1552 3054 quam
1584 3006 1771 3043 comtiore
1802 3006 1906 3055 stylo
1931 3006 2097 3045 Pascha—

1141 3072 1226 3108 sius
1257 3069 1467 3119 perpolivit
1497 3073 1536 3105 et
1568 3067 1692 3117 longis
1721 3069 2095 3118 amplificationibus

1141 3132 1333 3177 deduxit⁷
1367 3130 1470 3169 unde
1500 3131 1644 3168 omissa
1678 3129 1740 3168 illa
1760 3131 2019 3170 l‘aschasianu
2039 3133 2097 3170 lu-

1137 3195 1393 3240 cubratione,
1438 3192 1730 3241 antiquioribus
1772 3192 1883 3231 Actis
1927 3199 1966 3232 et
2010 3195 2096 3233 bre-

1139 3257 1314 3295 vioribus
1344 3256 1453 3294 locus
1483 3255 1600 3293 datus
1629 3260 1691 3293 est
1717 3257 1752 3292 in
1786 3256 1896 3294 Actis
1914 3258 2092 3296 Sanctor.

1139 3326 1235 3358 tom.
1266 3319 1287 3356 2
1317 3319 1422 3356 Junii
1454 3316 1515 3356 tls.
1546 3329 1581 3367 p.
1613 3317 1702 3355 796.
1730 3329 1814 3369 seq.

1193 3385 1279 3420 Post
1311 3380 1632 3418 Sirmondianum
1665 3380 1877 3420 editionem
1917 3384 2090 3433 Operum
