2517 4009
911 244 939 282 Ρ
963 243 992 284 Ε
1015 245 1045 282 '1‘
1069 245 1100 282 R
1125 243 1153 283 U
1175 247 1202 283 S

62 314 225 355 sedulus
256 313 490 362 aemulator,
515 318 551 352 et
574 313 840 354 Praedicator
857 327 931 367 per
949 327 1028 354 om-

2 375 3 381 ’
59 389 147 416 uem
168 376 329 416 Italiam
347 386 494 426 magma
511 375 552 414 iu
566 377 818 415 veneratione
845 376 1022 416 habitus:

59 440 127 479 cai
150 437 394 480 Cardinales
409 469 419 486 ,
447 438 655 490 Episcopi,
682 439 911 491 Principes,
933 451 1028 491 pro-

52 505 145 553 pter
178 500 287 539 illius
310 498 574 545 sanctitatem,
591 510 725 539 omues
746 499 1026 552 assuryebaut,

57 562 207 614 spiritu
227 572 383 614 quoque
409 560 642 613 prophetiae
687 563 844 611 clarus,
876 561 1026 602 libellos

59 623 253 676 quosdam
296 623 455 674 Spiritu
498 624 595 662 DEI
615 624 752 676 plenos
781 624 926 672 edidit,
958 624 1030 676 qui

56 687 248 737 quantum
280 683 347 723 ille
376 685 417 724 in
460 685 556 723 DEI
595 697 732 724 amore
765 684 1022 737 profecisset,

57 746 257 786 evidenter
282 746 477 796 indicant,
505 747 607 786 iuter
627 759 725 800 quos
744 750 1022 786 recensentur:

108 809 164 848 De
192 813 278 847 arte
322 815 429 848 recte
467 809 695 860 cogitandi,
735 813 776 847 et
805 808 1023 847 meditandi

59 872 105 910 D.
135 872 180 911 N.
210 872 320 912 JEsu
350 873 502 912 CHristi
534 874 774 922 passionem.
806 872 871 911 lib.
903 874 939 911 4.

106 934 165 972 De.
193 935 414 972 imitatione
444 935 624 981 Cilristi,
655 939 863 976 tractatus,

106 996 163 1034 De
193 995 309 1035 modo
338 996 440 1035 bene
472 996 676 1035 moriendi.
710 997 774 1035 lib.
807 999 842 1036 4.

107 1057 357 1097 Documenta
372 1056 534 1109 triginta
552 1060 658 1098 vitae
670 1059 1021 1110 spiritualis.lib.l.

0 1109 1 1138 3
55 1120 112 1158 De
142 1119 410 1159 humilitatel.
433 1123 468 1160 4.
496 1120 553 1158 De
585 1121 781 1160 munditia
799 1121 1023 1159 cordisl.l.

109 1182 163 1220 Et
191 1182 265 1221 alia
297 1182 499 1221 nonnulla.
528 1182 634 1221 Obiit
671 1184 871 1222 Bononiae
908 1182 1023 1221 Anno

60 1244 176 1283 4522.
208 1245 438 1282 monasterii
469 1245 580 1283 Prior
609 1245 875 1283 sanctissime.
919 1245 1023 1282 llaec

57 1305 106 1344 de
130 1316 177 1344 eo
205 1304 362 1344 Gabriel
408 1306 629 1345 Pennottus
660 1307 697 1343 in
730 1306 892 1345 historia
922 1306 1024 1344 sacri

58 1366 219 1406 Ordinis
248 1367 492 1406 Clericorum
525 1368 829 1406 Canonicorum.
860 1379 895 1417 p.
934 1366 1024 1406 847.

111 1428 134 1452 ³¹²
165 1429 309 1468 Petrus
334 1428 522 1467 Lucensis
545 1429 608 1467 vir
631 1428 732 1467 mihi
759 1430 859 1467 satis
891 1433 1026 1476 notus,

57 1491 107 1530 de
135 1502 215 1541 quo
246 1501 319 1529 nec
348 1491 447 1530 satis
476 1495 666 1530 accurate
697 1492 932 1539 pennottus,
952 1502 1026 1529 nec

60 1553 161 1592 satis
188 1564 238 1591 ex
263 1563 310 1591 eo
328 1551 542 1603 diligenter
562 1553 777 1591 Fabricius.
800 1553 899 1592 Nam
926 1554 1026 1590 Pen-

59 1618 197 1653 nottus
225 1615 418 1666 opuscula
447 1613 645 1665 quaedam
675 1615 764 1653 eius
792 1616 956 1662 omisit,
982 1619 1027 1653 ut

64 1676 112 1715 de
144 1675 314 1715 Veritate
342 1676 610 1727 opusculum,
641 1675 746 1727 quod
779 1675 913 1714 recudi
960 1687 1030 1715 cu-

60 1740 165 1778 ravit
207 1739 410 1789 religionis
452 1749 564 1777 meae
607 1737 732 1777 decus
775 1739 949 1777 eximius
989 1739 1026 1776 P.

59 1800 206 1846 Caesar
234 1801 464 1840 Franciotti.
484 1800 688 1851 Opuscula
712 1811 806 1838 vero
828 1800 893 1838 illa
918 1811 1022 1850 quae

59 1863 281 1902 Pennottus
309 1867 349 1902 et
379 1862 583 1901 Fabricius
604 1866 846 1900 enumerant
871 1862 1025 1912 prodie-

61 1929 158 1964 runt.
179 1925 378 1964 Bononiae
403 1925 452 1963 ab
475 1923 524 1963 A.
549 1925 667 1964 4545.
690 1935 822 1974 usque
839 1924 886 1962 ad
905 1926 1021 1963 4520.

59 1986 270 2026 Caeterum
320 1987 476 2025 alienus
519 1991 582 2025 est
611 1991 751 2025 auctor
781 1986 830 2025 ab
860 1985 934 2025 hoc
963 1988 1026 2024 Bi—

59 2048 255 2087 bliotheca
312 2049 544 2087 Latinorum
602 2040 877 2098 scriptorum3
926 2048 1024 2086 nihil

60 2111 166 2149 enim
196 2111 356 2161 scripsit
384 2110 458 2148 nisi
490 2110 707 2149 vernacula
736 2110 885 2162 lingua.
915 2110 937 2131 *

116 2173 311 2212 PETRUS
338 2172 475 2211 Ordin.
512 2171 651 2211 Praed.
687 2173 910 2223 Episcopus
953 2173 1028 2211 Lu-

64 2233 216 2283 censis,
247 2245 368 2285 quem
400 2235 436 2272 in
469 2234 643 2273 Concilio
685 2234 943 2284 Lugdunensi
980 2234 1025 2272 A.

65 2295 181 2336 ⁴274.
211 2297 357 2336 obiisse
388 2297 542 2334 notavit
562 2296 818 2335 Prolemaeus
836 2297 1027 2335 Lucensis

65 2358 103 2396 in
131 2359 343 2406 ChroniCO,
367 2363 396 2397 t.
421 2358 484 2397 25.
511 2357 607 2396 Bibl.
633 2358 702 2396 ΡΡ.
730 2357 853 2408 Lugd.
879 2370 914 2408 p.
936 2359 1038 2396 965.-

117 2419 164 2443 a*
176 2421 261 2460 Non
278 2420 502 2470 Episcopus
527 2418 596 2456 sed
620 2418 802 2457 minister
826 2420 1028 2458 Ecclesiae

64 2483 232 2521 Lucens.
255 2485 296 2520 et
309 2479 511 2532 Pontificis
527 2479 730 2530 cleleyatus
753 2481 899 2520 dicitur
917 2483 952 2518 in
972 2483 1029 2518 in-

63 2548 292 2583 strumento
315 2554 337 2582 a
363 2543 512 2581 Mansio
534 2541 652 2580 allato
674 2541 811 2580 Diario
836 2543 964 2581 Sacro
990 2556 1027 2594 p.

65 2607 155 2646 385.
173 2605 452 2656 (Luccbesini.)

118 2667 316 2708 PETRUS
344 2667 392 2706 de
422 2667 535 2706 Luna
565 2678 614 2704 ex
646 2665 842 2717 Aragonia
888 2665 1030 2716 Hispa-

65 2741 167 2780 nus,
198 2731 300 2770 inter
330 2730 550 2781 Antipapas
580 2727 900 2768 BENEDICTUS
924 2728 1028 2767 Xlll.

65 2793 114 2832 de
143 2804 221 2844 quo
250 2793 367 2832 dictis
396 2803 516 2842 supra
546 2795 642 2829 tom.
674 2793 710 2830 4.
740 2802 777 2841 p.
811 2791 897 2828 484.
929 2790 1030 2828 adde

66 2856 279 2894 Hermanni
303 2855 352 2894 ab
369 2853 498 2893 Hardt
514 2853 721 2891 historiam
747 2853 1032 2890 Constantinu-

29 2958 33 2962 ,
67 2918 123 2957 sis
152 2917 318 2957 Concilii
348 2921 446 2956 tom.
475 2915 513 2955 2.
543 2919 655 2966 parte
693 2916 832 2954 XVlll.
865 2919 905 2953 ct
935 2919 963 2953 t.
995 2915 1028 2953 4.

67 2984 178 3031 parte
209 2981 259 3018 X.
290 2990 377 3030 pag.
399 2979 514 3018 4464.
542 2977 657 3016 4474.
685 2977 802 3017 4243,
830 2977 1031 3016 Edmundi

66 3043 244 3081 Martene
273 3045 372 3079 tom.
404 3041 442 3079 9.
471 3044 765 3078 monumentor.
793 3051 879 3090 pag.
917 3039 1031 3078 4456.

69 3109 110 3143 et
137 3105 195 3142 Jo.
238 3103 429 3143 Gersouis
471 3112 590 3152 opera
621 3105 715 3139 tom.
747 3101 784 3139 2.
823 3112 909 3151 pag.
941 3101 1033 3140 843.

123 3263 159 3304 a)
182 3264 280 3304 Apud
302 3262 529 3296 ‘trithemium
555 3260 656 3292 libros
671 3261 726 3292 nl.

126 3313 163 3352 b)
178 3313 278 3346 mich.
296 3313 513 3345 caesenatem
529 3309 647 3341 ordin.
664 3310 783 3340 Minor.
800 3307 840 3339 de
855 3317 922 3347 quo
939 3317 1041 3348 snpra

68 3368 146 3397 tom.
164 3362 194 3395 1.
214 3373 289 3405 pag.
308 3363 382 3395 ⁶2⁰0.

1985 251 2060 290 :251

1102 315 1467 356 855.1dcm‹=nim
1514 318 1573 356 liic
1618 319 1667 355 de
1710 330 1789 370 quo
1837 320 2065 360 Bernardus

1104 379 1408 425 lutzenburgus
1440 382 1476 417 in
1516 379 1701 431 Catalogo
1744 381 2063 429 haereticorum,

1103 441 1249 478 Petrus
1273 440 1319 478 (le
1351 442 1462 479 Luna
1488 441 1688 493 probatur
1717 455 1801 482 esse
1823 443 2059 492 haereticus,

1101 501 1379 541 schismaticus
1396 533 1406 550 ,
1435 506 1688 552 temerarius,
1713 505 1985 550 scandalosus,
2001 517 2068 546 sa·
2139 517 2142 523 ·

1099 562 1271 612 crilequs
1296 563 1449 601 notorie
1475 567 1514 602 et
1536 563 1698 615 publice
1731 578 1890 606 errasse
1927 571 2068 607 contra

1102 623 1345 663 Catholicam
1371 630 1408 662 et
1434 625 1468 661 E
1472 626 1719 675 vanyelieam
1741 629 1975 679 veritatem,
1999 640 2067 669 su-

1095 697 1168 737 per
1192 689 1384 738 potestate
1412 691 1450 725 et
1477 689 1720 728 auctoritate
1762 689 1975 730 Ecclesiae.
2015 693 2066 730 Et

1097 749 1272 786 loannes
1302 748 1452 786 Gerson
1484 748 1578 801 fecit
1606 749 1704 789 <tuos
1734 750 1879 799 libros,
1912 764 1951 791 m
1979 753 2066 804 qui-

1099 808 1172 848 bus
1203 809 1369 848 articuli
1402 810 1613 861 {leucrates
1656 816 1693 850 et
1730 813 1922 864 speciales
1969 814 2066 854 dicti

1097 871 1214 910 Petri
1233 875 1471 922 ponuntur,
1502 876 1540 911 et
1567 875 1702 924 vipera
1735 880 2002 927 nuncupatur.

1151 935 1344 973 PETRUS
1360 934 1405 973 sle
1423 936 1696 986 Luna,oppido
1717 936 1943 985 Bohemiae,
1959 949 2064 978 unus

1096 997 1117 1035 e
1135 997 1385 1035 Lunensibus
1399 997 1445 1036 ad
1464 999 1753 1048 quosEpistola
1770 1001 1934 1038 loannis
1947 1002 2064 1040 llussi

1097 1063 1122 1096 t.
1162 1061 1189 1096 ¹.
1222 1059 1396 1109 Operum
1424 1071 1459 1109 p.
1491 1060 1580 1098 400.
1612 1060 1756 1098 Confer
1786 1062 1867 1099 Jac.
1891 1062 2063 1101 Thoma-

1097 1122 1201 1158 sium
1232 1121 1328 1159 diss.
1360 1121 1408 1158 de
1442 1123 1556 1159 Petro
1580 1121 1793 1160 Dresdensi
1818 1123 1857 1173 §-
1885 1123 1949 1161 30.
1980 1135 2064 1174 seq.

1151 1182 1344 1220 PETRUS
1364 1183 1391 1220 ὰ
1421 1182 1572 1221 Lutlira
1589 1184 1824 1222 lilonasterii'
1846 1185 2064 1226 Lutrensis.

1097 1242 1212 1293 vulyo
1264 1243 1606 1294 Keisserlantrem,
1645 1245 2063 1286 Praemonstratensis

1099 1304 1276 1351 ordinis,
1305 1304 1606 1345 Wormatiensis
1632 1306 1829 1345 Dioecesis
1850 1337 1859 1353 ‚
1893 1308 2062 1347 Canoni-

1100 1377 1170 1404 cus
1193 1371 1233 1404 et
1257 1366 1392 1404 doctor
1428 1367 1699 1417 praeclarus,
1732 1368 1797 1406 vir
1823 1369 1861 1406 iu
1905 1370 2062 1409 Divinis

1100 1427 1315 1479 scripturis
1345 1429 1498 1479 eyreqie
1528 1429 1737 1477 eruditus,
1769 1435 1807 1468 et
1841 1431 2066 1471 saecularis

1102 1489 1355 1528 litteraturae
1397 1501 1472 1527 ‘non
1514 1490 1709 1539 iqnarus,
1740 1490 2002 1543 Philosophus
2031 1498 2068 1532 et

1101 1550 1421 1590 Jurisconsultus
1450 1551 1735 1599 clarissimus,
1766 1552 1917 1603 inyem‘o
1946 1553 2068 1592 subti-

1103 1612 1151 1652 lis
1167 1645 1173 1660 ,
1192 1617 1229 1652 et
1253 1613 1406 1665 eloquio
1428 1613 1712 1661 Scholasticus‚
1737 1616 1895 1665 scripsit
1920 1617 1955 1653 in
1973 1628 2068 1666 qua-

1103 1680 1194 1714 tuor
1224 1676 1344 1714 libros
1373 1677 1673 1715 Sententiarum
1706 1675 1824 1714 Petri
1843 1676 2067 1716 Lambarcli.

1102 1740 1145 1778 ln
1178 1739 1442 1789 Evangelium
1473 1739 1638 1777 Joannis
1668 1737 1816 1777 librum
1845 1751 1982 1778 uuum.
2011 1742 2068 1778 De

1097 1802 1386 1852 praerogativis
1418 1801 1621 1839 Ecclesiae
1638 1802 1901 1850 Trevireusis,
1920 1799 2070 1840 librum

1102 1875 1225 1902 unum
1255 1867 1308 1901 aa
1333 1861 1574 1901 Balcluinum
1600 1862 1950 1915 Arclziepiscopum
1980 1865 2070 1902 Tre-

1101 1925 1312 1964 virensem.
1342 1926 1623 1976 Septenarium
1650 1937 1863 1964 numerum
1889 1926 2071 1964 candela-

1104 1988 1291 2036 brorum,
1323 1987 1373 2025 de
1418 1989 1568 2026 summi
1611 1986 1812 2025 Pontificis
1854 1988 2072 2026 eminentia

1104 2048 1227 2097 libros
1250 2054 1437 2102 quatuor.
1456 2050 1490 2098 a)
1508 2049 1717 2088 Adversus
1734 2050 2013 2088 MICHAELEM
2029 2050 2065 2095 b)

1104 2111 1304 2162 quendam
1336 2112 1504 2162 ejusque
1534 2112 1737 2159 asseclas,
1764 2115 1944 2150 sanctum
1965 2110 2068 2149 Pon-

1107 2173 1245 2224 tificem
1269 2173 1543 2224 impuynautes
1572 2175 1626 2211 De
1643 2174 1812 2212 formula
1838 2174 2068 2224 nuptiarum

1107 2234 1255 2272 librum
1285 2246 1420 2273 unum.
1452 2234 1516 2272 Ad
1539 2233 1797 2273 Cardinalem
1823 2233 2070 2278 Columnam,

1105 2297 1154 2335 de
1183 2297 1391 2336 Columnis
1424 2298 1606 2346 mysticis
1648 2294 1793 2334 librum
1836 2307 1971 2334 unum.
2015 2298 2069 2335 De

1107 2360 1365 2398 Sacramento
1395 2359 1534 2397 altaris
1564 2356 1713 2396 librum
1745 2368 1881 2394 unum.
1916 2358 2072 2407 Episto-

1106 2422 1234 2460 larum
1267 2420 1314 2459 ad
1345 2420 1556 2464 diversos,
1588 2417 1734 2457 librum
1757 2429 1889 2456 uuum.
1915 2419 2072 2456 Sermo-

1108 2494 1178 2520 nes
1206 2482 1342 2521 varios
1371 2482 1416 2520 (le
1447 2485 1643 2532 tempore,
1674 2484 1711 2518 et
1738 2480 1784 2518 cle
1814 2479 1969 2518 Sanctis
1993 2490 2070 2530 per

1106 2543 1205 2582 anui
1229 2542 1423 2582 circulum
1454 2542 1576 2581 libros
1600 2542 1708 2580 duos.
1736 2540 1908 2592 Reliquit
1929 2544 1966 2578 et
1987 2539 2071 2578 alia

1102 2604 1320 2657 praeclara
1350 2605 1497 2656 inqenii
1522 2605 1589 2643 sui
1622 2604 1877 2651 moiu'meuta3
1910 2604 1970 2641 lta
2002 2602 2071 2641 lia-

1110 2666 1173 2706 oet
1199 2668 1445 2706 Trithemius
1476 2667 1516 2705 in
1547 2665 1734 2716 Cataloqo
1765 2665 1948 2703 virorum
1981 2663 2070 2703 illu-

1108 2729 1252 2768 strium
1284 2728 1522 2768 Germaniae
1559 2739 1644 2778 cap.
1676 2727 1763 2766 405.
1795 2726 1953 2765 Citatur
1979 2736 2072 2777 pas-

1108 2791 1183 2829 sim
1212 2792 1238 2829 ὰ
1283 2789 1564 2838 Genea-ardo,
1597 2789 1780 2835 Canisio,
1811 2792 1847 2825 et
1872 2786 2071 2839 plerisque

1109 2852 1200 2892 aliis
1243 2853 1391 2891 Petrus
1438 2852 1603 2904 quidam
1645 2849 2072 2895 Pruemonstratensis,

1109 2927 1224 2967 quem
1252 2914 1376 2954 alium
1405 2914 1456 2953 ab
1487 2915 1559 2954 isto
1589 2926 1672 2954 esse
1702 2925 1779 2951 non
1816 2911 2000 2950 eaei'stimo
2039 2918 2070 2959 e)

1110 2978 1258 3016 citatur
1286 2989 1442 3029 quoque
1472 2982 1510 3016 et
1537 2976 1733 3028 quoddam
1778 2975 1862 3026 (sius
1905 2975 2073 3011 Chroni-

1109 3053 1199 3079 cum
1219 3073 1227 3087 ,
1261 3040 1366 3092 quod
1391 3040 1561 3077 „loannes
1593 3037 1890 3088 I'ulaenysdorus
1920 3036 1980 3074 ait
2009 3047 2073 3074 vo-

1110 3103 1201 3141 cari
1228 3104 1350 3157 Biblia
1382 3113 1617 3153 pauperum.
1650 3099 1805 3138 Floruit
1832 3099 1877 3137 A.
1919 3097 2072 3136 Domini

1169 3262 1201 3300 c)
1220 3261 1327 3292 Alium
1341 3265 1451 3292 tamen
1465 3260 1620 3292 chronici
1639 3263 1808 3291 auctorem
1825 3260 1944 3298 putant
1962 3258 2079 3288 §tirne-

1108 3323 1145 3345 υς
1171 3316 1205 3344 in
1228 3312 1393 3343 Chronico
1421 3314 1647 3341 praemonstr.
1672 3315 1702 3340 et
1728 3309 1864 3341 Vossius
1888 3318 1919 3348 p.
1943 3307 2015 3338 rio.
