2533 4009
458 267 532 306 310

511 337 545 374 9.
574 330 834 371 Dubitati'oiws
865 318 911 362 ¹in
945 325 1133 374 quartum
1172 316 1400 358 Meteorolo-

457 399 630 446 qi'cornm
662 387 892 429 :Iristotelis
926 386 1061 423 Venet.
1096 373 1209 422 4563.
1241 381 1303 419 fol.

455 443 462 449 ⁸
509 459 634 507 Opera
657 452 743 502 ejus
767 450 890 499 prima
919 445 1147 484 collectione
1171 441 1401 493 prodierunt

458 523 591 559 Venet.
617 514 724 553 1525.
744 511 806 549 fol.
825 520 902 560 qua
925 508 1182 546 continentur
1203 515 1248 543 ea
1268 533 1275 551 ,
1300 512 1401 552 quae

457 590 580 629 usque
610 575 657 613 ad
688 584 796 612 num.
815 572 850 610 0.
877 582 898 609 a
924 570 1034 608 nobis
1060 571 1274 607 memorata
1295 568 1400 604 sunt.

455 637 664 679 ,adduntur
708 646 796 673 vcro
826 637 912 684 post
941 643 978 669 n.
1012 632 1045 670 4.
1090 626 1403 672 Contradictoris

455 701 617 752 (Niplii)
652 699 859 736 Tractatns
889 693 1218 734 docti'ssiinimus:
1248 696 1288 729 et
1313 694 1402 741 post

454 778 490 803 n.
537 765 572 802 5.
610 758 915 813 Approbationes
947 757 1141 795 rationum
1182 750 1407 805 Defensorii

450 837 523 878 per
540 825 723 862 Fratrem
741 821 1061 871 Chrysostomum
1083 815 1311 866 'slzeotoyam
1330 815 1404 854 Or-

457 887 559 925 dinis
592 884 933 924 Praedicator-am.

506 948 637 988 Julius
655 944 933 986 POMPONIUS
957 944 1098 981 Laetus
1116 973 1125 990 ‚
1151 940 1241 979 vido
1261 937 1404 978 Julius.

507 1013 677 1050 Joannes
701 1007 889 1047 Jovianus
914 1005 1197 1048 PONTANUS,
1222 1003 1404 1041 Caereta-

459 1086 536 1114 nus
578 1086 626 1112 ex
669 1083 762 1122 agro
800 1069 1014 1120 Spoletano
1035 1096 1044 1113 ,
1073 1077 1095 1106 a
1126 1066 1242 1106 4426.
1273 1069 1404 1103 natus.

455 1135 614 1176 Joviani
634 1144 776 1173 nomen
797 1144 847 1170 ex
868 1141 975 1169 niorc
1000 1129 1155 1168 illorum
1181 1133 1405 1178 temporum

454 1199 613 1250 Neapoli
643 1196 859 1239 assumsit,
889 1193 956 1232 ubi
986 1191 1090 1242 apud
1113 1188 1406 1229 Fordinandum
1448 1201 1454 1213 i

458 1264 484 1301 l.
529 1263 674 1311 Regem
705 1258 828 1309 gratia
858 1255 1027 1294 multum
1059 1254 1209 1301 valuit,
1238 1253 1301 1291 cui
1331 1251 1407 1302 pri-

460 1335 570 1363 mum
609 1334 627 1361 a
667 1321 832 1359 secretis
862 1319 959 1365 fuit,
988 1321 1077 1367 post
1107 1316 1172 1353 lilii
1218 1314 1407 1364 Alplionsi

456 1389 503 1427 II.
542 1388 745 1436 Inspector
775 1387 815 1420 ct
844 1386 933 1431 post
962 1391 982 1418 a
1026 1378 1214 1417 secretis:
1250 1376 1345 1414 obiit
1373 1386 1406 1414 a.

460 1449 574 1488 1503.
600 1446 740 1486 aet-atis
767 1441 943 1483 LXXVII
982 1442 1035 1479 De
1060 1442 1140 1478 vita
1161 1438 1248 1488 ejus
1268 1437 1408 1476 evolve

457 1511 696 1549 Niceronum
740 1512 844 1545 tomo
887 1504 985 1542 VIII.
1033 1513 1117 1553 pag.
1162 1501 1251 1541 265.
1297 1510 1409 1549 seqq.

458 1572 640 1612 Giornale
675 1570 733 1608 de'
767 1568 952 1607 Lettcrati
983 1565 1140 1603 d’ltalia
1171 1568 1278 1601 tomo
1320 1563 1406 1600 XX.

460 1648 494 1686 p.
529 1635 614 1674 408.
647 1644 756 1682 seqq.
788 1636 832 1670 ut
862 1630 959 1668 alios
988 1633 1152 1666 taceam.

512 1696 641 1744 Opera
669 1695 756 1741 ejus
785 1689 889 1728 edita
919 1691 1014 1726 sunt
1043 1687 1182 1724 Venct..
1221 1695 1290 1734 por
1318 1686 1409 1722 Ber-

460 1756 668 1795 nardinum
700 1752 991 1791 Vercellensem
1009 1781 1019 1797 ,
1053 1750 1167 1788 4504.
1194 1747 1259 1785 fol.
1281 1746 1410 1796 Opera

461 1821 610 1869 poetica
641 1816 871 1868 prodierunt
900 1814 1072 1852 Florent.
1101 1810 1205 1861 apud
1236 1809 1331 1848 Phil.
1365 1808 1413 1846 de

460 1882 629 1925 Giunta,
660 1879 774 1918 4514.
820 1878 854 1915 8.
899 1880 938 1914 et
981 1887 1042 1925 ap.
1082 1872 1249 1911 heredes
1279 1871 1410 1918 illius,

463 1943 580 1982 4520.
609 1942 643 1979 8.
675 1945 774 1990 part.
806 1938 865 1976 VI.
896 1937 1073 1975 Venetiis
1104 1935 1217 1974 4533.
1254 1934 1290 1971 8.
1322 1934 1409 1971 I'ro—

459 2006 562 2043 saica
594 2003 682 2041 ibid.
727 2001 829 2052 apud
862 2000 1006 2038 Aldum
1037 2003 1076 2036 ct
1108 1996 1307 2035 Andrcam
1343 1994 1407 2033 So-

461 2077 624 2112 cerum,
655 2065 769 2104 4518.
817 2064 852 2101 4.
891 2063 925 2101 3.
970 2061 1047 2099 vol.
1080 2060 1195 2098 Basil.
1229 2058 1343 2097 4538.
1375 2058 1408 2094 4.

465 2131 499 2168 3.
522 2128 595 2166 vol.
619 2127 758 2166 Omnia
777 2136 870 2164 vcro
889 2122 1132 2173 conjunctim
1153 2120 1268 2160 Basil.
1295 2120 1408 2159 1538.

466 2192 502 2229 8.
534 2192 568 2228 4.
598 2190 672 2228 vol.
702 2190 759 2228 Ex
791 2188 852 2225 liis
881 2186 1035 2237 singula
1065 2183 1351 2222 enarrabimus.

849 2251 973 2288 Tomo
1003 2249 1031 2286 l.

521 2315 574 2353 De
618 2311 845 2352 Obedicntia
889 2309 983 2349 libri
1024 2310 1086 2348 IV.
1132 2309 1314 2359 Neapoli,
1343 2319 1412 2358 per

466 2377 649 2416 Mathiam
675 2377 905 2420 Moravum,
933 2372 1047 2412 4490.
1074 2373 1109 2410 4.
1135 2371 1249 2422 (279.
1280 2370 1414 2409 italice

467 2452 490 2479 a
522 2439 667 2478 Jacobo
698 2437 915 2477 Baroncelli
951 2437 1037 2474 Ven.
1069 2433 1207 2473 Giolito
1233 2433 1347 2472 4568.
1379 2432 1414 2470 8.

467 2502 524 2541 Ed
537 2531 544 2539 .
557 2501 770 2552 posthuma
787 2512 806 2538 a
825 2499 1000 2549 Remigio
1016 2497 1240 2536 Florentino
1255 2495 1416 2543 curata.)

523 2565 579 2602 De
608 2560 854 2601 Fortitudine
885 2559 980 2599 libri
1008 2560 1060 2598 ΙΙ.

519 2627 574 2665 De
602 2624 816 2676 Principe,
843 2624 891 2662 ad
922 2623 1172 2674 Alphonsum
1214 2620 1415 2660 Calabriae

471 2691 646 2737 Ducem,
671 2700 703 2726 a.
731 2687 847 2726 4578.
879 2687 1011 2725 Italico
1035 2694 1256 2723 conversus
1278 2695 1299 2722 a
1324 2684 1418 2733 Pyr-

470 2753 538 2791 rho
569 2751 798 2797 Pedirocco,
823 2760 939 2799 Cujus
963 2746 1252 2799 autographum
1282 2749 1418 2784 servat

471 2815 684 2866 Apostolus
715 2814 856 2851 chus.

525 2879 580 2916 De
612 2873 881 2915 Liberalitate.

525 2941 580 2978 De
611 2935 882 2988 Beneficentia.

526 3004 581 3040 De
612 2998 919 3051 Massin'ficentia.

530 3065 581 3102 De
611 3061 837 3114 Splendore.

530 3125 588 3162 De
620 3123 907 3164 Convenientia.

533 3188 585 3224 De
617 3186 834 3224 Prudentia
863 3183 955 3223 libri
990 3185 1026 3222 V.

535 3249 586 3285 De
616 3248 931 3295 Maqnanimieate
961 3245 1054 3285 libri
1083 3248 1130 3284 ΙΙ.

535 3310 587 3345 De
619 3310 792 3346 Fortuna
820 3308 915 3346 libri
945 3310 1016 3347 ῙΙΙ.

541 3371 591 3408 De
615 3371 876 3409 Immanitate.

1268 244 1658 286 PONTANUS

1844 318 1963 355 Tomo
1997 319 2042 356 ll.

1526 379 1581 417 De
1608 377 1853 429 Aspiratione
1891 377 1981 417 libri
2023 378 2110 418 duo.
2154 378 2304 417 Brixiae
2350 387 2418 426 per

1474 439 1761 481 Bernardinum
1772 441 1981 490 Misintam,
1992 443 2236 492 Papiensem,
2249 441 2262 480 4
2275 437 2362 477 497.
2383 439 2417 476 4.

1530 501 1702 553 Βῐαῖ09ί;
1753 500 1937 551 Charon,
1983 503 2197 551 Antonius,
2250 500 2415 547 Actius,

1475 563 1685 616 AEyidius,
1710 562 1870 602 Asinus.

1531 627 1584 665 De
1614 627 1800 665 Sermone
1829 623 1924 663 libri
1952 626 2014 663 IV.

1529 687 1654 736 Belli,
1685 686 1790 739 quod
1817 688 1849 725 F
1853 686 2094 727 erdinandus
2123 688 2292 737 Senior,
2321 687 2422 726 Nea-

1472 750 1740 803 politanorum
1763 751 1848 789 Rex
1865 780 1874 799 ,
1898 761 1987 788 cum
2005 749 2153 788 Joanne
2170 749 2420 801 Andeyaven-

1477 825 1516 853 se
1547 815 1652 852 Duce
1678 812 1821 863 gessit,
1853 810 1949 851 libri
1979 811 2040 849 VI.
2068 812 2206 850 Venet.
2235 813 2346 852 4519.
2382 812 2417 849 4.

1476 888 1567 917 cum
1598 875 1729 915 Barth.
1775 875 1887 914 Facio
1915 874 1963 913 de
1992 874 2110 913 rebus
2145 873 2193 912 ab
2225 873 2423 926 Alphonso

1478 940 1505 978 l.
1535 940 1670 989 gestis.
1703 937 1821 976 Basil.
1852 936 1967 977 4566.
1997 937 2032 975 8.

1528 1002 1663 1039 Versio
1693 1000 1824 1039 Italica
1853 999 2052 1050 Anonymi
2081 997 2223 1050 prodiit
2246 997 2421 1037 Venetiis

1481 1064 1594 1104 1524.
1638 1074 1700 1113 ap.
1746 1063 1857 1101 Mich.
1904 1062 2206 1101 Tramezzinum
2242 1060 2355 1101 1544.
2382 1061 2417 1099 8.

1477 1124 1610 1166 Jacobi
1640 1126 1790 1174 Mauri,
1819 1126 1937 1175 Neap.
1968 1124 2083 1163 4590.
2113 1124 2148 1162 4.

1531 1190 1711 1228 Insertus
1740 1191 1878 1239 postea
1905 1190 1968 1226 est
1995 1186 2197 1226 Thesauro
2233 1185 2424 1224 Historiae

1482 1252 1638 1291 Italicae
1679 1251 1973 1290 Burmanniano
2015 1253 2108 1287 torn.
2139 1249 2194 1287 IX
2225 1251 2322 1299 part.
2359 1247 2424 1285 III.

1480 1316 1703 1355 Editionem
1746 1312 2035 1351 Dordracenam
2067 1311 2182 1351 4648.
2211 1311 2246 1349 8.
2278 1320 2425 1349 memo-

1481 1382 1542 1417 rat
1564 1376 1765 1416 Fabricius
1782 1379 1915 1414 noster
1936 1379 1962 1413 t.
1985 1375 2013 1413 1.
2030 1385 2068 1424 p.
2097 1372 2185 1413 369.

1852 1438 1973 1475 Tomo
2000 1437 2065 1475 111.

1536 1502 1699 1542 Centum
1741 1498 1956 1538 Ptolemaei
1989 1498 2202 1540 sententiae
2244 1498 2284 1536 in
2327 1496 2429 1536 Lati-

1481 1576 1575 1603 num
1603 1574 1819 1603 sermonem
1843 1561 2048 1600 traductae
2076 1563 2114 1600 et
2143 1558 2428 1601 Commentario

1482 1625 1715 1666 illustratae.
1748 1626 1860 1664 Basil.
1894 1625 2008 1664 ⁴534:
2040 1626 2075 1662 4.

1535 1690 1589 1728 De
1611 1687 1731 1728 rebus
1773 1686 2000 1727 coelestibus
2036 1685 2131 1725 libri
2171 1686 2269 1726 XIV.
2308 1685 2426 1725 Basil.

1485 1754 1602 1793 4530.
1627 1754 1662 1790 4.

1541 1816 1597 1854 De
1626 1815 1760 1861 Luna,
1793 1811 1893 1851 liber
1921 1810 2184 1864 imperfectus.

1864 1877 1984 1914 Tomo
2013 1875 2075 1914 IV.

1537 1939 1726 1988 Utrania,
1756 1938 1838 1977 sive
1866 1937 1912 1976 de
1941 1935 2100 1984 stellis,
2132 1934 2229 1975 libri
2258 1936 2297 1974 V.

1536 2004 1795 2042 Meteororum
1823 1998 1922 2038 liber
1949 2009 2064 2038 unus.
2095 1999 2208 2037 Witt.
2251 1997 2368 2037 4524.
2399 1997 2436 2035 8.

1483 2067 1646 2115 Argent.
1676 2063 1791 2102 4539.
1822 2063 1858 2100 8.
1889 2073 1980 2101 curn
2016 2061 2343 2111 interpretatione
2374 2060 2438 2097 Vi-

1485 2129 1513 2166 ti
1544 2125 1802 2165 Amerbacliii.
1836 2123 1927 2174 Arg.
1960 2124 2074 2163 4545.
2107 2123 2144 2160 8.

1539 2190 1592 2227 De
1622 2186 1755 2226 Hortis
1785 2185 2050 2238 Hesperidum
2075 2182 2171 2223 libri
2199 2184 2251 2222 II.

1540 2249 1772 2289 Pastorales
1802 2251 1970 2301 Pompae
2003 2248 2086 2287 VII.

1538 2312 1751 2362 Bucolica,
1781 2311 2013 2359 Melisaeus‚
2044 2311 2180 2350 Maeon
2208 2313 2245 2349 et
2271 2309 2385 2348 Acon.

1543 2375 1733 2415 Amorum
1763 2372 1861 2413 libri
1886 2373 1938 2411 ΙῙ.

1543 2439 1597 2476 De
1624 2437 1767 2475 Amore
1796 2433 1996 2486 conjuyali
2023 2432 2119 2473 libri
2149 2432 2226 2472 III.

1547 2498 1800 2538 Tumulorum
1829 2496 1927 2536 libri
1953 2497 2004 2535 II.

1543 2563 1598 2600 De
1627 2561 1772 2601 divinis
1803 2558 2002 2599 laudibus.

1541 2621 1967 2675 Hendecasyllaborum
1977 2621 2056 2661 sive
2072 2621 2267 2672 Bajarum
2285 2617 2379 2658 libri
2390 2619 2409 2656 I
2411 2619 2439 2657 I.

1544 2686 1681 2738 Lyrici
1714 2687 1873 2724 Versus.

1543 2747 1715 2787 Eridani
1744 2746 1844 2786 libri
1872 2746 1924 2785 II.

1543 2811 1853 2861 Epicyrammata.
1885 2806 2034 2848 Umbra
2072 2813 2111 2847 et
2140 2806 2443 2860 Epiqrammata

1489 2871 1683 2924 quaedam
1711 2871 1941 2922 prodierunt
1968 2881 2061 2909 cum
2101 2869 2227 2909 Publii
2267 2868 2443 2919 Gregorii

1491 2934 1636 2972 Tiferni
1666 2933 1901 2983 Opusculis,
1930 2933 2070 2972 Venet.
2118 2942 2187 2982 per
2236 2929 2444 2969 Bernardi-

1492 3007 1588 3034 num
1616 2995 1810 3033 Venatum
1831 3025 1838 3043 ,
1862 2995 1977 3034 4498.
2001 2994 2037 3032 4.
2063 2991 2243 3032 Naeuius
2271 2990 2441 3031 Alexan-

1492 3057 1562 3095 der
1589 3055 1800 3095 Adimarus
1830 3056 2016 3095 versibus
2045 3054 2192 3094 Italicis
2220 3052 2442 3104 expressit,

1493 3131 1660 3170 quorum
1705 3119 1908 3169 exemplar
1955 3116 2135 3169 possedit
2174 3114 2266 3154 Ant.
2293 3113 2445 3163 Magna-

1495 3184 1672 3230 beccus,
1703 3185 1806 3220 toste
1841 3180 2051 3220 Nicodemo
2093 3179 2131 3216 in
2172 3174 2444 3217 Additionibus

1496 3245 1542 3283 ad
1574 3245 1766 3295 Toppium
1813 3255 1850 3294 p.
1895 3243 1982 3282 433.
2030 3240 2143 3291 (280.
2176 3237 2271 3277 Vide
2297 3236 2443 3275 Morelli

1496 3306 1632 3346 Codici
1658 3305 1842 3344 Naniani.
1865 3307 1873 3350 )

1546 3369 1757 3419 Scripsisse
1799 3377 1953 3417 quoquc
1995 3364 2159 3410 dicitur,
2190 3364 2293 3400 teste
2325 3360 2435 3399 Jaco-
