2517 4009
894 240 1274 280 PALONIUs

84 321 204 359 LXX.
239 314 525 365 lriterprctibus
567 311 716 350 dictum
762 313 827 351 lib.
871 314 892 351 3
937 312 1037 352 Bibl.

82 384 253 422 Graecae
281 391 315 417 c.
346 378 407 416 44.
440 376 474 426 §-
506 375 543 413 2.
585 375 734 413 Omitto
769 377 865 414 alios
911 375 1037 426 plero-

80 456 180 495 sque
205 442 412 491 junioreS,
445 442 487 476 ut
518 437 733 476 Antonium
766 443 886 488 atque
933 437 1040 476 Edu-

81 505 219 545 ardum
250 507 290 541 et
318 501 509 540 Jeffreum
555 501 639 538 sivo
682 500 968 538 Gothofredum
1001 504 1039 536 et

81 567 269 605 Thomam
301 563 539 602 Palmerium
571 562 748 613 Anglos,
779 563 916 600 Franc.
956 561 1042 599 Pal-

81 629 248 667 merium
265 627 494 664 Romanum
512 656 522 671 ,
547 624 747 663 lulianum
765 629 805 663 et
822 624 1038 662 Antonium

79 695 200 740 atque
227 688 308 727 Jac.
338 688 577 727 Palmerium
603 689 625 726 a
649 687 958 734 Grentemssnit,
977 687 1042 724 Ja—

81 763 175 791 num
219 751 425 790 Mellerum
456 749 693 788 Palmerium
715 778 724 795 ‚
765 750 1037 798 Brugensem·

79 814 280 854 Nicolaum
312 813 548 851 Palmerium
580 812 705 861 patria
735 810 913 849 Siculum
945 811 1039 860 Epi-

80 888 242 928 scopum
272 877 489 914 llortanum
511 903 520 921 ,
553 873 788 912 defunctum
819 874 894 912 An.
925 874 1039 912 4467.

79 938 196 990 cujus
227 939 440 977 Sermones
481 941 522 975 et
564 936 827 982 Quaestiones
874 936 1040 974 illustris

78 1001 326 1040 Fontaninus
354 998 557 1038 celebrat:
590 998 828 1037 Palmerium
868 998 1040 1036 Vicenti-

82 1075 175 1103 num
206 1067 285 1101 etc.

132 1123 346 1165 Marcellus
377 1123 652 1171 PALONIUS,
684 1135 804 1174 supra
829 1134 864 1173 p.
895 1123 964 1161 22.

132 1187 454 1232 PALPONISTA‚
486 1187 576 1225 vide
598 1187 635 1224 in
655 1185 922 1225 BERNARDO
942 1185 1040 1236 Gey-

80 1250 204 1290 stensi
228 1255 259 1288 t..
288 1251 302 1288 4
341 1261 377 1298 p.
407 1250 498 1288 244.

130 1311 378 1352 PALTRAMI
422 1313 508 1349 sive
553 1310 824 1356 VATZONIS‚
855 1310 1040 1348 Consulis

78 1376 320 1414 Viennensis
350 1373 574 1413 Chronioon
608 1373 862 1411 Austriacum
896 1374 917 1410 a
947 1375 1040 1409 nato

80 1437 249 1477 CHristo
291 1436 340 1475 ad
382 1435 428 1475 A.
460 1436 576 1475 4304.
608 1434 696 1473 inde
726 1435 748 1472 a
777 1432 942 1473 Nicolao
971 1435 1040 1472 Vl-

79 1500 267 1546 SCHEL,
297 1498 512 1537 Coenobita
556 1497 823 1536 Sancrucensi
854 1496 947 1535 Ord.
979 1497 1041 1536 Ci-

81 1565 200 1601 sterc.
231 1562 268 1599 in
289 1560 450 1600 Austria
476 1560 659 1598 inferiore
688 1560 965 1598 continuatum
993 1558 1038 1596 ad

80 1623 125 1663 A.
158 1623 261 1664 4340
305 1628 345 1662 et
372 1623 421 1661 ab
451 1621 664 1671 Anonymo
693 1620 740 1660 ad
765 1620 812 1660 A.
839 1621 953 1659 4454.
974 1632 1042 1658 ex-

79 1691 159 1725 stat
187 1688 226 1725 in
258 1686 486 1735 Hieronymi
531 1685 635 1724 Pezii
667 1683 932 1734 scriptoribus
962 1683 1041 1721 Au—

80 1750 236 1788 striacis
265 1754 293 1787 t.
328 1751 341 1788 4
379 1760 466 1799 pag.
495 1747 586 1785 707.
619 1748 712 1786 738.
756 1748 948 1787 Caeterae
978 1747 1041 1784 Vi-

81 1811 216 1851 schelii
246 1811 563 1858 lucubrationes,
594 1814 698 1849 teste
743 1809 882 1848 eodem
929 1811 1041 1848 Pezio

82 1887 120 1926 p.
148 1874 238 1913 706.
269 1875 306 1912 in
338 1873 435 1912 Bibl.
468 1873 733 1912 Sancrucensi
772 1873 1039 1922 Manuscripta

84 1941 180 1976 sunt
209 1935 307 1975 libri
327 1937 413 1975 XII.
436 1934 482 1974 cle
506 1933 692 1974 laudibus
713 1936 752 1975 S.
777 1935 933 1974 Mariae
955 1936 1039 1972 Vir-

84 2000 214 2050 ginis,
243 2003 284 2038 et
312 1999 497 2037 diversus
541 1998 589 2036 ab
633 1997 709 2035 illis
744 2000 939 2036 tractatus
968 1999 1033 2048 qui

84 2063 220 2113 Imaqo
244 2061 286 2099 Β.
321 2060 492 2112 Viryinis
517 2059 758 2098 inscribitur.
783 2060 896 2098 Liber
917 2059 962 2098 de
987 2059 1044 2098 in-

90 2123 322 2174 carnatione
356 2120 474 2163 Verbi
489 2153 497 2170 ‚
522 2127 658 2161 contra
686 2121 883 2162 Catharos
908 2121 1046 2160 haere-

90 2187 197 2226 ticos.
220 2188 430 2225 Tractatus
463 2185 509 2224 de
541 2197 619 2224 sem
657 2183 842 2236 operibus
872 2183 1044 2236 Abz'qail.

89 2250 298 2288 Tractatus
326 2247 372 2286 de
401 2247 662 2287 Eucharistia
681 2279 691 2296 ,
722 2249 831 2287 fratri
875 2249 1046 2287 Ernesto

90 2311 272 2357 Vischel,
301 2312 417 2360 priori
449 2315 488 2348 et
520 2312 669 2349 Lectori
701 2312 737 2348 in
778 2310 908 2349 Badeo
940 2311 1075 2350 dedi--

91 2374 462 2413 catus.‘Tractatus
491 2376 629 2411 contra
651 2372 824 2425 perfidos
846 2373 1030 2412 Judaeos.

143 2436 284 2474 Petrus
312 2434 358 2472 de
387 2433 587 2473 PALUDE
618 2436 703 2472 sive
747 2435 1046 2474 PALUDANUS

94 2496 167 2548 (de
196 2495 235 2534 la
264 2495 396 2545 Palu)
421 2496 661 2546 Burgundus
691 2496 783 2534 Ord.
811 2497 945 2535 Praed.
971 2499 1049 2536 Dif-

90 2559 222 2598 finitor
252 2559 506 2605 Provinciae,
536 2559 720 2608 Magister
753 2560 788 2596 in
823 2559 1046 2609 Theologia,

89 2622 210 2661 Paris.
242 2620 332 2659 eta
361 2621 463 2670 Papa
505 2620 656 2658 Joanne
700 2621 825 2658 XXII.
869 2619 1049 2659 Nuncius

88 2685 239 2722 missus
271 2683 308 2720 in
339 2681 576 2720 Flandriam.
608 2682 754 2721 Confer
798 2682 1046 2732 Raynaldum

90 2746 138 2786 ad
167 2746 212 2785 A.
245 2745 359 2784 4348.
393 2755 502 2783 num.
533 2743 595 2783 20.
626 2749 665 2782 et
695 2743 792 2782 Acta
819 2745 1044 2794 Inquisitio-

91 2811 154 2847 nis
182 2806 286 2858 apud
316 2804 522 2846 Baluzium
561 2812 655 2845 tom.
700 2808 714 2844 4
749 2808 858 2845 Misc.
890 2819 925 2857 p.
958 2808 1044 2846 463.

91 2883 174 2922 seq.
200 2869 295 2909 Inde
319 2868 362 2908 Α.
387 2869 500 2908 4329.
525 2874 684 2908 creatus
710 2870 933 2909 Patriarcba
962 2872 1047 2908 Hie-

92 2933 210 2972 rosol.
237 2931 341 2970 diem
372 2931 465 2970 obiit
494 2932 539 2970 A.
571 2933 686 2972 4342.
718 2932 812 2971 Vide
854 2933 1042 2972 Jacobum

92 2995 239 3043 Quetif.
259 2998 354 3033 tom.
382 2997 395 3033 4
429 3006 518 3045 pag.
540 2995 629 3033 603.
659 3006 741 3045 seq.
773 3000 813 3033 et
842 2996 1042 3035 Oudinum

91 3063 186 3097 tom.
217 3058 241 3096 3
271 3069 356 3108 pag.
387 3057 475 3095 896.
521 3067 604 3107 seq.
640 3058 805 3108 Scripsit
834 3059 1044 3097 Commen—

92 3122 213 3160 tarios
243 3119 282 3157 in
323 3118 514 3158 universa
556 3118 709 3166 Biblia,
739 3132 829 3159 cum
879 3119 1041 3172 Praefa-

92 3183 236 3222 tionum
260 3183 357 3220 libro
387 3182 641 3231 amplissimo.
664 3183 707 3220 1η
726 3183 786 3221 IV.
807 3181 928 3220 libros
948 3184 1042 3221 Sen-

93 3244 304 3284 tentiarum
322 3246 440 3284 Paris.
468 3244 584 3284 4530.
605 3244 668 3283 fol.
689 3245 724 3283 2.
751 3246 886 3284 Volum
914 3243 1042 3293 Quod-

93 3305 221 3346 libeta.
251 3309 481 3346 Tractatum
508 3306 553 3345 de
574 3317 708 3345 causoe
720 3307 948 3346 immediata
975 3308 1044 3346 Ec-

95 3368 337 3410 clesiasticae
362 3370 592 3422 potestatis,
625 3370 797 3409 divisum
831 3372 866 3408 in
913 3374 1044 3420 partes

2000 246 2070 286 183

1114 314 1173 351 Vl.
1203 317 1243 351 et
1268 314 1385 351 Paris.
1416 314 1527 352 4506.
1554 314 1718 354 editum.
1747 316 1841 354 Vide
1868 317 2066 357 Labbeum

1117 381 1210 413 tom.
1242 377 1265 414 2
1296 377 1351 414 De
1382 377 1420 414 S.
1452 378 1496 415 13.
1529 390 1565 427 p.
1594 378 1636 417 24
1650 380 1682 416 4.
1715 379 1857 417 ΧΧΙΙΙ.
1887 379 2070 419 articulis

1116 439 1337 476 (Jensuram
1382 438 1428 477 (le
1456 440 1605 478 Joanne
1634 440 1680 479 cle
1710 440 1867 480 Poliaco
1904 443 2070 482 Doctore

1115 502 1233 539 Paris.
1270 500 1380 539 §ocio
1423 503 1661 551 Navarri007
1700 506 1765 554 qui
1797 507 1942 544 summi
1974 507 2071 544 Pon-

1115 563 1232 601 titicis
1261 564 1540 601 auctoritatfm
1573 567 1800 605 convellere
1831 569 2070 607 instituerat.

1113 626 1256 664 Confer
1284 627 1362 663 Jac.
1395 626 1540 671 Quetif.
1573 631 1652 666 tom
1700 630 1723 666 Ξ
1754 641 1839 679 pag-r.
1865 629 1956 669 8⁶20.
1980 632 2072 669 Ser-

1115 697 1243 725 mones
1260 687 1436 726 thesauri
1464 690 1552 725 novi
1577 689 1624 726 de
1648 694 1825 740 temporo
1845 698 1883 730 et
1901 693 1948 731 de
1976 695 2073 732 San-

1113 751 1212 797 ctis⁷
1258 754 1298 787 et
1344 749 1696 800 Quadragesimale
1717 784 1725 798 ,
1756 755 1915 804 saepius
1944 755 2072 794 editos

1114 814 1231 851 etiam
1265 813 1350 850 sine
1382 814 1541 851 nomine
1566 817 1740 852 auctoris
1755 847 1765 863 Ι.
1789 828 1956 860 quorum
1980 829 2074 868 pars

1115 876 1234 913 etiam
1266 875 1353 914 aliis
1398 876 1628 915 auctoribus
1658 877 1819 917 videtur
1849 880 2071 919 tribuenda.
2096 870 2100 871 ⁷

1113 938 1212 975 Vide
1245 938 1434 977 Jacobum
1467 938 1604 984 Quotif
1629 944 1724 977 tom.
1757 942 1770 979 4
1811 953 1846 991 p.
1877 943 1964 980 607.
1988 955 2070 994 seq.

1117 997 1303 1038 Tabulam
1321 998 1608 1050 alphabetzcam
1625 1012 1744 1053 super
1760 1003 1958 1053 Leqenclas
1975 1007 2074 1044 San-

1114 1068 1268 1100 ctorum
1292 1061 1434 1101 Jaeobi
1455 1063 1500 1101 (le
1528 1064 1716 1113 Voraqine
1736 1096 1744 1112 ,
1771 1078 1888 1116 quam
1916 1068 1978 1106 alii
2006 1068 2074 1106 ,Vi-

1113 1124 1220 1162 colao
1244 1125 1290 1164 cle
1320 1127 1535 1165 llANAPlS
1567 1127 1720 1165 malunt
1741 1129 1982 1168 adscribere.
2011 1131 2074 1169 Li-

1114 1186 1230 1225 brum
1258 1188 1528 1227 Historiarum
1546 1220 1554 1235 ‚
1586 1191 1671 1227 sive
1697 1189 1847 1229 librum
1872 1189 2074 1230 Bellorum

1114 1249 1278 1287 Domini.
1309 1252 1538 1290 Tractatum
1570 1251 1616 1290 de
1642 1258 1879 1303 paupertate
1910 1254 2077 1293 CHristi

1114 1315 1152 1349 et
1175 1310 1454 1362 Apostolorum
1484 1318 1624 1351 contra
1656 1315 1885 1353 Michaelem
1931 1318 2071 1354 Caese-

1115 1378 1246 1412 natem
1279 1374 1327 1412 de
1359 1386 1437 1425 quo
1468 1386 1588 1426 supra
1620 1381 1714 1415 tom.
1746 1380 1759 1416 4
1797 1390 1834 1427 p.
1866 1380 1955 1416 296.
1980 1380 2071 1431 Epi-

1113 1435 1253 1474 stolam
1283 1436 1332 1475 ad
1362 1439 1593 1489 Magistrum
1620 1439 1780 1478 Ordinis
1805 1442 1845 1478 F.
1868 1442 2071 1491 Hugonem

1113 1498 1162 1536 de
1191 1499 1445 1546 Vauceman,
1478 1501 1754 1550 Campanum.
1793 1506 2070 1552 responsivarn

1113 1560 1160 1599 ad
1192 1562 1411 1608 Consusta,
1443 1562 1631 1613 quomodo
1657 1563 1825 1603 Fratres
1857 1564 2074 1603 Praedica-

1114 1626 1218 1661 tores
1242 1624 1398 1676 possint
1424 1624 1578 1664 reditus
1623 1629 1662 1664 et
1699 1628 1984 1666 anniversaria
2013 1640 2076 1666 re·

1115 1685 1250 1724 tinere.
1277 1687 1308 1731 Α
1358 1688 1468 1726 1332.
1501 1688 1546 1727 ad
1580 1690 1878 1740 expeditionem
1911 1692 2076 1743 Philippi

1113 1749 1257 1787 Valesii
1302 1750 1518 1790 Galliarum
1563 1753 1680 1803 Regis
1719 1755 1754 1791 in
1787 1754 2076 1801 Palaestinam,

1114 1811 1380 1850 Directorium
1407 1817 1541 1852 terrae
1567 1816 1761 1862 Sanctae,
1793 1817 1896 1866 quod
1929 1817 2078 1856 Gallice

1115 1874 1160 1913 A.
1189 1876 1304 1915 4454.
1332 1879 1451 1915 vertit
1476 1877 1735 1917 Sebastianus
1755 1881 1944 1918 Mamerot
1974 1882 2078 1920 Can-

1116 1941 1178 1976 tor
1206 1939 1411 1978 Ecclesiae
1436 1941 1659 1979 Trecensis.
1684 1942 1930 1993 Praecipuus
1957 1945 2077 1981 etiam

1111 2006 1250 2040 auctor
1280 2002 1353 2041 fuit
1382 2001 1719 2043 determinationis
1749 2006 1967 2044 Facultatis
2011 2009 2081 2045 Pa-

1120 2066 1188 2102 ris.
1217 2064 1263 2103 cle
1300 2064 1450 2104 visione
1488 2065 1667 2118 beatifica
1701 2074 1837 2107 contra
1883 2070 2076 2107 loannem

1122 2129 1235 2166 XXII
1268 2140 1370 2179 quae
1400 2133 1533 2168 exstat
1564 2131 1601 2167 in
1635 2130 1794 2180 Launoji
1819 2131 1980 2171 historia
2002 2133 2081 2182 Gy-

1118 2193 1263 2230 ‘mnasii
1309 2192 1494 2230 Navarrei
1526 2205 1610 2243 pag.
1642 2192 1705 2233 64.
1737 2195 1953 2234 Boulaeum
1986 2195 2079 2233 bist.

1122 2253 1357 2291 Academiae
1388 2255 1509 2293 Paris.
1540 2260 1567 2292 t.
1598 2256 1646 2293 IV
1678 2267 1762 2306 pay.
1794 2258 1883 2295 236.
1928 2263 1967 2294 et
1996 2257 2077 2296 Nic.

1124 2315 1395 2354 Coeffetellum
1428 2316 1625 2357 adversus
1647 2320 1817 2358 Mornaei
1843 2321 2078 2369 mysterium

1123 2379 1350 2428 Iniquitatis
1381 2390 1467 2429 pag.
1501 2381 1614 2419 4040.
1679 2390 1683 2393 ⁴

1177 2441 1348 2491 Anyelus
1380 2441 1583 2495 Philippus
1613 2443 1658 2482 cle
1689 2445 2078 2485 PANDULPHINIS.

1124 2504 1395 2552 Florentinus,
1418 2505 1632 2545 defunctus
1653 2508 1726 2546 An.
1746 2509 1860 2546 4446.
1884 2508 1979 2557 Ejus
2000 2508 2081 2545 dia-

1123 2566 1254 2613 logum
1289 2569 1588 2605 oeconomicum
1620 2579 1711 2607 curn
1742 2569 1832 2606 filiis
1860 2574 1899 2606 et.
1930 2571 2081 2619 nepoti-

1123 2626 1198 2665 bus
1229 2630 1236 2674 ζ
1258 2628 1435 2665 Trattato
1464 2628 1526 2666 del
1551 2641 1723 2679 qoverno
1744 2630 1847 2669 della
1872 2631 2077 2682 Famisylia.

1126 2688 1212 2726 Fir.
1249 2689 1362 2728 4734.
1397 2691 1456 2738 l.)
1500 2691 1635 2730 laudat
1678 2693 1710 2730 J.
1757 2694 1875 2743 Niger
1913 2696 1948 2731 in
1990 2695 2080 2733 bist.

1123 2753 1363 2801 scriptorum
1397 2753 1659 2792 Florentinor.
1690 2767 1778 2806 pag.
1813 2756 1872 2793 46.

1173 2814 1502 2854 PANDULPHUS
1538 2818 1665 2856 Massa
1704 2817 1750 2856 (le
1788 2817 1954 2860 Aluti-0.
1993 2822 2079 2857 sivo.

1119 2875 1347 2921 xlletrinus7
1380 2879 1546 2917 Pisanus
1582 2891 1629 2918 ex
1670 2882 1840 2919 Ostiario
1873 2883 2079 2920 laterane-

1122 2941 1259 2978 nensis
1277 2941 1482 2979 Ecclesiae
1501 2972 1508 2988 ,
1531 2943 1751 2982 Cardinalis
1782 2945 1993 2994 Presbyter
2013 2945 2082 2983 de-

1122 3002 1291 3041 functns
1317 3003 1391 3041 An.
1420 3007 1431 3043 4
1450 3006 1535 3043 498.
1560 3006 1704 3044 Golasii
1730 3008 1772 3044 ll.
1795 3006 1936 3045 .ι1)Αη.
1963 3009 2077 3047 4448.

1117 3064 1179 3102 ⁶21.
1224 3067 1312 3103 Jnn.
1341 3065 1387 3104 ad
1428 3069 1541 3105 4149.
1573 3068 1635 3105 29.
1666 3068 1752 3105 Jan.
1783 3070 1907 3118 Papae
1953 3071 2074 3109 vitam

1116 3127 1269 3176 scripsit
1289 3156 1296 3164 .
1320 3128 1342 3166 e
1366 3129 1558 3167 Manuscr.
1587 3129 1730 3167 editam
1760 3131 1780 3167 a
1804 3132 2077 3181 Papebrocbid

1114 3189 1322 3238 propylaeo
1346 3189 1392 3227 ad
1425 3190 1520 3229 Acta
1553 3192 1730 3230 sanctor.
1761 3193 1845 3242 Maji
1877 3206 1962 3245 pag,
1994 3196 2014 3218 ³*
2039 3197 2075 3234 9.

1119 3251 1162 3288 ll.
1175 3251 1412 3299 Vulgavorat
1429 3253 1546 3290 otiam
1561 3258 1753 3304 notasque
1764 3255 2077 3297 addideratCon-

1119 3313 1319 3350 stantinus
1359 3312 1573 3363 Cajetonus
1604 3317 1710 3355 Rom.
1745 3318 1858 3357 4638.
1898 3320 1931 3357 4.
1962 3321 2074 3371 Apud

1121 3373 1365 3413 Ludovivum
1380 3377 1567 3416 iacobum
1589 3379 1682 3417 Bibl.
1702 3380 1922 3419 Pontifici-ae
1942 3395 1974 3432 p.
1994 3385 2001 3420 i
2019 3387 2073 3423 40.
