2517 4009
992 227 1230 267 SERLO

2019 240 2097 281 457

110 294 327 332 Romanam
358 293 522 332 Centur.
554 294 616 332 VI.
652 295 715 334 29.
752 295 846 334 Lud.
882 296 1013 336 Jacobi
1045 308 1065 335 a
1141 308 1286 347 scopus
1311 302 1400 347 (non
1426 301 1746 351 ShirburnensiS,
1773 311 1816 345 ut
1839 307 2000 357 quidam
2029 321 2098 349 vo-

108 353 149 392 S.
169 354 310 392 Carolo
334 353 431 392 Bibl.
457 354 701 394 pontificiam
727 368 761 406 p.
789 357 876 395 197.

1140 359 1240 407 lunt,
1271 361 1353 409 sed)
1387 364 1673 404 cornubiensis
1707 368 1810 406 circa
1827 378 1977 409 annum
2003 371 2097 411 960.

159 414 375 453 SERGIUS
398 413 463 453 ΙΙΙ.
485 427 534 454 ex
572 414 792 456 Comitibus
828 419 1065 458 Tusculanis
1140 420 1307 471 Scripsit
1334 422 1670 464 commentarium
1695 427 1734 466 in
1758 428 2092 479 Pentateuchum‚

107 475 158 514 ab
186 487 250 514 an.
273 475 362 514 907.
388 475 480 514 910.
513 476 694 527 Epistola
717 477 805 528 ejus
828 478 875 517 ad
895 479 1064 518 Alexan—

103 535 220 576 drum
248 537 316 587 Ep.
360 538 626 578 Viennensem
653 540 756 579 edita
790 546 852 579 est
890 553 910 579 a
950 541 1062 580 Joan.

103 599 290 637 Licuraeo
312 600 348 637 in
370 599 689 651 Antiquitatibus
706 602 1001 641 Viennensibus
1023 615 1058 653 p.

23 680 26 682 ψ
102 659 206 699 220.-
227 657 312 698 alia
329 659 378 699 ad
406 661 652 712 Leopardum
686 662 881 701 Abbatem
903 665 1059 702 Nonan-

28 735 34 739 ·
98 720 281 760 tulanum
303 721 352 760 ab
382 722 551 772 Ughello
585 729 612 762 t.
653 725 699 763 ll.
736 725 870 763 ltaliae
908 736 1056 763 sacrae.

96 781 209 821 Adde
223 784 460 834 Prosperum
481 785 725 824 Mandosium
753 786 775 823 l.
802 797 837 824 c.
861 787 973 824 Cent.
994 787 1057 824 IV.

96 841 159 882 57.
191 843 287 882 Lud.
317 845 447 883 Jacobi
478 856 499 883 a
529 846 567 884 S.
605 846 743 885 Carolo
769 846 864 884 Bibl.
895 848 1053 886 Pontiss-

93 904 196 943 ciam
224 917 260 955 p.
284 906 361 944 498
397 905 552 945 Oldoini
590 907 869 945 Bibliothecam
914 909 1055 947 Rorna-

93 975 185 1004 nam
213 977 237 1016 p
277 966 368 1004 600.

142 1026 362 1067 SERGIUS
387 1028 449 1066 IV.
474 1029 589 1078 Papa,
619 1029 834 1077 Romanus,
865 1030 914 1068 ab
943 1042 1047 1068 anno

88 1088 204 1127 1009.
237 1090 351 1128 1012.
383 1089 510 1128 Antea
541 1090 686 1128 Petrus
721 1090 968 1141 Buccaporci
991 1091 1048 1129 di-

85 1152 190 1197 ctus,
234 1149 532 1188 Benedictinus.
575 1150 743 1200 Scripsit
791 1151 1046 1202 Epitaphium

87 1207 276 1249 Silvestri
292 1211 441 1260 Papae,
462 1210 567 1260 quod
585 1215 648 1249 est
674 1213 711 1248 in
731 1213 934 1250 Laterano.
958 1213 1048 1251 Bul-

82 1270 142 1308 las
163 1271 252 1309 eius
279 1270 475 1320 quasdam
502 1270 625 1309 habes
652 1273 689 1309 in
715 1273 816 1310 Petri
843 1273 892 1310 de
919 1275 1046 1311 Marca

83 1331 213 1369 Marca
244 1331 453 1380 Hispanica
484 1343 519 1382 p.
551 1332 641 1370 978.
672 1333 763 1370 990.
797 1334 892 1371 Lud.
922 1335 1001 1372 Jac.
1023 1345 1045 1372 a

83 1392 126 1431 S.
160 1392 301 1431 Carolo
332 1392 357 1430 l.
387 1403 421 1430 c.

132 1452 347 1492 SERGIUS
361 1453 671 1502 Grammaticus,
687 1457 832 1493 aetatis
854 1458 1042 1495 incertae.

81 1515 333 1565 Opusculum
354 1515 396 1553 in
415 1515 562 1553 Donati
584 1515 722 1553 Artem
741 1516 933 1566 primam,
955 1528 1043 1566 pro-

79 1575 151 1614 diit
180 1577 218 1614 in
248 1574 487 1615 Collectione
517 1576 879 1616 Grammaticorum
918 1579 1042 1616 mino-

81 1648 170 1676 rum
195 1637 350 1677 Mediol.
374 1637 490 1678 ⁴504.
517 1638 579 1677 fol.
605 1649 697 1677 cum
722 1639 888 1685 Donato,
919 1640 1040 1676 Paris.

76 1698 181 1749 apud
202 1699 297 1738 Rob.
316 1700 582 1750 Stephanum,
610 1700 704 1739 4531
737 1701 773 1737 8.
799 1700 846 1737 Ιη
861 1699 1039 1750 primam

77 1762 116 1798 et
130 1759 344 1799 secundam
370 1760 517 1799 Donati
543 1760 748 1800 editionem
786 1761 1036 1800 Commenta-

77 1821 165 1860 rius
189 1821 358 1862 habetur
380 1824 417 1860 in
448 1823 730 1861 Grammaticis
768 1822 905 1861 Heliae
946 1824 1038 1861 Put-

75 1882 172 1920 schii
198 1894 237 1932 p.
264 1884 382 1922 1826.

128 1941 422 1983 Lombardinus
446 1955 473 1982 a
498 1943 681 1983 SERICO
701 1947 864 1995 scripsit
878 1944 1039 1996 Supple-

70 2007 244 2042 mentum
269 2005 491 2056 compendii
506 2004 760 2056 quorundam
783 2005 976 2044 virorum
993 2005 1039 2044 il-

72 2063 260 2104 lust-rium
273 2068 366 2116 post
382 2064 532 2104 obitum
551 2066 762 2104 Fraucisci
779 2066 1037 2117 petrarchae,

69 2126 146 2166 MS.
176 2127 401 2166 Florentiae
438 2128 478 2164 in
524 2127 624 2166 Bibl.
670 2129 1034 2166 Dorninicanorum.

38 2178 43 2182 ’
70 2187 253 2227 Bern.de
270 2188 526 2229 Montfaucon
538 2188 741 2227 Bibl.Bibl.
761 2188 866 2227 MSS.
884 2201 919 2238 p.
945 2188 1034 2228 419.

121 2247 142 2272 ³¹⁵
171 2249 319 2288 Verum
349 2250 436 2288 eius
468 2261 613 2287 nomen
643 2254 707 2287 est
732 2247 983 2288 Lombardus
1011 2262 1037 2287 a

69 2309 206 2349 Serico
235 2310 465 2348 patavinus.
497 2311 675 2349 Meminit
706 2311 827 2349 huius
872 2312 1038 2349 Vossius

69 2371 125 2408 De
158 2369 262 2408 Hist.
285 2370 410 2407 Latin.
435 2371 500 2408 ΙΙΙ.
526 2372 562 2409 3.
581 2371 915 2421 Supplementum
950 2373 1036 2410 cius

69 2430 214 2481 prodiit
254 2431 415 2480 saepius
441 2431 544 2468 inter
560 2442 678 2480 opera
698 2433 951 2478 petrarchae,
969 2433 1038 2471 ibi-

63 2503 142 2542 que
182 2491 231 2529 de
258 2491 321 2529 illo
341 2493 510 2540 egimus.
542 2492 704 2540 scripsit
732 2493 850 2529 etiam
883 2492 1037 2542 Episto-

68 2550 148 2591 lam
177 2551 468 2602 dialoqisticam
492 2551 538 2590 de
574 2552 657 2589 Vita
686 2550 884 2590 solitaria.
907 2554 1033 2598 Quam

66 2623 160 2652 cum
190 2613 278 2652 aliis
305 2613 394 2651 eius
423 2617 464 2651 et
484 2612 720 2650 petrarchae
742 2613 928 2662 operibus
949 2614 1036 2651 vul-

66 2676 177 2724 gavit
194 2675 332 2713 Livius
350 2675 497 2712 Ferrus
516 2674 733 2711 Patavinus
755 2674 888 2711 Patavi
918 2673 1032 2712 4581.

67 2735 103 2773 4.
133 2735 294 2785 scripsit
326 2739 531 2784 praeterea
561 2744 661 2783 opus
692 2733 800 2771 aliud
831 2732 878 2770 de
907 2732 1034 2772 laudi—

67 2793 142 2833 bus
168 2794 321 2847 aliquot
343 2794 612 2847 foeminarum
627 2792 831 2844 yentilium
854 2797 927 2831 aut
951 2793 1033 2833 lite-

65 2855 124 2894 ris
152 2860 226 2894 aut
251 2856 381 2895 armis
406 2854 621 2894 illustrium
651 2854 700 2892 de
729 2865 807 2903 quo
839 2853 928 2892 vide
966 2855 1033 2893 Ze-

65 2928 163 2955 num
194 2919 231 2954 in
262 2918 430 2956 Dissert.
474 2917 585 2955 Voss.
616 2920 647 2953 t.
674 2917 706 2953 1.
753 2927 789 2964 p.
831 2915 896 2952 26.
936 2916 1031 2953 obiit

65 2976 140 3014 An.
171 2978 287 3016 1390.
319 2977 382 3016 die
413 2978 461 3015 ΙΙ.
491 2977 590 3025 Aug.
625 2981 666 3014 ut
697 2980 857 3013 notatur
888 2976 923 3012 in
949 2977 1030 3025 epi-

64 3041 288 3085 grammate
317 3039 404 3075 eius
429 3036 671 3086 sepulchrali
704 3036 838 3073 Patavi
887 3038 1027 3085 posito.

65 3095 152 3134 Vid.
182 3096 273 3136 ibid.
303 3096 400 3136 Vide
430 3107 549 3146 supra
575 3097 746 3134 FRANC.
779 3095 1012 3134 Petrarcha.

118 3157 280 3196 SERLO
307 3156 658 3202 Duroverniensis‚
699 3156 792 3195 Ord.
825 3157 864 3194 S.
903 3159 1026 3195 Bene-

63 3217 156 3258 dicti
189 3218 408 3258 monachus
429 3219 709 3264 Doroverniae‚
745 3219 767 3255 i.
795 3228 828 3254 e.
851 3217 1023 3257 Cantua-

66 3279 146 3318 riae
175 3280 213 3317 in
242 3279 431 3319 coenobio
458 3279 497 3317 S.
519 3278 748 3328 Augustini,
768 3283 904 3327 postea
933 3280 1021 3329 Epi-

1140 481 1444 528 Homeliarium,
1468 486 1514 524 de
1534 488 1786 538 proverbiis,
1808 497 1947 531 contra
1971 493 2096 534 malos

1136 544 1360 583 Monachos.
1392 548 1590 587 Lelandus
1613 561 1648 589 c.
1678 552 1768 592 221.
1801 554 1970 594 Balaeus
1994 555 2096 595 Cen-

1139 608 1204 642 tur
1229 606 1274 642 ll.
1302 607 1365 644 31.
1391 609 1546 646 Pitseus
1576 621 1611 648 c.
1639 613 1728 651 143.

1187 666 1374 714 SERLO,
1405 669 1537 710 Abbas
1568 672 1617 710 de
1646 672 1905 726 Eleemosyna
1934 677 1971 715 in
2003 679 2096 717 Bra-

1131 726 1289 774 hanua,
1319 740 1339 766 a
1371 730 1461 768 Car.
1490 731 1545 771 du
1575 734 1776 773 Fresnein
1797 736 1930 775 Indice
1948 737 2095 777 inora-

1131 788 1273 826 tionem
1303 790 1547 830 Dominicam
1576 800 1873 836 commentatus
1902 809 1993 837 esse
2035 799 2093 838 di-

1128 849 1248 886 citur.
1283 850 1378 889 Vide
1409 853 1626 892 Auctorem
1658 862 1906 906 sequentem.

1182 909 1354 949 SERLO
1388 913 1619 964 Fontanus,
1650 918 1737 954 sive
1768 917 2089 968 Grammaticus,

1124 969 1299 1021 Anglus,
1330 984 1379 1012 ex
1399 974 1598 1015 Canonico
1615 977 1854 1017 Eboracensi
1872 982 2090 1021 monachus

1122 1035 1162 1069 et
1191 1032 1324 1071 Abbas
1353 1035 1581 1084 Fontanus,
1612 1043 1750 1087 postea
1774 1040 2085 1081 Kirchostallen-

1121 1094 1208 1138 sis,
1241 1095 1386 1134 claruit
1415 1108 1451 1134 a.
1484 1099 1604 1137 1160.
1651 1099 1850 1140 Habemus
1893 1102 1982 1151 eJ'us
2024 1103 2089 1142 de·

1121 1154 1376 1205 scriptionem
1409 1156 1502 1196 belli
1530 1159 1634 1198 inter
1663 1162 1807 1211 Reqem
1850 1163 2004 1202 Scotiae
2052 1169 2089 1203 et

1122 1215 1297 1254 Barones
1327 1218 1493 1268 Anyliae
1523 1231 1558 1258 a.
1589 1222 1705 1260 4135.
1737 1225 1870 1273 gesti,
1901 1227 1940 1262 in
1983 1226 2087 1264 Scri-

1122 1277 1301 1326 ptoribus
1330 1279 1506 1329 Anglicis
1537 1282 1697 1320 Seldeni
1726 1288 1767 1322 et
1795 1285 2014 1334 Twysdeni
2045 1297 2081 1336 p.

1122 1337 1211 1375 334.
1236 1339 1406 1388 Scripsit
1438 1346 1642 1389 praeterea
1671 1342 1718 1381 de
1754 1349 1878 1383 morte
1922 1347 2085 1385 Sumer-

1123 1396 1225 1445 ledi,
1257 1399 1298 1436 in
1325 1400 1544 1439 orationem
1575 1403 1843 1453 Dominicam,
1874 1405 1921 1444 de
1949 1406 2084 1445 dictio—

1122 1457 1240 1497 nibus
1272 1459 1529 1510 dissyllabis,
1559 1463 1786 1512 aequivocis
1815 1469 1852 1502 et
1890 1466 2085 1506 univocis.

1117 1520 1286 1558 Balaeus
1315 1521 1480 1559 Centur.
1512 1523 1557 1560 11.
1589 1524 1654 1561 91.
1690 1525 1890 1564 Lelandus
1918 1539 1953 1565 c.
1991 1528 2082 1567 221.

1116 1579 1232 1618 Plura
1264 1580 1354 1619 vide
1383 1592 1504 1632 supra
1534 1584 1712 1621 tom.1V.
1739 1596 1776 1634 p.
1805 1586 1893 1624 426.
1927 1587 1989 1625 ubi
2014 1589 2082 1626 lin.

1116 1641 1187 1678 ult.
1214 1642 1298 1680 loco
1328 1654 1365 1692 p.
1395 1644 1485 1681 230.
1518 1655 1618 1694 pone
1648 1645 1739 1683 290.
1771 1647 1864 1684 item
1881 1647 1985 1698 apud
2006 1649 2086 1688 Ou-

1115 1701 1256 1740 dinum
1287 1707 1395 1741 tomo
1427 1705 1472 1742 11.
1520 1716 1557 1753 p.
1609 1705 1726 1745 1425.
1771 1708 2082 1748 Confunduntur

1115 1762 1178 1800 hic
1206 1762 1290 1800 duo
1322 1764 1536 1813 Serlones,
1567 1778 1669 1816 quos
1698 1779 1770 1817 ego
1807 1780 1914 1807 nunc
1960 1772 2084 1808 extri-

1115 1834 1206 1862 care
1237 1835 1315 1861 non
1347 1835 1526 1874 possum.

1168 1885 1206 1923 S.
1230 1884 1418 1936 SERLO,
1449 1888 1610 1926 natione
1642 1889 1811 1937 Scotus,
1857 1892 2078 1932 monachus

1113 1944 1389 1984 Mazlrosensis
1410 1974 1420 1990 ,
1449 1951 1490 1985 et
1519 1950 1653 1987 socius
1677 1949 1818 1988 Adami
1835 1951 2079 2000 Cathenesii,

1112 2017 1204 2044 cum
1234 2018 1315 2056 quo
1348 2018 1382 2045 a.
1414 2008 1534 2047 1255.
1552 2010 1790 2050 combustus
1811 2011 1894 2050 fuit.
1911 2013 2079 2063 Scripsit

1118 2067 1244 2104 Vitam
1259 2067 1406 2106 Adami
1419 2070 1595 2120 Magistri
1616 2072 1674 2109 sui
1693 2072 1916 2111 secundum
1933 2074 2082 2124 Demp-

1110 2133 1262 2167 sterum
1288 2128 1390 2168 Hist.
1422 2129 1577 2170 Scotiae
1608 2133 1729 2172 XVII.
1761 2144 1798 2171 n.
1832 2134 1947 2173 4035.
1987 2135 2077 2173 Hal-

1112 2188 1348 2228 lervordius.

1164 2249 1330 2288 SERLO
1360 2250 1682 2298 Parisiacensz's,
1705 2255 1838 2292 nescio
1855 2256 1963 2302 quis,
1980 2258 2076 2294 scri-

1111 2310 1192 2359 psit
1222 2308 1428 2360 rhythmos
1457 2311 1504 2349 (le
1529 2311 1624 2362 siliis
1647 2311 1984 2363 prebyterorum‚
2006 2318 2075 2365 qui

1114 2371 1332 2420 incipiunt:
1366 2373 1452 2410 Rex
1483 2371 1739 2420 immortalis,
1757 2373 1829 2423 qui
1847 2372 1957 2423 lonyo
1982 2378 2076 2413 tem-

1105 2441 1204 2480 pore
1236 2429 1340 2470 tulis.
1375 2433 1435 2471 Ex
1469 2432 1629 2471 Lelandi
1659 2433 1920 2472 Collectaneis
1941 2434 2075 2473 Baiae-

1112 2502 1158 2529 us
1188 2492 1351 2531 Centur.
1382 2494 1432 2531 X.
1463 2493 1526 2531 44.
1556 2495 1702 2531 Versus
1725 2493 1773 2531 ad
1797 2492 1976 2531 Odonem
2001 2496 2073 2532 Ba-

1106 2550 1311 2599 jocensem
1344 2554 1616 2602 Episcopum,
1647 2553 1694 2591 de
1731 2557 1848 2602 capta
1886 2553 2071 2602 Bajocen-

1109 2611 1211 2648 sium
1242 2611 1429 2660 civitate,
1463 2616 1500 2650 et
1528 2613 1722 2651 invectiva
1765 2613 1805 2650 in
1849 2613 2070 2652 Gilbertum

1108 2671 1302 2709 Abbatem
1334 2671 1484 2710 Cadoni
1509 2701 1516 2719 ,
1538 2674 1643 2712 MSS.
1675 2678 1772 2711 sunt
1794 2674 1831 2711 in
1857 2674 1952 2711 Bibl.
1979 2675 2070 2713 Cot-

1109 2732 1280 2770 toniana.
1313 2732 1409 2770 Vide
1440 2734 1670 2784 catalogum
1701 2733 1875 2773 Thomae
1919 2735 2063 2773 Smithi

1107 2803 1195 2842 pag.
1225 2793 1289 2831 82.

1159 2854 1320 2892 SERLO
1350 2856 1584 2904 Presbyter,
1616 2857 1796 2906 Anglus‚
1828 2858 1970 2896 illustri
2001 2871 2068 2909 ge-

1107 2925 1201 2952 nere
1226 2920 1370 2963 ntitus,
1391 2917 1530 2965 Syredi
1553 2922 1593 2955 et
1618 2917 1819 2956 Leossedae
1837 2918 1966 2964 lilius,
1992 2921 2067 2968 pri-

1104 2986 1215 3013 mum
1246 2977 1430 3016 Decanus
1456 2978 1768 3016 Sarishuriensis
1786 3007 1794 3025 ,
1814 2978 1905 3016 dein
1931 2979 2064 3018 Abbas

1105 3035 1371 3083 Corinicnsis,
1398 3039 1434 3076 h.
1457 3050 1491 3075 e.
1513 3040 1795 3077 Exccstrensis
1820 3042 2062 3078 monasterii.

1103 3097 1215 3134 Varia
1245 3100 1455 3147 scripsisse
1484 3098 1654 3145 dicitur,
1684 3099 1753 3137 sed
1786 3110 1834 3138 ne
1852 3100 1954 3137 tituli
1975 3102 2061 3149 qui-

1101 3156 1190 3194 dem
1234 3163 1427 3206 prostant.
1463 3160 1660 3198 Lelandus
1689 3171 1723 3198 c.
1754 3160 1845 3198 221.
1889 3161 2058 3200 Balaeus

1100 3218 1212 3257 Cent.
1239 3219 1289 3255 X.
1320 3218 1381 3256 44.
1412 3221 1567 3257 l‘itseus
1597 3222 1694 3270 App.
1726 3222 1879 3261 Centur
1913 3221 1975 3259 lv.
1992 3222 2054 3262 31.

1151 3278 1334 3323 SERLO,
1367 3280 1498 3318 Abbas
1528 3286 1696 3330 quartus
1735 3281 2057 3330 Saviqniacensis

1680 3361 1757 3398 209
