2533 4009
454 243 506 282 70
1006 245 1012 246 ’
1215 248 1672 292 MERYLINCII

455 315 521 353 bet
549 317 719 354 Merulae
755 316 995 366 praefatione
1034 317 1082 355 ad
1122 320 1272 358 Ducem
1310 322 1405 360 Lud.

454 378 612 415 Mariam
631 378 835 416 Ssorziam.
853 376 1004 415 Bellum
1014 377 1234 419 Scorlren'se
1249 382 1297 421 de
1318 385 1409 422 Sco-

454 438 522 477 dra
553 442 574 477 a
599 441 736 479 Turcis
761 439 923 477 obsessa
950 445 990 478 et
1015 452 1036 479 a
1063 442 1225 481 Venetis
1255 445 1408 483 fortiter

454 500 691 539 defensitata
715 511 851 538 mense
874 501 971 553 Majo
993 502 1097 541 Anni
1122 504 1236 544 4474.
1262 506 1408 545 Prodiit

454 561 630 599 Venetiis
656 564 692 598 in
723 560 759 598 4.
790 562 965 601 dicatum
995 566 1138 604 Jacobo
1167 568 1338 606 Merulae
1366 573 1406 607 et

454 625 662 661 Franeisco
692 623 943 663 Gambarino.
973 627 1104 666 Voluit
1133 631 1251 675 etiarn
1288 631 1406 669 edere

453 685 623 722 Allatius
670 685 766 724 libro
808 684 1035 738 συμμίκτων
1072 695 1243 741 quarto,
1286 704 1404 742 quem

451 757 543 783 cum
565 746 651 784 aliis
669 753 823 798 septem
846 750 975 789 adbuc
997 751 1285 791 desideramus.
1306 756 1408 793 Con-

452 812 510 844 tra
536 808 761 848 Cornelium
790 812 989 851 Vitellium
1015 815 1187 852 Merulae
1213 815 1409 854 obtrecta—

453 874 579 907 torem
631 870 796 920 legenda
847 875 951 913 Pauli
999 875 1290 924 Romulejensis
1340 888 1408 926 pro

457 932 624 981 Georgio
650 933 825 984 apologia
854 935 994 973 Venet.
1025 938 1136 974 4582.
1163 938 1196 974 4.

503 992 523 1014 *⁵
544 994 681 1032 Totam
708 996 812 1034 illam
831 997 955 1035 Vossii
984 999 1320 1036 narratiunculam
1361 999 1410 1037 (le

451 1054 614 1093 I‘liilelfo
639 1057 736 1095 adeo
766 1059 907 1096 acerbe
940 1060 1131 1097 ferentem
1167 1061 1408 1098 invectivam

451 1118 488 1154 in
521 1129 563 1156 se
594 1121 784 1169 scriptam
815 1131 835 1157 a
865 1121 1013 1158 Merula
1047 1126 1089 1159 ut
1118 1132 1167 1159 ex
1195 1123 1316 1160 animi
1347 1134 1411 1161 ae-

450 1180 649 1229 gritudine
680 1185 886 1218 contracto
917 1182 1052 1220 morbo
1073 1184 1194 1221 vitam
1219 1185 1318 1223 infra
1343 1186 1411 1222 tri-

451 1239 573 1278 duum
593 1241 826 1290 absolverit,
846 1248 1049 1293 tamquam
1075 1245 1227 1284 futilem
1248 1251 1287 1284 et
1306 1246 1410 1286 nullo

450 1302 628 1340 innixam
677 1303 938 1342 fundamento
975 1308 1087 1344 reicit
1118 1308 1352 1347 Niceronius
1382 1312 1410 1346 t.

450 1363 486 1401 7.
517 1364 627 1402 Illam
659 1369 792 1403 tamen
824 1368 970 1405 asserit
994 1368 1205 1408 Cornelius
1228 1370 1411 1409 Vitellius

451 1427 488 1463 in
521 1426 652 1465 libello
681 1433 819 1467 contra
850 1429 1064 1480 Georgium
1095 1432 1312 1479 Merulam,
1343 1443 1412 1470 cu-

451 1488 513 1526 ius
538 1489 822 1538 praelationem
845 1491 891 1528 ad
918 1493 1167 1531 Hermolaum
1194 1494 1411 1532 Barbarum

451 1551 639 1600 scripsit,
671 1552 766 1590 haec
792 1555 826 1591 in
849 1565 893 1592 ea
921 1565 1111 1593 narrans:
1138 1555 1211 1606 qui
1228 1554 1416 1607 discipuli

451 1612 631 1663 (Georgii)
672 1614 955 1664 inqratitucle'ne
985 1621 1226 1664 commotus,
1256 1621 1301 1655 ut
1330 1630 1412 1668 pur

451 1679 541 1712 crat
559 1677 833 1725 octoqenarius
854 1689 1005 1727 senem,
1033 1682 1138 1716 tanto
1169 1678 1303 1717 dolore
1326 1691 1415 1718 con-

447 1735 624 1786 flictatus
669 1741 727 1775 est
752 1743 797 1776 ut
829 1739 960 1777 triduo
995 1741 1118 1780 vitam
1148 1740 1416 1780 eoelzalaveric.

451 1799 623 1837 Merulae
648 1800 903 1851 antiquitates
927 1803 1199 1841 vicecomitum
1225 1802 1414 1842 Mediola-

451 1861 631 1899 uensz‘um
655 1863 830 1901 nondum
865 1865 1042 1914 integrae
1065 1865 1310 1914 prodierunt,
1341 1876 1417 1914 quo

451 1926 630 1972 tempore
676 1925 878 1963 Fabricius
922 1926 1148 1973 scribebat,
1179 1938 1270 1965 cum
1315 1928 1419 1977 prior

452 1988 610 2023 tantum
642 1985 761 2024 decas
787 1987 915 2025 lucem
942 1990 1145 2038 aspexerit
1165 2001 1172 2037 ;
1196 1989 1418 2028 secundam

453 2057 570 2084 nemo
595 2046 805 2098 bucusque
830 2049 1050 2089 detexerat.
1078 2051 1226 2090 Prodiit
1252 2051 1416 2090 tandem

462 2108 500 2145 in
531 2113 610 2146 tom
655 2108 780 2149 XXV.
824 2112 911 2149 Rer.
951 2113 1022 2151 Ital
1062 2125 1190 2163 nuper
1213 2125 1277 2152 an.
1303 2113 1418 2153 4754.

454 2182 629 2220 excuso,
661 2184 893 2223 quanquam
926 2186 1001 2212 non
1034 2176 1187 2226 integra
1219 2187 1312 2215 cum
1348 2177 1420 2214 im—

455 2235 675 2284 perfectum
707 2247 807 2286 opus
838 2241 976 2275 auctor
1005 2238 1223 2287 reliquerit.
1257 2240 1417 2277 Librum

455 2300 644 2344 quartum
676 2302 715 2334 et
741 2308 805 2335 an.
837 2298 953 2336 4243.
985 2310 1062 2336 11011
1095 2304 1269 2350 superat.
1301 2300 1322 2322 ³¹⁶

509 2359 641 2397 Liceat
669 2359 730 2396 his
757 2358 927 2398 Paulum
952 2362 1195 2400 MERULAM
1221 2362 1412 2400 Gvilelmi

455 2421 662 2459 Secretarii
689 2422 927 2460 Dordraceni
955 2425 992 2460 F.
1021 2423 1239 2473 adjungere
1265 2453 1273 2471 ,
1317 2424 1410 2462 licet

451 2481 649 2531 juniorem
675 2497 682 2521 :
713 2484 845 2522 saltim
869 2489 911 2523 ut
937 2487 958 2523 a
983 2487 1180 2536 prioribus
1206 2490 1318 2525 tanto
1357 2499 1416 2525 re-

453 2546 558 2584 ctius
583 2545 867 2596 distinguatur.
899 2548 1006 2585 Inter
1027 2549 1215 2586 Doctores
1236 2549 1416 2598 publicos

456 2607 661 2646 Leidensis
682 2608 918 2647 Academiae
943 2611 1044 2647 lusti
1072 2611 1188 2660 Lipsii
1208 2621 1418 2649 successor

458 2670 631 2718 inclytus
654 2699 661 2717 ,
692 2670 797 2708 diem
821 2672 917 2710 obiit
942 2672 1161 2719 Rostocliii,
1197 2684 1274 2722 quo
1309 2674 1420 2712 vale·

460 2731 609 2769 tudinis
623 2743 743 2771 causa
760 2744 802 2771 se
818 2734 1062 2782 contulerat,
1084 2735 1158 2773 Λ11.
1184 2735 1297 2774 4607.
1323 2747 1419 2773 11011-

459 2792 554 2830 (111111
581 2795 962 2843 quinquagenarius.
989 2796 1038 2834 de
1061 2808 1138 2845 quo
1163 2802 1320 2847 praeter
1359 2800 1422 2836 Bi-

462 2854 511 2891 bl.
539 2855 716 2905 Belgicae
742 2858 956 2905 scriptores
983 2858 1181 2896 Valerium
1207 2858 1421 2906 Andream,

462 2919 787 2967 Sweertiumque
809 2923 849 2956 et
873 2920 1092 2957 Meursium
1117 2919 1264 2958 Athen.
1306 2922 1418 2970 Belg.

461 2991 547 3031 pag.
581 2981 668 3018 459.
699 2991 782 3030 seq.
806 2980 864 3018 Jo.
893 2981 1189 3020 llircbmannus
1231 2983 1423 3020 Oratione

461 3041 509 3079 (le
540 3044 621 3080 vita
646 3043 812 3081 etobitu
857 3043 964 3082 Pauli
1003 3043 1197 3091 Merulae,
1225 3044 1414 3081 I’iostocli.

467 3105 581 3142 4607.
607 3106 640 3143 4.
666 3110 706 3143 et
732 3105 852 3155 Lugd.
878 3108 960 3144 But.
983 3106 1084 3144 4672
1112 3108 1172 3147 42.
1197 3108 1233 3144 111
1252 3107 1425 3144 Ilennin-

465 3169 499 3215 gi
536 3169 713 3205 Wittenii
742 3171 944 3207 memoriis
974 3169 1242 3220 Philosophor.
1270 3173 1350 3206 tom
1387 3168 1423 3206 2.

468 3239 555 3278 pag.
585 3230 619 3266 8.
645 3230 816 3268 Thomas
842 3232 1011 3270 Cronius
1050 3235 1145 3269 tom.
1184 3232 1207 3269 2
1249 3229 1428 3269 animad-

469 3300 576 3327 vers.
605 3302 689 3339 pag.
717 3293 799 3329 110.
819 3304 902 3342 seq.
929 3292 1426 3344 AdolpliusClarmundus

473 3357 567 3390 torn.
596 3352 673 3389 Vll.
693 3354 866 3392 vitarum
889 3366 974 3406 pag.
993 3356 1056 3394 94.
1071 3358 1224 3395 Ilieron.
1244 3355 1428 3394 (ibilinus

1485 328 1579 362 tom.
1602 324 1626 363 2
1652 324 1796 362 theatri
1821 327 1881 364 sui
1898 338 1934 378 p.
1960 329 2052 367 209.
2078 333 2118 367 et
2145 328 2368 370 Niceronus'
2393 333 2430 370 in

1485 387 1619 424 limine
1646 387 1739 424 tomi
1765 388 1904 426 XXVI.
1931 393 2209 430 memoriarum
2232 391 2280 430 de
2304 393 2436 432 erudi-

1484 453 1553 487 tor.
1583 449 1688 494 vitis⁷
1716 450 1775 487 Ex
1801 451 1960 500 scriptis
1976 451 2063 501 ejus
2089 455 2214 503 primo
2236 454 2318 492 Ioco
2336 455 2437 493 refe-

1481 521 1563 548 ram
1597 512 1861 549 narrationem
1885 523 2016 552 rerum
2032 515 2227 554 adversus
2243 514 2435 566 Anyelum

1481 573 1721 611 MERULAM
1744 574 1891 624 tragice
1915 579 2117 625 gestarum
2139 578 2188 616 ab
2223 579 2436 628 Inquisito-

1481 635 1590 673 ribus
1614 664 1622 683 ,
1653 645 1822 684 quorum
1839 638 2038 674 sententia
2061 639 2257 678 Montibus
2274 643 2433 690 propter

1480 697 1734 746 Religionem.
1760 697 1832 735 An.
1867 696 1980 736 4557.
2002 697 2074 736 27.
2108 700 2184 738 Jul.
2217 702 2337 740 vivus
2374 706 2437 739 est

1481 758 1716 796 combustus
1740 759 1862 810 Lugd.
1888 761 1972 798 Bat.
1998 759 2112 798 4604.
2132 763 2164 797 4,
2183 763 2283 801 Τ11111
2306 763 2436 801 Histo-

1483 821 1580 856 riam
1607 820 1925 860 Ecclesiasticam
1952 833 1997 860 ac
2015 822 2215 860 Politicam
2235 825 2348 864 4200.
2366 836 2436 862 an-

1484 893 1623 920 norum
1648 913 1656 929 ,
1681 894 1801 932 quam
1836 883 2051 922 Guilelmus
2078 884 2282 923 MERULA
2329 887 2436 925 Pauli

1484 944 1523 980 F.
1547 943 1692 981 additis
1708 946 1824 982 annis
1841 944 2204 995 quadringentisad
2221 945 2294 985 An.
2319 949 2388 986 464
2401 949 2436 986 4.

1485 1005 1681 1055 perduxit.
1709 1006 1829 1055 Lugd.
1854 1007 2061 1046 11014645,
2081 1007 2143 1045 sol.
2165 1007 2436 1048 Caeterasunt

1487 1067 1777 1106 W1LLERAMI
1804 1068 1924 1106 editio
1950 1068 2071 1119 Lugd.
2093 1071 2176 1108 Bat.
2199 1071 2314 1109 4598.
2331 1072 2366 1108 8.
2388 1071 2437 1110 de

1485 1121 1680 1169 quoinfra
1717 1132 1789 1159 suo
1828 1122 1936 1169 loco,
1976 1123 2197 1172 fragmenta
2226 1121 2441 1162 Annalium

1487 1182 1609 1221 Ennii
1630 1194 1720 1221 cum
1752 1184 1857 1221 notis
1878 1215 1889 1233 ‚
1917 1183 1995 1222 ibid
2021 1185 2139 1223 4595.
2162 1185 2197 1223 4.
2222 1185 2442 1236 Eutropius

1486 1256 1577 1284 cum
1599 1244 1720 1283 Paulo
1736 1245 1919 1284 Diacouo.
1940 1246 2061 1297 Lugd.
2085 1248 2157 1285 Bat
2176 1247 2291 1286 4592.
2314 1248 2350 1285 8.
2367 1249 2444 1286 Lu-

1485 1308 1548 1359 gd.
1574 1310 1646 1346 Bat
1673 1308 1789 1347 4594.
1815 1309 1849 1345 8.
1882 1309 1969 1346 Vita
1993 1309 2163 1347 Erasmi.
2188 1313 2229 1347 et
2252 1308 2338 1347 libri
2363 1309 2442 1347 duo

1487 1370 1771 1421 Epistolarum.
1797 1369 1915 1409 4607.
1942 1371 1978 1408 4.
1999 1371 2089 1410 Vita
2131 1371 2330 1409 Francisci
2373 1371 2444 1409 Ju-

1489 1434 1540 1470 nii
1568 1432 1684 1471 4595.
1709 1431 1733 1470 4
1756 1437 1924 1482 utraque
1949 1432 2000 1470 ab
2026 1433 2114 1483 ipso
2138 1433 2312 1471 Erasmo
2350 1443 2445 1470 con-

1488 1497 1641 1545 signata
1667 1498 1707 1533 et
1730 1496 1860 1532 Junio.
1888 1494 2004 1532 Urbis
2027 1495 2174 1533 Romae
2216 1495 2443 1546 descriptio.

1489 1559 1603 1597 4599.
1630 1556 1938 1607 Cosmographia
1963 1557 2159 1606 generalis
2184 1556 2296 1595 llbris
2316 1557 2382 1594 ΙΙΙ.
2402 1561 2444 1595 et

1488 1618 1733 1669 Geograpbia
1762 1619 1944 1667 Europae
1970 1619 2008 1655 in
2045 1615 2215 1668 genere,
2257 1622 2342 1657 tum
2383 1619 2448 1656 Hi-

1489 1683 1656 1733 spania,
1681 1682 1829 1727 Gallia,
1856 1681 1966 1718 ltalia
1987 1680 2097 1718 libris
2116 1679 2308 1718 lV.Amst
2327 1680 2443 1718 4605.

1493 1746 1525 1782 4.
1554 1744 1649 1783 4624
1683 1743 1799 1782 4636.
1823 1742 1999 1780 Diatriba
2020 1741 2068 1780 de
2095 1746 2202 1780 statu
2224 1742 2333 1792 Reip.
2375 1743 2448 1780 Ba-

1493 1805 1836 1854 tavicae,edente
1861 1804 1994 1842 Joach.
2038 1805 2192 1842 Morsio.
2235 1803 2357 1856 Lugd.
2405 1805 2446 1842 B.
2519 1817 2523 1820 ·

1494 1870 1611 1908 4648.
1638 1869 1671 1906 4.
1698 1868 1961 1918 Cynegetica,
2004 1866 2188 1917 Belgica:
2228 1870 2269 1904 et
2310 1867 2446 1916 praxis

1493 1931 1631 1970 Civilis
1657 1930 1798 1969 Curiae
1825 1928 2079 1979 provincialis
2112 1927 2217 1978 apud
2253 1930 2448 1976 Batavos,

1494 1992 1629 2031 itidem
1656 1992 1832 2042 Belgice.
1859 1991 1977 2031 4592.
2002 1990 2038 2030 4.
2064 1992 2120 2029 De
2157 1991 2322 2029 historia
2361 1990 2450 2039 ejus

1494 2055 1649 2105 Belgica
1679 2054 1769 2092 vide
1794 2053 1932 2092 Baudii
1957 2053 2156 2104 Epistolas
2181 2065 2216 2104 p.
2243 2052 2333 2091 250.
2358 2052 2450 2091 254.

1494 2117 1730 2155 Dissertatio
1749 2116 1797 2154 de
1822 2127 1969 2154 oceano
1995 2120 2034 2154 et
2075 2115 2281 2164 maribus,
2322 2114 2446 2165 Lugd.

1493 2183 1578 2219 Bat.
1605 2179 1719 2218 4633.
1747 2180 1782 2216 8.
1809 2178 1938 2228 Opera
1977 2177 2052 2216 alia
2095 2181 2280 2228 postuma
2325 2176 2449 2227 Lugd.

1493 2244 1576 2281 Bat.
1605 2242 1719 2281 4684.
1747 2241 1781 2278 4.
1807 2239 1856 2278 (10
1880 2239 2027 2289 quibus
2051 2243 2137 2278 acta
2172 2238 2294 2278 Erud.
2333 2240 2448 2279 4685.

1494 2315 1530 2353 p·
1545 2302 1717 2401 ῗοῗηηρε
1738 2359 2047 2409 MERYLINCH,
2067 2359 2285 2398 Monachus
2296 2357 2450 2409 Anglus

1491 2425 1791 2465 Glastoniensis
1815 2453 1823 2471 ,
1843 2421 1960 2472 cujus
1986 2422 2209 2460 Historiam
2245 2432 2380 2460 rerum
2411 2422 2448 2459 in

1491 2487 1631 2538 Anglia
1654 2487 1858 2538 speciatim
1883 2490 1923 2539 et
1944 2485 2127 2523 Hibernia
2149 2488 2352 2533 gestarum
2374 2485 2452 2534 pri-

1493 2552 1568 2589 mis
1594 2562 1738 2588 novem
1765 2549 1881 2587 annis
1902 2547 2098 2586 Johannis
2123 2546 2250 2585 XXII.
2288 2545 2450 2584 Pontifi-

1492 2615 1550 2651 cis
1573 2612 1632 2662 (A.
1658 2613 1701 2650 C.
1730 2612 1844 2650 4346.
1871 2610 1919 2649 ad
1963 2609 2092 2657 4325.)
2118 2608 2236 2647 edere
2275 2609 2450 2647 instituit

1496 2676 1625 2726 paullo
1646 2679 1739 2713 ante
1759 2674 1919 2712 obitum
1953 2683 2074 2711 suum
2120 2671 2194 2709 hoc
2231 2671 2454 2731 ipso-,anno

1497 2738 1611 2776 4735.
1639 2738 1705 2774 Vir
1727 2736 2017 2774 meritissimus
2040 2732 2089 2771 de
2115 2733 2231 2770 bonis
2253 2733 2379 2770 literis
2415 2737 2456 2771 et

1497 2798 1545 2836 (10
1569 2799 1717 2847 patriae
1742 2808 1838 2835 suae
1865 2796 2028 2833 historia
2050 2795 2223 2833 Thomas
2243 2795 2409 2833 {learns

1550 2859 1834 2898 MESSIANUS
1860 2857 2105 2906 Presbyter,
2127 2868 2217 2895 cum
2256 2856 2456 2907 Cypriano

1499 2922 1708 2960 Tolonensi
1733 2924 1774 2957 et
1798 2919 2001 2969 Stephano
2024 2919 2197 2957 Diacono
2219 2919 2387 2969 scriptor
2400 2917 2458 2957 vi-

1501 2986 1563 3021 tae
1589 2982 1763 3031 Magistri
1787 2983 1846 3019 sui
1873 2980 2061 3019 Caesarii
2095 2978 2340 3018 Arelatensis
2377 2981 2456 3030 (qui

1499 3045 1573 3083 An.
1600 3043 1687 3082 542.
1712 3044 1814 3081 diem
1838 3044 1945 3091 obiit>
1972 3042 2018 3080 ad
2045 3046 2220 3080 sororem
2242 3041 2331 3092 ejus
2362 3042 2458 3081 Cae-

1500 3109 1641 3144 sariani
1657 3107 1923 3143 Abbatissarn.
1936 3104 2192 3155 Exstatapud
2204 3103 2456 3142 Vincentium

1502 3167 2036 3218 8011011111111011101101ος10
2084 3166 2292 3204 Lerinensi
2333 3165 2456 3216 Lugd.
2514 3183 2518 3185 “

1502 3233 1585 3269 Bat.
1610 3231 1727 3269 4643.
1749 3229 1785 3268 4.
1815 3234 1855 3268 ot
1883 3229 2151 3268 Mabillonium
2174 3231 2270 3266 tom.
2308 3229 2322 3266 4
2369 3226 2455 3266 Act.
2520 3227 2522 3230 '

1505 3295 1682 3331 Sanctor.
1715 3292 1808 3331 Ord.
1852 3291 1997 3330 Bened.
2032 3301 2118 3340 pag.
2167 3288 2257 3326 669.
2300 3291 2456 3328 Partem

1507 3355 1685 3393 ediderat
1706 3355 1846 3393 Surius
1876 3353 1923 3391 ad
1947 3352 2010 3392 27.
2033 3352 2201 3402 August.
2224 3350 2318 3391 Vide
2338 3362 2458 3402 supra
