2566 4009
852 239 1246 280 MARBODUS
2008 240 2055 278 17

77 319 224 358 Galliae
248 328 375 367 usque
397 315 444 356 ad
470 314 514 354 Α.
539 314 656 354 4423.
686 326 763 366 quo
806 312 1021 353 Monachus

76 381 124 420 ad
150 381 190 420 S.
212 379 401 419 Albinum
424 377 502 418 Ord
530 377 676 416 Bencd.
698 377 903 428 Andcgavi
928 376 1023 414 obiit

75 447 193 482 aetat.
218 442 280 481 88.
305 442 425 481 Multa
451 441 613 490 scripsit
650 451 768 478 verso
804 444 844 476 et
878 449 1020 488 prosa,

76 517 245 557 quorum
271 504 459 543 nonnulla
479 532 486 550 ‚
512 514 582 541 sex
600 503 799 553 Epistulae
821 502 1022 548 nimirum,

76 567 174 607 liber
193 567 241 607 de
261 567 450 618 gemmis,
478 566 668 616 variaque
685 563 1022 614 Carmina,jussu

74 629 235 678 lvonis,
259 628 504 668 Redonensis
542 628 722 679 Episcopi
753 627 916 677 vulgata
952 627 1025 665 Re-

75 690 214 730 donis:
240 692 358 731 4524.
383 690 451 729 sed
477 691 589 741 plura
614 694 781 728 curante
822 690 1024 739 praeclaro

71 754 164 792 Viro
201 756 246 794 D.
269 754 439 792 Antonio
460 751 718 803 Beaugendre
735 783 746 800 ,
789 752 1025 801 Presbytero

74 815 167 856 Ord.
191 815 340 856 Bened.
365 815 469 854 edila
494 814 541 854 ad
562 814 712 854 calcem
733 814 909 866 Operum
941 814 1026 853 llil-

74 878 224 918 deberti
249 879 590 925 Cenomanensis,
611 878 644 925 a)
672 879 780 917 Paris
806 879 932 926 4708,
960 879 1022 917 fol.

73 941 324 990 hoc.ordine,
349 945 390 979 et
426 942 674 991 praemissa,
714 942 818 979 inter
857 942 1023 980 aliorum

72 1005 287 1056 elogiorum
311 1003 512 1042 delectum
531 1034 537 1041 .
562 1003 847 1043 Monachorum
865 1007 903 1043 et
925 1005 1024 1044 Con-

70 1069 209 1105 ventus
233 1066 273 1105 S.
289 1064 426 1104 Albini
445 1065 740 1117 Andeyavensis
766 1066 944 1118 Epistola
961 1079 1024 1105 en-

72 1127 219 1180 cyclica
243 1128 291 1167 de
316 1128 404 1179 ejus
442 1129 550 1168 obitu
570 1158 578 1172 ,
618 1130 654 1167 in
693 1142 770 1180 qua
809 1131 1024 1169 Oratorum

71 1192 172 1239 Rem,
186 1190 415 1230 Gallicanae
431 1190 672 1243 eloquentiae
687 1204 821 1231 arcem
837 1191 1026 1233 obtinuis-

71 1265 112 1293 se
153 1254 348 1301 traditur,
393 1257 513 1303 atque
535 1255 567 1291 si
605 1254 829 1295 ULGERIO
860 1256 947 1306 ejus
986 1259 1023 1296 in

67 1317 236 1357 Scholae
258 1316 487 1367 magisterio
513 1318 735 1354 successori
761 1317 963 1357 credimus
988 1319 1024 1367 h)

71 1379 191 1418 cessit
205 1378 244 1417 ei
258 1379 413 1427 Cicero,
423 1377 659 1417 cessitMaro
667 1379 834 1430 Junctus
846 1381 1027 1419 Homero.

97 1442 135 1490 4)
154 1440 354 1493 Epistolae
374 1440 441 1479 Vl.
465 1452 500 1491 p.
519 1440 636 1480 4387.
657 1453 705 1479 ex
725 1443 872 1492 quibus
892 1443 1029 1494 prima

71 1505 119 1544 ad
144 1504 393 1556 Raynaldum
437 1505 654 1555 Martigne,
693 1504 1026 1555 Andegavensem

70 1568 203 1618 Episc.
226 1569 386 1619 saepius
415 1567 521 1606 edita
545 1568 583 1605 in
615 1568 773 1606 Patrum
818 1568 1030 1607 Bibliothe-

70 1632 154 1677 cis‚
184 1635 228 1670 ut
256 1631 382 1683 Lugd.
402 1635 430 1669 t.
455 1632 563 1670 XXI.
589 1642 625 1681 p.
655 1630 743 1670 457.
773 1635 896 1681 atque
927 1633 1030 1670 inter

67 1692 284 1733 Hildeberti
307 1693 497 1744 Epistolis
514 1692 688 1732 secunda
711 1698 752 1731 et
768 1693 885 1732 tertia
901 1693 948 1732 ad
969 1695 1030 1732 ln-

67 1756 301 1808 gilgerium,
349 1757 435 1795 sive
477 1757 762 1807 lngungerium
807 1758 1026 1796 solitarium

67 1824 108 1858 et
136 1818 402 1858 Sacerdotem.
421 1820 579 1868 Quarta
606 1818 654 1858 ad
680 1820 850 1858 Vitalem
870 1852 877 1869 ,
901 1819 1022 1869 Quin-

67 1885 109 1921 ta
129 1884 377 1934 paraenetica
400 1881 449 1921 ad
473 1882 658 1921 ancillam
684 1881 836 1921 CHristi
864 1883 1020 1933 Ageno-

67 1945 192 1984 ridem
211 1975 219 1993 ,
242 1949 283 1984 et
305 1948 427 1984 sexta
450 1944 498 1983 ad
518 1945 735 1984 Robertum
753 1946 1020 1984 Arbricellen-

69 2018 180 2056 sem,
204 2011 431 2058 oppugnata
455 2019 477 2047 a
502 2008 627 2047 Natali
659 2008 891 2047 Alexandro
930 2009 1018 2047 Sec.

67 2071 135 2109 XI.
160 2075 202 2109 et
220 2071 307 2109 XII.
330 2071 376 2110 V.
400 2072 512 2110 artic.
532 2071 568 2109 2.
594 2075 689 2109 tom.
715 2071 778 2110 VI.
804 2083 890 2122 pag.
927 2071 1018 2110 800.

70 2143 153 2184 seq,
186 2134 301 2172 Hisce
331 2145 378 2172 ex
423 2135 550 2173 veteri
584 2133 807 2172 Redonensi
848 2134 1021 2173 editione

69 2194 308 2235 Αηῐιί4524.
347 2196 538 2235 exhibitis
573 2201 613 2235 et
650 2197 696 2236 ad
729 2199 1021 2248 Manuscriptos

65 2257 233 2296 Codices
255 2260 461 2309 castigatis
490 2264 646 2310 poterat
670 2259 841 2311 septima
866 2260 914 2299 ad
942 2262 1023 2300 Hil—

69 2320 276 2360 debertum
293 2333 344 2360 ex
367 2322 549 2361 Dacherii
576 2327 669 2361 tom.
695 2323 802 2362 Xlll.
827 2324 1021 2374 spicilegii

70 2394 156 2434 pag.
180 2383 272 2423 295.
295 2386 401 2433 (tom.
429 2385 464 2423 3.
489 2384 584 2423 edit.
626 2397 752 2424 novae
790 2397 876 2438 pag.
917 2387 1020 2435 430.)

124 2445 160 2494 2)
193 2445 277 2484 Vita
297 2447 337 2485 S.
357 2446 511 2495 Licinii,
534 2448 717 2497 Episcopi
750 2447 1018 2498 Andegaven—

71 2507 127 2546 sis
156 2519 241 2558 pag.
267 2509 382 2547 4448.
407 2508 511 2547 edita
538 2510 574 2546 in
599 2509 710 2548 Actis
734 2511 973 2550 Sanctorum
991 2516 1018 2549 t.

72 2569 97 2609 2
126 2569 237 2608 Febr.
264 2570 326 2609 43.
353 2581 441 2621 pag.
467 2571 558 2609 682.

126 2632 160 2679 3)
189 2633 245 2671 De
277 2632 363 2671 Vita
391 2633 429 2672 S.
451 2631 615 2672 Roberti
631 2662 639 2680 ,
669 2632 863 2672 Abbbatis
895 2633 1020 2672 Casae

70 2696 155 2735 DEI
179 2695 264 2733 libri
296 2696 341 2733 li.
373 2707 459 2746 pag.
491 2696 608 2735 4433.
639 2707 685 2734 ex
720 2695 860 2734 iisdem
909 2696 1020 2734 Actis

70 2762 165 2796 tom.
195 2759 230 2797 3.
261 2757 382 2808 April.
413 2756 476 2797 24.
507 2769 592 2808 pag.
625 2759 716 2797 347.
746 2762 786 2796 ct
818 2759 854 2796 in
885 2758 1017 2797 Mabil-

70 2816 162 2854 lonii
191 2815 303 2855 Actis
332 2815 602 2855 Benedictinis
634 2818 720 2856 Sec.
748 2818 792 2855 V.
825 2822 936 2868 parte
983 2818 1020 2856 2.

70 2889 156 2929 pag.
189 2879 276 2917 484.

127 2941 173 2989 li)¹
196 2939 281 2979 Vita
296 2941 336 2980 S.
360 2940 619 2992 Μαῃηοὸοιίί,
651 2942 900 2982 Conicssoris
932 2954 1019 2993 pag.

75 3003 188 3043 4490.
212 3015 260 3042 ex
285 3004 480 3042 Manuscr.
510 3004 784 3044 Mabilloniano
802 3037 812 3053 ,
839 3010 879 3042 ct
909 3016 1020 3056 prae-

72 3067 194 3105 missa
223 3077 309 3117 pag.
340 3067 353 3103 4
367 3065 453 3104 463.
484 3064 665 3115 ejusdem
696 3067 927 3118 Magnobodi
961 3070 1020 3105 vi-

72 3133 112 3168 ta
140 3129 285 3179 scripta
315 3133 409 3166 ante
439 3127 647 3166 Maboduin
678 3129 726 3167 ab
756 3130 978 3180 Anonymo.

126 3288 160 3328 a)
182 3291 286 3328 Supra
308 3293 388 3320 tom.
411 3288 430 3319 5
453 3295 530 3327 pag.
552 3287 625 3319 761.
651 3291 730 3320 Acta
754 3288 856 3320 Erud.
883 3289 974 3321 1709.
993 3300 1025 3330 p.

67 3336 137 3369 145.
160 3338 310 3370 oudinus
333 3341 414 3369 tom.
437 3339 468 3370 2,
499 3345 572 3377 pag.
593 3337 666 3368 946.
685 3338 768 3369 Bibl.
789 3340 905 3369 Latina
926 3341 977 3370 iv.
995 3342 1025 3370 2,

127 3387 162 3426 b)
184 3387 294 3419 nulaei
319 3388 387 3418 llis!
412 3389 565 3421 Acadcni.
590 3389 692 3419 Paris.
718 3396 793 3427 pag.
834 3388 907 3419 522.
950 3390 1026 3428 Epi-

1395 312 1553 363 Scripta
1568 311 1764 350 carmina.

1124 375 1158 422 5)
1189 373 1368 412 Historia
1405 373 1602 424 Theophili
1618 372 1868 427 poenitentis,
1886 372 2048 412 Vicedo-

1099 437 1193 474 mini
1225 435 1389 475 Adanac
1421 437 1458 473 in
1491 436 1620 474 Sicilia
1641 468 1649 486 ⁷
1671 447 1770 487 pag,
1790 434 1912 474 ⁴507.
1934 436 2053 484 lncip.

1110 505 1253 544 Quidam
1262 514 1462 546 magnorum
1479 505 1706 538 Vicedomnus
1726 511 1797 538 erat
1812 507 2007 537 meritorum
2027 530 2037 544 ,

1110 556 1312 596 Theophilus
1332 563 1466 592 nomen,
1489 558 1599 587 tenuit
1613 565 1749 596 quoque
1762 557 1909 587 nominis
1924 564 2023 587 omne

1099 616 1159 654 Ex
1177 617 1289 654 Actis
1307 617 1487 654 Sanctor.
1509 621 1603 654 tom.
1624 619 1659 655 4.
1680 617 1791 654 Febr.
1806 615 1842 654 [ι.
1862 626 1948 666 pag.
1966 615 2054 653 487.

1153 679 1189 726 6)
1215 679 1272 717 De
1294 682 1439 730 septem
1462 677 1673 731 fratribus
1702 677 1956 717 Maccabaeis
1972 690 2056 729 pag.

1104 740 1217 780 4547.
1242 752 1291 779 ex
1317 741 1443 779 veteri
1469 740 1563 779 edit.
1593 741 1819 779 Redonensi
1847 741 1919 779 An.
1940 741 2042 780 4524

1101 803 1224 854 lncip.
1237 802 1414 855 Antiqua
1425 802 1538 853 Leqis
1547 803 1620 855 jus
1635 802 1788 842 solvens
1790 803 1922 853 jussio
1931 802 2055 854 Reyis.

1153 865 1190 916 7)
1217 866 1271 905 De
1295 867 1336 905 S.
1363 866 1578 905 Laurentio
1600 898 1609 913 ‚
1636 877 1725 917 pag.
1751 867 1867 904 4549.
1893 877 1954 903 ex.
1990 878 2055 904 ea-

1100 927 1190 966 dem
1216 928 1442 967 Redonensi
1466 958 1473 976 ,
1499 928 1674 966 editione
1699 932 1739 965 et
1780 939 1828 966 cx
1860 929 2055 966 Manuscr.

1099 992 1218 1041 Regio
1244 1002 1283 1028 n.
1314 990 1406 1029 274.
1433 991 1555 1041 lncip.
1589 989 1618 1028 A
1648 990 1762 1028 Decio
1801 988 2060 1040 tentus,9la-

1099 1053 1241 1106 deoque
1267 1051 1426 1105 furente
1444 1055 1662 1105 peremtus.
1677 1052 1876 1103 Scriptam
1893 1054 2055 1092 metrice

1098 1119 1324 1168 passionem
1348 1116 1385 1155 S.
1414 1117 1599 1156 Laurenti
1627 1116 1648 1153 a
1667 1115 1851 1154 Marbodo
1887 1120 2058 1155 testatur

1100 1180 1329 1230 Sigeberius
1353 1191 1438 1231 cap.
1458 1178 1740 1219 &sedidem
1761 1179 1906 1217 Surius
1926 1178 1975 1217 ad
1995 1179 2054 1217 40.

1099 1243 1270 1293 August.

1156 1306 1190 1353 8)
1222 1304 1360 1342 Passio
1380 1304 1418 1343 S.
1446 1303 1608 1343 Victoris
1633 1316 1681 1342 ex
1724 1303 1897 1341 editione
1934 1302 2059 1341 Redo-

1104 1367 1218 1405 nensi
1237 1395 1245 1413 ‚
1271 1365 1341 1404 sed
1385 1367 1576 1416 castigata
1598 1365 1644 1404 ad
1677 1365 1777 1404 duos
1800 1364 1956 1404 codices
1979 1367 2058 1404 Ma-

1103 1430 1297 1480 nuscript.
1322 1440 1409 1479 pag.
1434 1427 1550 1467 4527.
1593 1429 1717 1478 lncip.
1766 1428 1866 1467 Cum
1903 1427 2059 1466 studeat

1104 1494 1278 1530 Daemon
1300 1491 1448 1529 sanctis
1474 1488 1625 1542 inferre
1643 1489 1824 1541 polemon
1845 1487 2057 1541 (πόλεμον.)

1159 1555 1194 1604 9)
1219 1553 1363 1592 Passio
1387 1554 1428 1592 S.
1459 1552 1645 1597 Mauritii
1671 1558 1708 1591 et
1737 1552 1943 1591 Sociorum
1972 1552 2057 1603 ejus

1105 1617 1241 1656 itidem
1264 1628 1313 1655 ex
1337 1616 1562 1654 Redonensi
1585 1614 1757 1653 editione
1794 1615 1899 1653 Anni
1933 1615 2051 1654 4524.

1105 1693 1155 1720 ex
1180 1680 1336 1719 duobus
1351 1680 1547 1718 Manuscr.
1566 1677 1792 1716 emendata.
1811 1679 1932 1728 lncip.
1957 1678 2060 1716 Dum

1104 1742 1283 1783 cohibere
1306 1745 1435 1794 parat
1462 1739 1596 1779 Gallos
1614 1773 1624 1789 ,
1663 1752 1762 1792 quos
1795 1739 2060 1791 conylomera-

1094 1811 1177 1848 rat.
1202 1806 1434 1858 Sigebertus
1449 1816 1534 1855 cap.
1557 1805 1644 1843 458.
1662 1803 1710 1842 dc
1727 1803 1928 1842 Marbodo:
1950 1803 2060 1842 Scri-

1090 1875 1177 1925 pszt
1203 1868 1365 1909 metrice
1382 1867 1612 1920 passionem
1646 1866 1936 1913 Thebaeorum,
1960 1877 2060 1917 qua-

1095 1936 1134 1975 si
1150 1931 1320 1986 pedibus
1340 1930 1490 1971 vadens
1505 1929 1787 1968 insententiam
1802 1929 1833 1966 E
1838 1929 2012 1968 UCHER
2021 1929 2065 1966 II

1096 1994 1368 2049 Luydunensis
1390 1992 1583 2045 Episcopi,
1604 1991 1676 2044 qui
1689 2003 1777 2029 eam
1791 1989 1952 2029 urbana
1964 2002 2059 2043 pro-

1095 2073 1142 2100 sa
1161 2058 1386 2110 scripserat
1405 2054 1460 2094 ad
1478 2054 1649 2095 Silvium
1668 2053 1920 2106 Episcopum.
1941 2053 2053 2092 Adde

1095 2125 1127 2161 si
1154 2123 1282 2172 placet
1319 2130 1421 2171 quae
1447 2117 1495 2156 de
1533 2117 1720 2157 Eucherii
1766 2117 2046 2156 lucubratione

1094 2186 1174 2223 dixi
1201 2194 1321 2233 supra
1347 2187 1442 2220 tom.
1469 2182 1504 2219 2.
1531 2192 1623 2230 pag.
1646 2180 1737 2218 525.
1764 2190 1849 2229 seq.

1152 2246 1213 2291 40)
1241 2245 1326 2283 Vita
1349 2245 1388 2283 S.
1415 2241 1611 2282 Thaisidis
1639 2253 1688 2280 ex
1722 2241 1878 2280 duobus
1922 2242 2058 2279 Manu-

1099 2320 1174 2348 scr.
1202 2320 1292 2359 pag.
1319 2307 1438 2346 4544.
1464 2305 1584 2356 lncip.
1612 2305 1737 2343 Vitam
1755 2303 1963 2356 cujusdam
1975 2315 2058 2341 nlu-

1098 2370 1207 2410 lieris
1229 2369 1406 2409 carmine
1431 2367 1572 2407 dicum.

1150 2434 1212 2482 44)
1244 2433 1382 2471 Passio
1407 2431 1474 2470 SS.
1493 2432 1718 2480 Martyrum
1737 2428 1881 2467 Felicis
1898 2431 1935 2466 et
1952 2427 2055 2466 Ada-

1101 2495 1185 2533 ucti
1211 2507 1297 2546 pag.
1326 2494 1440 2533 4543.
1467 2494 1621 2543 Incipit.

1106 2572 1198 2604 Felix
1220 2571 1284 2604 fide
1309 2596 1317 2609 ,
1343 2571 1419 2602 felix
1441 2575 1518 2602 actu
1539 2596 1548 2608 ‚
1566 2570 1657 2601 Felix
1679 2569 1816 2608 qnidam
1835 2569 1971 2598 nominc

1106 2625 1228 2654 Romae
1253 2626 1350 2653 natus
1373 2625 1405 2651 ct
1425 2622 1574 2651 nutritus
1597 2624 1629 2651 et
1652 2618 1809 2650 Sacerdos
1828 2616 1957 2648 ordine.

1149 2690 1210 2738 42)
1241 2690 1296 2727 Dc
1323 2689 1403 2725 vitu
1443 2689 1485 2725 B.
1508 2685 1722 2727 Mam-ilii.
1746 2685 1930 2734 Episcopi
1971 2684 2050 2722 An-

1093 2751 1334 2801 dcgavensis
1364 2755 1403 2788 ct
1427 2749 1677 2788 Confessoris
1711 2747 1796 2786 libri
1837 2745 1914 2786 duo
1955 2758 2043 2797 pag.

1101 2814 1215 2853 4546.
1243 2813 1351 2851 Prior
1377 2813 1525 2862 incipit.

1122 2883 1219 2922 Quod
1243 2883 1283 2915 de
1307 2883 1469 2915 maurilio
1493 2886 1599 2913 teniat
1624 2889 1696 2912 mea
1718 2880 1827 2913 dicere
1849 2879 1927 2911 clio.

1153 2944 1213 2989 43)
1236 2942 1349 2980 Varia
1378 2943 1592 2987 Carmina,
1621 2950 1757 2990 proces
1779 2944 1817 2976 ct
1844 2938 1992 2988 hymni,
2017 2949 2052 2988 p.

1100 3005 1202 3044 4535
1228 3005 1344 3043 4582.
1367 3005 1402 3041 in
1430 3003 1581 3054 quibus
1606 3003 1737 3052 aliqua
1775 3001 1935 3038 minimo
1965 3011 2056 3038 con-

1101 3066 1328 3105 temnenda.

1150 3132 1163 3168 4
1176 3130 1210 3177 li)
1238 3126 1351 3166 Liber
1370 3126 1477 3165 Ruth
1493 3125 1674 3164 redditus
1691 3125 1866 3162 carmine
1882 3135 1916 3174 p.
1937 3124 2053 3162 4582.

1089 3290 1173 3320 stola
1198 3289 1252 3319 illa
1293 3287 1461 3326 encyclica
1487 3287 1520 3316 in
1547 3283 1695 3315 marbodi
1729 3283 1860 3315 laudem
1883 3288 1913 3314 et
1939 3283 2058 3323 [ilgerii

1091 3345 1226 3370 carmen
1256 3337 1412 3375 leguntur
1436 3336 1537 3366 eiiam
1565 3335 1597 3364 in
1627 3333 1797 3365 Edmundi
1820 3335 1961 3364 Martem*
1980 3337 2058 3364 tom.

1095 3389 1104 3419 l
1132 3387 1328 3419 anecdotor.
1356 3394 1431 3426 pag.
1453 3384 1528 3417 355.
1551 3384 1624 3417 557.

1664 3449 1728 3486 ¹555
