2517 4009
0 3365 2 3444 l

585 310 1053 362 NOTATIO
1108 313 1573 362 NOTKERI

1057 425 1106 455 DE

698 504 1196 545 IL'LUSTRIBUS
1250 505 1454 544 VIRIS

187 607 261 652 Qui
290 617 339 645 ex
371 607 592 646 intentione
623 619 757 647 sacras
787 609 1014 660 Scripturas
1042 611 1322 661 exponebant,
1353 615 1422 649 aut
1451 621 1498 648 ex
1532 611 1737 649 occasione
1767 611 1962 661 quasdam

570 671 792 708 sententias
822 672 986 710 Divinae
1014 673 1262 710 auctoritatis
1291 671 1585 722 explanabunt:

191 738 342 789 scripta
370 738 425 778 ad
452 739 756 779 SALOMONEM
774 771 783 787 ,
814 738 1050 792 discipulum
1079 753 1214 789 suum,
1243 746 1380 794 postea
1410 741 1723 781 constantiensis
1757 741 1958 779 Ecclesiae

947 803 1199 855 Episcopum,

81 926 217 1008 Cum
242 968 419 1020 prudens
448 970 532 1017 sis,
572 973 612 1007 et
651 970 858 1021 prudentis
897 982 1040 1010 nomen

79 1029 116 1079 a)
145 1029 395 1079 haeredites3
427 1032 546 1069 miror
577 1034 616 1070 te
647 1043 711 1070 res
742 1036 897 1084 ineptas
925 1044 1044 1084 appe-

81 1096 188 1140 tere,
233 1091 337 1142 quod
369 1092 437 1131 tibi
468 1094 560 1144 quia
589 1093 820 1133 dissuadere
864 1107 1042 1145 neque0‚

80 1153 184 1204 quod
228 1154 400 1194 hortaris
428 1155 660 1206 aggrediar,
693 1157 804 1206 prius
849 1157 1044 1207 imprope-

80 1214 204 1254 rando
224 1226 509 1265 commonen53
535 1218 626 1267 quia
643 1247 654 1264 ,
679 1219 710 1255 si
739 1229 802 1255 me
831 1217 1038 1266 audisses,

79 1287 221 1315 omnes
263 1276 454 1316 authores
484 1282 643 1316 nostros
673 1279 904 1316 notissimos
928 1279 1046 1317 habe-

81 1348 158 1376 res.
194 1338 239 1376 ln
269 1337 342 1376 hoe
372 1343 508 1376 autem
539 1342 580 1376 et
610 1350 723 1377 meae
757 1339 977 1388 stultitiae,
1007 1344 1047 1377 et

80 1402 173 1438 tuae
196 1399 462 1438 verecundiae
480 1400 772 1439 consulendum
791 1401 928 1451 putavi
951 1413 960 1451 3
980 1406 1046 1449 ut,

79 1471 172 1501 cum
201 1471 274 1511 ego
304 1460 412 1500 utilia
445 1462 594 1517 possim
626 1461 823 1509 scribere,
848 1467 888 1500 et
917 1466 961 1500 tu
981 1473 1049 1512 op-

81 1523 178 1561 tima
220 1521 277 1561 sis
319 1521 465 1572 dignus
494 1523 703 1573 accipere,
733 1524 772 1560 in
803 1522 948 1561 talibus
990 1523 1048 1560 in-

81 1585 200 1635 eptiis
221 1594 364 1622 nomen
387 1585 599 1636 utriusque
623 1585 699 1624 sub
722 1585 907 1623 clausura
929 1584 1048 1622 silen-

82 1646 126 1684 tii
155 1649 416 1696 premeretur.
447 1645 571 1696 Vide,
601 1650 719 1686 netu
744 1656 816 1684 nos
845 1645 1048 1685 diffamare

85 1707 185 1746 velis
214 1707 422 1747 vilissime.

453 1787 615 1828 CAPUT
646 1788 674 1826 1.

86 1868 142 1907 De
171 1867 220 1908 iis
239 1897 248 1914 ,
271 1867 344 1919 qui
364 1867 405 1905 in
430 1865 607 1905 Genesim
628 1897 638 1915 ,
664 1865 873 1914 Eoeodum,
904 1864 1050 1904 Leviti-

145 1941 236 1969 cum
256 1959 264 1978 ‚
294 1930 492 1971 Numeros
510 1962 520 1979 ‚
545 1928 892 1968 Deuteronomium
916 1931 986 1966 etc.

431 1992 698 2044 scripserunt.

137 2071 179 2111 Si
209 2072 311 2110 scire
335 2071 568 2121 desideras,
590 2071 684 2122 quid
715 2071 881 2110 Hebraei
908 2069 957 2109 de
987 2071 1051 2109 Hi-

85 2134 229 2173 storica
271 2133 476 2172 Geneseos
520 2133 798 2183 explanatione
834 2133 1049 2182 (sentiant)

86 2199 263 2234 scrutare
300 2195 445 2234 librum
477 2194 784 2241 HIERONYMI‚
814 2195 881 2244 qui
912 2194 1049 2232 intitu-

86 2255 196 2295 latur
226 2253 521 2295 Hebrawarum
542 2256 817 2308 quaestionum
845 2256 953 2307 justa
982 2256 1052 2294 Se—

91 2319 302 2369 ptuaginta
347 2317 546 2357 duntaxat
582 2319 851 2368 Interpretum
882 2317 1051 2356 transla-

85 2380 254 2418 tionem.
308 2379 348 2418 Si
398 2390 494 2417 vero
545 2379 811 2417 moralitatem
853 2379 1046 2428 requiris:

83 2439 291 2479 ORIGENI
322 2438 501 2478 intende.
531 2440 571 2478 Si
600 2439 938 2490 disputationem3
962 2440 1050 2478 AU-

82 2500 286 2541 GUSTINI
304 2500 512 2540 duodecim
534 2501 653 2539 libros
676 2500 713 2549 b)
737 2511 945 2551 peragrare
971 2511 1048 2538 non

83 2562 260 2602 lasseris.
290 2562 328 2601 Si
359 2561 631 2601 defensionem
662 2561 888 2609 Creatoris‚
919 2566 959 2599 et
982 2572 1050 2599 an-

84 2625 288 2674 tiquorum
316 2625 478 2663 Patrum
503 2627 639 2662 contra
655 2623 923 2674 blasphemias
944 2623 1050 2661 calu-

85 2688 328 2725 mniatorum
348 2698 358 2735 3
379 2686 466 2737 lege
490 2685 670 2737 ejusdem
695 2684 910 2735 Auyusti'nz'
931 2683 1049 2722 libros

83 2747 185 2787 duos
220 2747 254 2794 c)
301 2746 500 2786 adversus
542 2746 826 2793 Mam'chaeos,
869 2750 910 2783 et
954 2745 1051 2783 alios

42 2845 48 2855 ,
83 2807 184 2848 duos
214 2811 353 2848 contra
380 2808 599 2856 Faustum,
628 2807 665 2856 d)
695 2812 734 2844 et
765 2806 1050 2851 undecimum,

1118 973 1194 1011 tico
1239 972 1386 1022 Spiritu
1429 971 1689 1021 conscriptos.
1723 970 1762 1009 Si
1805 974 2075 1009 creaturarum

1117 1033 1415 1085 pulchritudine
1445 1033 1686 1079 delectans,-
1724 1031 1959 1070 Eoeameron
1989 1031 2078 1069 AM—

1116 1095 1305 1143 BROSII,
1332 1099 1375 1134 ut
1390 1094 1580 1144 jocularis
1609 1104 1672 1141 es,
1695 1105 1763 1143 pro
1788 1093 1880 1132 ludo
1905 1093 2078 1143 relegere

1116 1167 1372 1196 consuescas.
1398 1156 1436 1194 Si
1469 1154 1640 1193 medulla
1666 1154 1846 1204 ejusdem
1877 1154 1960 1192 libri
1992 1153 2078 1192 dul-

1116 1219 1276 1256 cissima
1319 1218 1424 1267 pasci
1456 1217 1656 1263 volueris,
1686 1222 1725 1254 et
1764 1217 1887 1266 ipsius
1928 1216 2077 1254 ratione

1119 1280 1301 1318 veritatis
1340 1277 1546 1329 jocundari
1585 1277 1791 1327 cupieris3
1835 1277 2006 1316 BEDAM
2043 1277 2077 1323 e)

1118 1341 1372 1378 tenacissima
1398 1339 1587 1376 memoria
1607 1339 1778 1376 retinere
1802 1338 1945 1376 labora.
1965 1338 2079 1384 Quod

1121 1402 1153 1439 si
1184 1404 1418 1450 excerptum
1449 1399 1674 1447 PATERH,
1706 1400 1730 1445 f)
1761 1399 1864 1449 quod
1895 1399 1942 1438 de
1972 1400 2080 1438 libris

1120 1461 1223 1500 beati
1253 1461 1492 1500 GREGORH
1522 1471 1591 1510 per
1625 1459 1803 1498 ordinem
1835 1460 2082 1510 singulorum

1120 1523 1311 1562 librorum
1343 1521 1571 1561 deflorando
1599 1521 1795 1565 confecit,
1826 1531 2000 1570 unquam
2025 1532 2084 1558 re‘

1120 1585 1248 1635 perire
1272 1585 1452 1635 potueris
1471 1613 1479 1629 ,
1510 1582 1604 1621 illud
1635 1583 1704 1620 tibi
1736 1581 1784 1620 ad
1814 1580 2083 1619 omnimodam

1121 1646 1293 1685 sufficiet
1322 1646 1573 1696 sapientiam.
1600 1645 1642 1682 In
1669 1643 1850 1682 Exodum
1882 1647 1921 1681 et
1947 1644 1983 1680 in
2016 1644 2086 1680 Le-

1121 1708 1287 1746 viticum
1303 1705 1729 1745 homiliasORlGENIS
1747 1707 1843 1743 mire
1859 1704 2083 1755 disputatas

1121 1768 1296 1808 ediscere
1312 1769 1457 1807 labora.
1482 1769 1524 1806 In
1546 1772 1672 1806 totum
1694 1766 1916 1818 Eptate'cum
1939 1766 1974 1817 g)
1999 1776 2087 1816 sep-

1125 1835 1205 1869 tem
1248 1829 1522 1869 AUGUSTlNl
1568 1829 1871 1880 quaestionum,
1907 1831 1948 1866 et
1989 1826 2086 1865 alios

1123 1903 1195 1932 sex
1226 1892 1263 1939 h)
1296 1891 1532 1930 locutionum
1561 1890 1607 1929 de
1631 1889 1859 1929 diversitate
1889 1888 2087 1939 Interpre-

1123 1958 1218 1993 tum.
1242 1954 1294 1993 Et
1317 1952 1422 2003 quod
1448 1964 1542 2003 prae
1566 1951 1751 1990 omnibus
1776 1951 1870 1989 utile
1900 1951 1967 1989 tibi
1992 1955 2086 2000 puto

1123 2015 1329 2065 acquirere
1347 2044 1357 2061 ‚
1371 2014 1646 2054 EUGlPPIUM
1667 2042 1675 2059 ‚
1695 2013 1719 2061 i)
1736 2013 1803 2062 qui
1829 2024 1877 2050 ex
1901 2012 2085 2050 omnibus

1122 2076 1233 2115 libris
1248 2075 1547 2127 profundissimi
1564 2079 1604 2114 et
1620 2073 1965 2125 penetrabilissimi
1984 2071 2089 2121 ejus-

1123 2138 1213 2176 dem
1262 2136 1478 2187 Au9ustini
1518 2138 1556 2174 in
1599 2146 1759 2174 omnem
1809 2136 2082 2174 auctoritatem

1123 2198 1349 2249 Scripturae
1367 2198 1623 2237 utilissimum
1643 2227 1652 2245 ,
1669 2201 1710 2234 et
1727 2196 1842 2235 valde
1867 2197 2087 2234 necessari-

1122 2271 1190 2298 um
1222 2259 1410 2297 volumen
1437 2258 1622 2307 collegit,
1653 2257 1691 2294 in
1723 2267 1802 2306 quo
1833 2257 1959 2295 multa
1999 2268 2081 2305 my-

1124 2321 1244 2359 steria
1273 2319 1321 2358 de
1360 2319 1529 2365 Genesi,
1559 2318 1608 2355 de
1638 2317 1802 2363 Exodo,
1832 2316 1881 2355 de
1911 2318 2085 2355 Levitico

1123 2382 1171 2421 de
1210 2382 1404 2420 Numero.
1436 2380 1485 2418 de
1514 2379 1836 2423 Deuteronomii,
1869 2380 2014 2424 Josue,
2044 2384 2083 2414 et

1117 2443 1330 2490 Judicum,
1375 2441 1588 2481 Samuele.
1632 2444 1672 2477 et
1716 2438 1946 2485 Malachim,
1978 2438 2013 2485 k>
2043 2444 2084 2475 et

1123 2504 1328 2554 Prophetis
1353 2508 1525 2541 reserata
1553 2502 1745 2552 reperies:
1774 2500 1879 2537 Licet
1901 2499 2084 2538 inonmes

1123 2564 1346 2616 Prophetas
1375 2563 1723 2602 laborantissimus
1762 2565 1801 2598 et
1831 2560 2084 2598 desudantis-

1123 2627 1250 2664 simus
1274 2625 1453 2663 studioso
1477 2624 1612 2662 lectori
1643 2623 1814 2662 sufficiat
1838 2620 2085 2659 lllERONY—

1123 2687 1247 2736 MUS,
1285 2688 1400 2725 cuius
1438 2686 1468 2723 si
1501 2685 1675 2723 volueris
1711 2694 1799 2721 esse
1841 2682 2083 2731 discipulus,

1124 2748 1356 2797 fastidium,
1409 2746 1513 2797 quod
1553 2745 1620 2783 tibi
1651 2744 1699 2782 de
1737 2744 1922 2782 librorum
1959 2742 2087 2780 taedio

1123 2810 1269 2848 coaluit
1289 2838 1298 2856 ,
1319 2809 1485 2847 reticere
1507 2806 1694 2852 debebis,
1723 2810 1766 2843 ut
1792 2805 2084 2843 ferventissima

84 2869 391 2918 duodecimum,
411 2870 611 2910 decimum
638 2870 825 2915 tertium,
850 2868 1048 2907 decimum
1118 2872 1236 2910 lectio
1263 2871 1431 2909 ferventi
1456 2872 1649 2918 congruat
1670 2867 1873 2916 discipulo.
1906 2866 2006 2904 llaec
2036 2865 2084 2902 de

83 2936 270 2982 quartum
302 2932 427 2984 ipsius
455 2931 502 2971 de
532 2931 697 2971 Ciuitate
726 2930 846 2978 DEI,
877 2930 1046 2981 prophe-

141 3078 176 3119 ε)
195 3077 399 3114 Salomonis.

143 3127 181 3167 b)
196 3130 243 3160 De
260 3129 379 3163 Genesi
395 3130 438 3163 ad
454 3132 615 3165 Litteram
628 3156 639 3172 ,
657 3134 692 3165 in
723 3135 786 3166 tria
820 3135 927 3174 prima
947 3133 1055 3164 Gene-

83 3184 158 3210 seos
175 3178 305 3219 capita.
319 3181 400 3212 torn.
417 3180 450 3212 5.
465 3182 624 3222 Operum.

140 3226 174 3266 c)
196 3229 244 3259 De
261 3228 380 3261 Genesi
398 3254 408 3268 ,
426 3235 545 3264 contra
561 3233 787 3270 manichaeos,
805 3236 829 3263 t.
852 3232 880 3264 1.
898 3233 1058 3270 Operum.

143 3274 181 3315 d)
199 3277 326 3310 Contra
344 3278 582 3314 Adversarium
599 3284 745 3322 Legis.et
760 3281 1013 3320 Prophetarum.

144 3326 176 3366 (e
195 3327 299 3368 Supra
317 3331 400 3361 tom.
418 3328 447 3362 1.
467 3337 541 3370 pag.
561 3330 634 3365 172.

1126 2935 1227 2983 Lege
1268 2937 1308 2970 et
1338 2931 1555 2981 Prophetis.

1182 3080 1209 3118 f)
1228 3083 1331 3119 Supra
1354 3078 1416 3111 hoc
1431 3079 1603 3109 volumine
1617 3101 1627 3114 ‚
1646 3085 1719 3117 pag.
1744 3075 1810 3107 l9l.

1183 3129 1218 3169 g)
1235 3129 1453 3167 Quaestioues
1471 3129 1504 3157 iu
1524 3125 1801 3165 Heptateuchum.

1180 3178 1216 3216 h)
1240 3180 1380 3216 Septem,
1398 3180 1478 3207 tom.
1496 3176 1528 3206 5.
1547 3177 1711 3214 Operum:
1728 3177 1760 3205 et
1776 3173 1913 3205 totidem
1928 3175 2078 3205 numi-rat

1129 3229 1333 3267 Augustinus
1353 3226 1420 3265 lpse
1439 3227 1477 3255 ΙΙ.
1494 3224 1548 3257 45.
1565 3228 1738 3255 retractet.

1183 3277 1207 3313 i)
1225 3279 1329 3314 Supra
1350 3278 1430 3306 tom.
1447 3273 1478 3305 2.
1497 3281 1572 3314 pag.
1593 3273 1668 3304 552).
1685 3280 1751 3310 seq.

1176 3326 1212 3365 k)
1230 3327 1355 3364 Regum
1376 3323 1487 3356 libris.
