2517 4009
875 225 1374 269 YSEMBARDUS

129 295 287 337 dalibus
316 296 412 336 Ord.
444 295 762 337 Praedicatorum
787 298 890 338 circa
911 310 948 338 a.
977 298 1094 339 1250.

129 361 298 411 Scripsit
327 359 547 400 Relationes
572 358 675 399 duas
705 362 838 414 exigui
870 364 1091 404 momenti:

128 423 267 470 Quetif
294 423 319 462 l.
347 434 381 462 c.
412 435 448 474 p.
481 425 569 463 151.

180 485 521 525 YSEMBARDUS
547 485 580 525 Ie
610 485 777 535 Tollier‚
803 489 1091 541 Rothomagen-

125 548 208 596 siS‚
238 547 382 587 Doctor
434 548 660 600 Theologus
704 551 930 601 Parisinus,
973 556 1013 590 et
1050 553 1087 590 in

124 610 344 661 Gymnasio
373 610 411 648 S.
438 611 627 650 Bernardi
654 623 857 652 sacrarum
882 614 1086 653 literarum

125 673 326 723 interpres
354 673 458 712 circa
475 684 509 712 3.
530 674 644 714 1509.
660 674 828 726 Scripsit
845 676 886 714 in
910 677 933 714 5
953 676 1086 728 prima

122 734 255 787 capita
292 734 472 785 Genesis,
508 738 721 777 Sermones
763 737 810 777 de
841 741 1013 789 tempore
1051 742 1090 777 et

121 798 292 838 Sanctis.
317 800 405 838 Car.
426 799 474 838 de
507 799 624 838 Visch
648 802 685 838 in
708 800 806 840 Bibl.
836 801 1083 852 Scriptorum

121 859 203 900 ord.
228 859 506 901 Cisterciensis
531 874 568 914 p.
593 862 684 902 334.

579 987 618 1026 Ζ.

143 1073 415 1153 Franciscus
441 1113 739 1154 ZABARELLA
771 1113 876 1164 (nam
905 1118 945 1153 et
975 1114 1082 1154 11000

117 1176 320 1218 Fabricius
349 1180 444 1215 tom.
478 1178 523 1216 11.
555 1189 591 1228 p.
623 1178 713 1216 604.
739 1177 812 1216 1100
841 1177 926 1216 1000
945 1179 1082 1228 quaeri

113 1238 248 1291 jussit)
278 1238 404 1289 patria
435 1240 669 1288 patavinus,
695 1239 839 1278 ibidem
863 1244 902 1277 et
923 1240 1084 1279 Floren-

116 1303 194 1342 tiae
223 1304 290 1351 jus
322 1301 570 1340 Pontificium
601 1302 750 1353 docuit,
783 1303 914 1342 sactus
945 1309 1082 1353 postea

115 1362 451 1413 Arcbiepiscopus
485 1363 740 1403 Florentinus
781 1369 820 1404 et
858 1364 1082 1404 Car-dinalis

117 1426 232 1466 titulo
255 1425 493 1464 Sanctorum
519 1425 686 1465 Cosmae
712 1431 752 1466 et
776 1429 969 1476 Damiani‚
987 1429 1082 1466 obiit

119 1490 158 1528 in
194 1487 369 1528 Concilio
407 1486 706 1528 Constantiensi
743 1501 777 1529 a.
826 1489 941 1530 1417.
985 1491 1083 1541 Ejus

116 1555 238 1591 sunt:

170 1614 207 1653 1.
229 1613 549 1655 Commentarius
574 1614 616 1654 in
649 1614 774 1655 libros
813 1615 1082 1657 Decretalium

118 1680 156 1717 et
185 1676 464 1718 Clementinas.
489 1679 629 1717 Venet.
665 1679 784 1719 4602.
813 1680 878 1719 fol.
918 1680 959 1719 in
998 1680 1082 1721 Cle-

116 1740 313 1780 mentinas
337 1742 505 1780 seorsim
526 1741 617 1780 ibid.
641 1741 757 1782 1481.
787 1743 901 1782 1487.
925 1743 988 1782 fol.

168 1806 207 1845 2.
234 1803 412 1846 Consilia
434 1804 553 1859 furis.
584 1804 725 1843 Venet.
758 1807 852 1845 1581
899 1806 961 1845 fol.

166 1870 205 1908 3.
231 1867 448 1909 Variarum
474 1868 618 1919 Lequm
639 1869 900 1920 repetitiones.
937 1869 1079 1910 Venet.

165 1992 202 2032 4.
223 1991 284 2032 De
313 1991 609 2033 schismatibus
632 1994 868 2034 auctoritate
897 1995 1076 2047 Impera-

110 2055 209 2096 toris
229 2054 420 2106 tollendis,
452 2057 490 2094 in
529 2056 772 2095 Collectione
812 2059 992 2098 Schardii
1026 2058 1075 2098 de

108 2121 344 2160 auctoritate
369 2119 581 2171 Imperiali,
606 2123 646 2157 et
667 2120 833 2171 Argent.
853 2121 972 2161 1609.

157 2183 182 2221 5
209 2182 348 2235 Copita
370 2181 614 2234 ayendorum
636 2181 676 2221 in
698 2182 870 2223 Concilio
885 2183 1077 2224 Constan—

109 2244 227 2285 tiensi
238 2244 283 2284 de
297 2244 502 2285 Ecclesiae
516 2245 813 2299 reformatione,
825 2245 929 2297 apud
943 2247 1075 2286 Herm.

106 2319 183 2347 von
217 2306 289 2346 der
314 2306 444 2346 Hardt
464 2309 502 2346 in
533 2308 646 2347 Actis
676 2309 842 2348 Concilii
879 2309 1080 2348 Constan-

109 2371 252 2410 tiensis
274 2374 381 2408 tomo
406 2370 434 2408 Ι.
457 2381 492 2420 p.
517 2370 608 2410 506.

167 2434 203 2472 6.
230 2432 393 2483 Reliqua
424 2436 521 2471 sunt
551 2432 698 2471 inedita
717 2432 1028 2473 :Commentarii
1044 2433 1084 2473 in

108 2494 342 2536 naturalem
366 2499 404 2534 et
431 2493 624 2534 moralem
651 2494 967 2548 Philosophiam:
990 2497 1087 2535 Tra-

104 2562 237 2599 ctatus
252 2557 299 2598 (le
318 2558 441 2598 Horis
454 2557 664 2599 Canonicis
682 2571 691 2596 .·
708 2558 886 2597 Historia
902 2558 971 2597 sui
993 2562 1086 2598 tem-

98 2621 241 2675 poris:
274 2622 331 2661 De
353 2620 544 2674 felicitate
580 2620 677 2660 libri
699 2621 776 2659 III.
805 2621 1090 2662 Commentarii

110 2685 151 2724 in
175 2686 290 2725 Vetus
311 2689 349 2725 et
369 2685 523 2725 Novum
567 2684 852 2723 Testamentum
871 2697 878 2723 :
918 2683 1020 2724 Acta
1043 2686 1084 2725 in

111 2747 284 2789 Concilio
306 2747 457 2788 Pisano
483 2751 522 2787 et
545 2747 855 2788 Constantiensi:
882 2747 1082 2800 Epistolae

111 2814 153 2850 et
174 2810 262 2850 alia.

159 2872 351 2913 Videatur
368 2873 616 2914 Pancirollus
637 2873 686 2912 de
708 2873 827 2912 claris
853 2873 1001 2924 Legum
1025 2875 1082 2913 in-

103 2935 345 2987 terpretibus
370 2936 439 2975 111.
464 2935 527 2975 38.
552 2936 801 2975 whartonus
838 2937 877 2973 in
896 2935 1078 2986 Append.

103 2997 152 3038 ad
178 2998 357 3038 caveum
399 3013 435 3051 p.
469 2999 532 3039 57.
558 2999 638 3038 Nic.
670 2998 863 3038 Comneni
904 2998 1078 3049 Papado-

105 3060 185 3111 poli
211 3060 314 3100 Hist.
336 3062 546 3114 Gymnasii
572 3062 750 3101 Patavini
777 3066 870 3099 tom.
902 3061 930 3100 l.
964 3059 1076 3100 Adde

104 3123 219 3174 Poggi
247 3125 461 3164 Florentini
490 3129 529 3164 et
554 3124 720 3163 alterius
756 3122 958 3173 Anonymi
993 3134 1078 3163 ora-

106 3185 235 3225 tiones
260 3187 298 3225 in
324 3187 468 3227 funere
487 3187 592 3226 illius
618 3185 773 3224 habitas
791 3190 896 3224 tomo
923 3186 951 3224 1.
975 3185 1078 3225 Con-

105 3248 182 3287 cilii
204 3248 534 3289 Constantiensis
554 3261 592 3300 p.
613 3247 706 3288 537.
733 3247 823 3286 546.

162 3310 185 3334 *
209 3311 253 3350 In
278 3312 521 3352 Bibliotheca
542 3311 673 3352 Felini
695 3321 771 3350 non
799 3321 905 3350 unus
925 3315 987 3350 est
1010 3322 1074 3352 co-

105 3373 183 3414 dex
217 3385 384 3426 operum
423 3376 672 3425 Zabarellae,
696 3386 866 3426 quorum
899 3374 963 3414 alii
998 3376 1074 3415 Ma-

1170 301 1360 352 nuscripti
1385 305 1504 352 sunt,
1528 302 1713 353 impressi
1751 314 1846 344 vero
1870 305 1934 346 alii
1952 337 1963 355 ,
1987 308 2135 360 quibus

1166 365 1351 403 omnibus
1367 366 1645 404 annotationes
1662 366 1859 417 quaedam
1893 369 2015 409 Felini
2051 384 2136 412 ma·

1168 436 1221 465 nu
1245 426 1402 466 additae
1428 432 1553 476 sunt,
1580 428 1685 467 unde
1712 429 1835 469 multa
1872 431 1919 470 ad
1943 445 2027 473 rem
2050 435 2137 476 lite-

1167 491 1309 528 rariam
1339 495 1574 530 noscuntur.
1600 492 1641 530 In
1669 492 1804 532 codice
1844 494 1920 534 250
1957 503 2054 537 sunt
2092 500 2132 538 in

1164 552 1387 592 secundum
1430 553 1701 594 Decretalium
1744 558 2044 609 expositiones,
2084 562 2134 602 ibi

1163 625 1258 652 vero
1278 614 1374 653 baec
1393 620 1504 653 notat
1526 616 1699 655 Felinus:
1716 618 1813 657 Fuit
1824 619 2022 672 impressa
2038 623 2136 666 haec

1163 674 1315 715 lectura
1351 678 1516 717 Venetiis
1539 689 1605 717 an.
1635 680 1753 722 4502.
1774 685 1813 720 et
1842 694 1932 722 cum
1954 685 2133 728 volebam

1162 749 1290 777 emere
1315 740 1450 790 reperi
1474 741 1582 791 quoil
1605 741 1700 780 haec
1724 743 1806 783 MS.
1829 749 1890 784 est
1912 745 2021 798 lonye
2046 749 2130 802 ple-

1162 800 1251 839 nior
1280 807 1318 840 et
1352 800 1456 854 forte
1496 803 1536 842 in
1573 803 1763 856 duplum,
1796 807 1898 847 uncle
1935 815 2033 861 puto
2063 811 2131 852 illa

1161 875 1245 903 esse
1267 864 1415 916 priora
1443 866 1731 906 commentaria
1761 868 2015 921 Zabarellae,
2038 873 2133 915 haec

1159 929 1293 965 autem
1323 938 1405 966 esse
1435 939 1533 980 opus
1565 935 1894 971 consummatum.
1924 934 2033 975 Idem
2065 950 2128 977 re-

1153 990 1249 1040 peri
1289 988 1335 1028 cle
1380 989 1532 1030 lectura
1571 990 1687 1031 istius
1716 994 1872 1046 iiiteyra
1900 1007 2021 1050 super
2051 1000 2130 1040 III.

1159 1052 1224 1091 IV.
1246 1056 1284 1091 et
1311 1054 1350 1092 V.
1375 1054 1504 1106 Super
1526 1054 1656 1106 primo
1686 1068 1765 1095 non
1795 1056 2004 1110 habebam,
2029 1063 2132 1103 unde

1159 1114 1238 1154 emi
1277 1115 1538 1167 impressam,
1569 1130 1692 1170 quam
1733 1124 1830 1172 puto
1866 1122 2039 1174 plenam.
2085 1129 2129 1167 In

1160 1176 1254 1217 Cod.
1285 1178 1375 1217 257.
1408 1181 1668 1220 continentur
1697 1183 1877 1222 eiusdem
1903 1187 2130 1230 Zabarellae

1159 1243 1356 1279 tractatus
1387 1242 1441 1280 De
1471 1242 1716 1295 sepulturis,
1741 1244 1787 1284 de
1814 1249 2047 1299 parochiis,
2082 1252 2129 1292 cle

1157 1300 1431 1353 celebratione,
1469 1305 1516 1344 de
1564 1306 1745 1360 reliquiis
1789 1313 1827 1348 et·
1868 1314 2125 1355 veneratione

1158 1365 1397 1404 Sanctorum
1414 1397 1424 1413 ‚
1468 1366 1514 1406 cle
1562 1367 1835 1410 observatione
1868 1373 2037 1424 J'eiunii,
2078 1376 2125 1416 de

1151 1426 1433 1478 puriftcatione
1461 1434 1549 1480 post
1572 1434 1739 1482 partum
1758 1464 1768 1482 ,
1785 1433 1831 1472 cle
1855 1435 2026 1489 Capellis
2049 1450 2129 1478 mo-

1157 1489 1405 1541 nachorum,
1437 1490 1603 1544 dejure
1629 1498 1896 1546 patronatus,
1937 1499 1983 1539 de
2021 1502 2130 1542 victu

1157 1559 1194 1591 et
1239 1552 1438 1593 honestate
1475 1554 1714 1596 clericorum
1748 1563 1787 1598 et
1812 1561 2052 1613 mulierum,
2084 1569 2123 1604 et

1160 1614 1206 1654 de
1238 1614 1406 1656 Clericis
1435 1618 1622 1669 aeqrotis.
1651 1621 1713 1660 An
1740 1625 1848 1674 typis
1873 1626 1970 1665 haec
1995 1629 2126 1668 omnia

1157 1678 1376 1729 prodierint
1398 1682 1470 1719 viri
1493 1681 1596 1721 docti
1623 1682 1866 1735 discutiant3
1894 1689 1989 1727 mihi
2015 1691 2123 1730 enim

1157 1744 1194 1780 in
1221 1745 1420 1794 praesenti
1459 1756 1537 1783 non
1579 1752 1722 1798 vacat3
1748 1749 1848 1789 forte
1871 1753 1978 1791 enim
2003 1755 2128 1792 conti-

1157 1810 1305 1845 nentur
1336 1807 1372 1845 in
1404 1807 1602 1859 repetione
1625 1810 1840 1852 variarum
1871 1812 2024 1866 leyum,
2064 1817 2127 1857 hic

1155 1879 1175 1906 3
1192 1869 1496 1910 Bibliothecario
1518 1877 1654 1912 nostro
1671 1874 1869 1916 indicatis.
1887 1879 2022 1919 Codex
2035 1880 2129 1921 258.

1152 1932 1230 1971 MS.
1271 1934 1449 1972 continet
1491 1935 1670 1975 eiusdem
1709 1940 1818 1978 varia
1864 1940 2042 1982 Consilia
2086 1948 2127 1983 et

1151 1994 1434 2047 Responsiones
1458 1998 1495 2036 in
1522 1998 1669 2049 quibus
1700 2002 1824 2041 multa
1862 2009 1959 2043 sunt
1998 2006 2118 2045 Zaba-

1151 2059 1272 2098 rellae
1298 2060 1423 2110 ipsius
1459 2072 1580 2101 01300
1620 2066 1857 2116 conscripta.
1894 2068 1968 2106 Est
1993 2070 2113 2109 etiam

1151 2121 1200 2160 ibi
1243 2126 1439 2162 tractatus
1477 2123 1523 2163 de
1562 2126 1798 2166 removendo
1827 2129 2040 2171 schismate
2068 2133 2110 2171 in

1151 2182 1404 2235 Pontificatu,
1429 2187 1544 2226 cuius
1569 2189 1749 2238 opusculi
1776 2193 1958 2231 meminit
1977 2193 2117 2234 Biblio-

1154 2247 1356 2287 thecarius
1379 2254 1514 2287 noster
1529 2250 1605 2289 sub
1623 2252 1738 2290 titulo
1760 2252 1807 2291 de
1823 2254 2123 2298 Schismatibus

1155 2309 1396 2350 authoritate
1430 2312 1693 2363 Imperatoris
1717 2314 1917 2356 tollendis.
1941 2317 2129 2359 Codicem

1157 2372 1264 2411 11000
1288 2372 1397 2411 dedit
1422 2374 1583 2414 Felinus
1608 2375 1655 2414 ad
1685 2377 1989 2427 impressionem
2027 2394 2130 2433 quae

1159 2436 1309 2475 Pisciae
1333 2436 1523 2476 adornata
1549 2443 1611 2477 est
1636 2449 1700 2477 an.
1728 2438 1845 2479 1490.
1863 2446 1907 2480 ut
1932 2454 2127 2485 excusum

1162 2499 1210 2537 ibi
1241 2500 1482 2550 epigramma
1509 2511 1530 2539 3
1555 2501 1734 2552 Cyllenio
1760 2504 1948 2543 Pisciensi
1973 2506 2126 2546 editum

1162 2561 1352 2601 declarat.
1376 2563 1476 2602 Cum
1505 2574 1599 2602 vero
1625 2563 1744 2603 editio
1769 2565 1866 2605 11300
1893 2568 1997 2606 inter
2018 2580 2127 2609 raras

1161 2626 1212 2663 sit
1236 2626 1450 2677 rarissima,
1469 2626 1553 2665 ideo
1566 2629 1786 2668 exasticum
1811 2629 1918 2669 istud
1945 2630 2008 2671 liic
2029 2631 2124 2673 darc

1161 2699 1236 2726 non
1279 2689 1396 2739 piget.

1209 2749 1268 2789 Ad
1301 2751 1345 2789 D.
1378 2751 1559 2791 Felinum
1604 2753 1807 2795 Sandeum
1831 2755 1879 2795 dc
1910 2767 2027 2808 opere
2058 2759 2125 2798 Za-

1155 2811 1328 2853 berellae
1355 2814 1544 2865 perfecto.

1156 2911 1233 2960 Qui
1246 2911 1384 2963 Jacuit
1400 2911 1530 2952 adhuc
1555 2912 1633 2952 nisi
1658 2919 1694 2953 te
1715 2914 1912 2967 savitance
1938 2917 2091 2968 niteret,

1181 2972 1336 3022 Fcline,
1364 2974 1582 3027 impressus
1606 2988 1709 3016 nunc
1735 2977 1954 3018 Zabarella
1979 2984 2071 3021 tuus

1154 3037 1231 3076 Pro
1252 3041 1382 3089 patre,
1401 3049 1475 3089 pro
1496 3037 1648 3077 domino
1671 3044 1778 3080 tanto
1800 3040 1952 3081 laetare
1973 3049 2142 3096 reperto,

1180 3099 1260 3148 Qui
1281 3096 1375 3138 colis
1399 3103 1435 3138 cl
1457 3099 1612 3139 doctum
1638 3106 1715 3140 tam
1742 3114 1937 3143 ‘reiterare
1962 3115 2106 3146 senem.

1155 3159 1339 3201 Consiliis
1362 3161 1518 3214 fulqens
1543 3175 1640 3214 opus
1667 3165 1888 3205 immortale
1907 3166 2114 3218 leqendum

1178 3223 1350 3263 Missum
1377 3224 1541 3264 Pischea
1561 3226 1723 3276 ymnius
1749 3234 1831 3267 esto
1856 3240 1990 3278 ηιαηυ,

1488 3287 1679 3329 Cillcnius
1706 3290 1929 3332 Pisciensis.

1203 3376 1454 3428 Opusculum
1488 3378 1685 3418 Francisci
1708 3379 1930 3422 Zabarellae
1945 3381 1992 3423 de
2012 3382 2118 3423 horis
