2517 4009
841 238 1319 276 SlGEBERTUS

92 307 283 356 eutalium
327 304 569 356 Anylorum,
601 305 793 345 Redualdi
825 307 943 357 Regis
984 319 1052 358 pa-

91 368 180 417 gani
212 367 327 405 filius.
356 366 388 405 A
414 370 525 416 patre
562 365 716 416 ejectus
751 369 786 405 in
818 369 955 408 Galliis
984 369 1051 407 bo-

92 439 165 467 nas
189 429 324 466 literas
347 427 495 471 didicit,
526 427 793 468 Christianam
828 430 945 469 sidem
970 431 1048 469 elc-

89 490 162 540 git,
191 494 233 528 et
260 500 352 527 cum
381 487 585 526 Desiderio
615 489 929 530 Cadurcensium
956 493 1047 542 Epi-

91 560 209 600 scopo
238 549 452 588 amicitiam
483 551 693 588 contraxit.
725 552 903 591 Tandem
935 559 1048 603 patre

89 614 130 649 et
154 609 345 649 fratribus
374 609 588 659 defunctis,
616 623 784 663 regnum
809 613 917 661 adiit,
935 618 975 652 et
999 613 1045 651 ad

90 671 319 721 religionem
350 670 619 711 Christianam
651 684 684 711 a.
717 674 804 713 636.
848 674 1047 724 perduxit.

90 731 272 770 Scholam
304 742 464 782 quoque
493 733 803 773 Grammaticam
843 734 1049 774 Cantabri-

90 794 189 844 giae,
217 800 260 832 ut
289 798 416 843 ajunt,
446 797 613 844 aperuit.
646 797 813 846 Scripsit
843 797 988 847 Leyum
1014 801 1053 834 et

87 854 367 893 Institutorum
388 853 451 893 lib.
477 856 508 893 I.
537 856 750 908 Epz‘scolaS,
785 857 963 896 maxime
996 857 1051 895 ad

89 915 342 956 Desiderzum
370 916 675 957 Cadurcensem.
705 918 902 958 Lelandus
920 930 952 957 c.
985 918 1046 957 57.

87 978 256 1018 Balaeus
287 980 402 1018 Cent.
436 981 461 1018 1.
495 981 558 1018 78.
592 981 747 1019 Pitseus
776 991 809 1019 c.
843 981 933 1019 65⁶2..

143 1040 477 1089 SlGEBERTUS,
509 1041 731 1080 monachus
775 1040 1047 1090 Corbeiensis,

90 1102 191 1140 vixit
219 1113 256 1140 a.
286 1103 376 1140 809.
407 1108 448 1141 et
484 1103 610 1141 Vitam
628 1104 669 1142 S.
703 1103 922 1155 Voymom's,
953 1104 1050 1142 alias

93 1163 279 1213 Umeonis,
309 1162 606 1215 Archiepiscopi
645 1167 903 1213 Bremensis‚
932 1165 1049 1215 cujus

91 1225 314 1276 discipulus
344 1230 385 1264 et
414 1228 547 1264 socius
577 1227 732 1264 itineris
773 1228 914 1276 fuerat,
958 1239 1051 1265 con-

87 1288 257 1337 scripsit.
289 1288 468 1326 Meminit
485 1289 544 1325 Jo.
568 1287 815 1326 Trithemius
841 1290 877 1326 in
900 1288 1046 1326 Chron.

88 1347 364 1399 Hirsaugiensi
395 1359 428 1386 a.
461 1349 549 1386 909.
580 1353 619 1386 et
649 1359 699 1386 ex
730 1349 802 1387 hoc
837 1351 1050 1400 Eisengre-

90 1411 198 1450 inius
226 1415 266 1448 et
291 1411 546 1449 possevinus,
579 1411 676 1448 Vide
705 1422 807 1460 quae
837 1412 1048 1449 Benzelius

88 1471 354 1510 adnotavitad
369 1472 678 1510 Vastoviivitem
691 1473 940 1521 Aquiloniam
953 1474 1047 1522 pl3.

144 1533 456 1572 SlGEBERTUS
487 1532 804 1579 Gemblacensz's,
838 1534 876 1570 in
907 1544 1049 1571 coeno-

82 1595 146 1634 bio
171 1596 212 1634 S.
236 1595 434 1634 Vincentii
459 1595 649 1633 Metensis
666 1595 932 1638 educatus‚et
952 1605 1045 1632 cum

85 1658 272 1696 Folcuino
301 1656 453 1695 Abbate
482 1657 552 1695 diu
582 1663 860 1704 conversatus,
890 1657 1043 1694 variam

83 1717 349 1757 eruditionem
374 1718 447 1756 sibi
474 1719 700 1768 acquisivit,
727 1718 871 1756 ibidem
894 1717 1040 1764 docuit,

83 1786 123 1819 et
151 1791 244 1819 cum
273 1779 435 1819 Judaeis
463 1791 623 1830 quoque
644 1780 867 1818 secundum
893 1779 1038 1816 verita-

82 1846 163 1880 tem
193 1842 425 1880 Hebraicam
470 1841 676 1891 disputare
720 1842 861 1890 potuit.
898 1842 1037 1879 Postea

82 1905 120 1941 in
147 1904 391 1942 monasterio
416 1903 696 1941 Gemblacensi
716 1904 827 1950 vixit,
853 1907 893 1940 et
913 1902 1044 1951 junio-

82 1976 147 2003 res
179 1964 395 2002 monachos
426 1965 463 2001 in
495 1965 610 2002 bonis
653 1964 797 2002 litteris
841 1963 1045 2010 erudivit,

80 2026 176 2064 obiit
207 2026 322 2064 valde
352 2037 477 2065 senex
507 2037 541 2064 a.
573 2026 689 2064 4142.
721 2025 817 2064 Vide
849 2024 1041 2063 Libellum

79 2087 128 2126 de
158 2089 284 2138 gestis
314 2087 514 2126 Abbatum
554 2087 905 2126 Gemblacensium
937 2091 964 2123 t.
999 2087 1044 2124 11.

81 2149 262 2187 Dacherii
294 2161 380 2200 pag.
412 2148 503 2187 768.
535 2149 790 2198 Sigebertum
835 2149 964 2198 ipsum
996 2147 1045 2185 de

79 2211 262 2261 scriptor.
300 2210 455 2249 Eccles.
494 2221 530 2248 c.
559 2209 648 2248 474.
694 2208 962 2247 Trithemium
994 2207 1042 2245 de

78 2270 220 2321 Seript.
251 2272 402 2310 Eccles.
433 2282 467 2310 e.
499 2271 589 2310 358.
620 2270 703 2308 Val.
733 2269 917 2308 Andreae
944 2269 1044 2307 Bibl.

77 2332 275 2383 Belgicam
322 2344 358 2382 p.
389 2333 481 2372 840.
510 2333 671 2372 Swertii
701 2331 884 2370 Athenas
914 2331 1042 2381 Belgi-

78 2404 147 2433 cas
176 2406 214 2444 p.
246 2393 337 2432 673,
372 2393 463 2432 674.

212 2454 310 2505 Ejus
339 2457 486 2506 scripta
518 2459 616 2494 sunt
649 2455 771 2493 haec:

139 2519 226 2557 Vita
255 2519 294 2556 S.
321 2516 507 2556 Guz‘berez·
530 2515 790 2568 Cous-essoris,
812 2514 1047 2554 monasterii

82 2577 376 2618 Gemblacensz's
402 2577 643 2631 fundatoris,
674 2577 779 2616 edita
809 2589 830 2615 a
861 2578 974 2615 Surio
1005 2577 1042 2615 d.

85 2641 146 2679 43.
175 2640 278 2691 Maji‚
309 2640 558 2679 Henschenio
591 2640 627 2676 in
661 2638 771 2677 Actis
802 2639 1042 2677 Sanctorum

82 2706 178 2741 tom.
209 2702 253 2740 V.
281 2702 368 2753 Maji
399 2714 436 2752 p.
472 2702 563 2740 260.
608 2701 817 2739 Lambecio
862 2705 955 2738 tom.
997 2702 1042 2738 ll.

82 2764 180 2802 Bibl.
210 2763 529 2802 vindobonensis
559 2775 597 2813 p.
627 2763 716 2800 898.
748 2767 788 2800 et
821 2763 1044 2801 Mabillonio

83 2825 170 2864 Sec.
200 2826 244 2865 V.
277 2824 423 2864 Bened.
454 2837 492 2875 p.
522 2825 613 2862 299.

138 2887 195 2925 De
223 2885 498 2937 Scriptoribns
528 2884 818 2925 Ecclesiascicis
840 2885 952 2934 liber,
971 2887 1043 2925 Co-

85 2948 163 2986 lon.
196 2948 312 2986 4580.
342 2949 377 2985 8.
408 2959 500 2986 cum
531 2947 693 2986 scholiis
723 2948 886 2986 Auberti
914 2950 1044 2986 Miraei

86 3011 124 3047 in
155 3009 397 3047 Bibliotheca
428 3010 552 3058 ipsius
579 3009 876 3055 Ecclesiastica‚
920 3011 1043 3048 AntV.

87 3071 202 3109 4639.
218 3070 285 3108 fol.
302 3075 342 3107 et
364 3071 400 3106 in
422 3070 591 3119 repetita
607 3070 780 3108 editione
803 3071 1042 3109 Fabriciana.

143 3130 377 3180 Chronicon,
402 3131 450 3168 ab
480 3142 514 3168 a.
543 3132 633 3169 381.
662 3141 740 3180 quo
766 3135 944 3180 tempore
968 3133 1045 3171 Eu—

89 3194 225 3234 sebius
252 3192 397 3234 desiit,
428 3203 556 3241 usque
586 3191 633 3230 ad
664 3202 699 3229 a.
729 3193 771 3230 C.
805 3192 919 3230 4242.
963 3193 1045 3231 edi-

86 3260 174 3295 tum
204 3254 326 3293 Paris.
357 3253 460 3304 apud
489 3254 606 3290 llenr.
631 3252 879 3302 Stephanum
905 3264 1040 3302 avum,

91 3315 206 3358 4543.
240 3317 274 3354 4.
306 3316 409 3354 inter
439 3314 661 3364 Scriptores
704 3313 852 3352 Rerum
882 3314 1045 3353 Germa-

2010 247 2090 288 1075

1130 310 1307 347 nicarum
1343 310 1456 348 Joan.
1497 312 1648 350 Pistorii
1680 317 1778 352 tom.
1805 315 1833 353 l.
1863 316 1939 354 Frf.
1972 318 2090 358 4566.

1126 375 1166 407 et
1197 371 1312 409 4583.
1340 383 1413 409 nec
1439 383 1515 410 non
1542 373 1716 413 editione
1739 376 1843 415 illius
1866 380 2087 419 novissima

1125 442 1145 469 a
1176 431 1217 468 B.
1248 432 1292 469 G.
1324 433 1485 471 Struvio
1509 440 1665 473 curata:
1692 439 1907 486 separatim
1934 451 1984 478 ex
2009 441 2091 479 edi·

1124 493 1230 529 tione
1275 492 1440 531 Auberti
1474 496 1619 543 Miraei,
1651 497 1773 535 Antv.
1808 501 1923 538 4608.
1956 503 1998 540 ln
2028 514 2090 541 or-

1123 552 1215 591 dine
1263 554 1544 606 chronologico
1589 560 1721 597 omnia
1753 561 1922 600 triennio
1958 565 2089 602 serius

1125 625 1284 653 narrare
1316 617 1442 666 solet,
1473 629 1593 667 quam
1638 626 1750 670 gesta
1794 628 1916 670 sunt,
1955 625 2090 664 obser—

1126 680 1247 714 vante
1277 676 1445 724 Oudino,
1477 691 1601 729 quum
1629 682 1901 732 Spanhemius
1926 685 1999 724 hoc
2020 686 2090 725 de-

1123 737 1383 776 scribentium
1415 742 1559 789 potius⁷
1589 754 1708 792 quain
1743 746 1868 794 ipsius
1893 747 2089 796 Sigeberti

1126 799 1220 836 vitio
1249 800 1442 839 accidisse
1472 803 1620 851 credat,
1651 816 1775 854 quum
1812 807 1906 845 illud
1929 815 2085 848 certum

1125 860 1203 906 sit,
1234 863 1474 912 exemplaria
1505 864 1592 914 ejus
1624 877 1744 905 manu
1774 875 1933 908 exarata
1967 871 2088 920 pluri-

1126 932 1234 960 mum
1279 934 1369 962 esse
1416 924 1578 965 diversa
1609 932 1648 965 et
1695 930 1944 979 interpolata.
1991 933 2086 972 Vide

1125 983 1254 1032 ipsum
1286 989 1380 1024 tom.
1412 987 1458 1025 11.
1489 988 1665 1038 Operum
1698 1002 1732 1039 p.
1776 992 1864 1029 593.
1895 1004 1978 1042 seq.
2024 996 2087 1032 In-

1123 1046 1362 1094 terpolatum
1404 1047 1486 1097 jam
1530 1050 1621 1088 olim
1668 1051 1791 1089 fuisse
1832 1053 2086 1104 Sigebertum

1124 1106 1188 1143 vel
1218 1107 1363 1146 exinde
1392 1115 1562 1157 constat,
1592 1113 1683 1161 quia
1717 1115 1752 1150 in
1776 1114 1864 1152 aliis
1885 1117 2089 1166 exempla-

1124 1167 1247 1214 ribus,
1277 1174 1318 1207 et
1348 1170 1424 1218 illo,
1456 1183 1534 1221 quo
1560 1173 1794 1213 Vincentius
1825 1177 2083 1216 Beluacensis

1126 1239 1225 1267 usus
1245 1235 1321 1276 est,
1352 1233 1455 1280 (vide
1477 1235 1691 1284 Speculum
1716 1237 1919 1276 historiale
1941 1239 2084 1278 XXIV.

1130 1291 1228 1338 i5l.)
1272 1292 1385 1340 plura
1430 1300 1618 1342 exstant⁷
1651 1309 1770 1347 quam
1805 1301 1842 1336 in
1885 1311 1942 1346 eo,
1974 1301 2083 1350 quod

1123 1350 1248 1388 edidit
1275 1354 1459 1393 Miraeus.
1488 1357 1730 1396 Observavit
1761 1359 1858 1398 haec
1884 1362 2087 1413 Launojus

1124 1410 1172 1448 de
1205 1413 1341 1451 Lazari
1371 1415 1549 1456 adventu
1583 1419 1619 1455 in
1651 1419 1817 1458 Galliam
1848 1433 1881 1459 c.
1914 1423 1949 1459 6.
1980 1427 2007 1460 t.
2040 1425 2088 1462 11.

1123 1470 1299 1521 Operum
1333 1481 1431 1525 part.
1466 1480 1500 1516 4.
1533 1490 1567 1528 p.
1600 1480 1692 1518 223.
1724 1481 1828 1519 Sane
1863 1485 2087 1522 auctarium

1122 1531 1449 1582 Aquicinctiense
1479 1540 1554 1577 MS.
1588 1541 1699 1590 plura
1739 1543 1930 1589 continet,
1960 1556 2083 1594 quam

1118 1604 1139 1630 a
1170 1595 1312 1635 Miraeo
1342 1599 1448 1638 edita
1477 1606 1585 1639 sunt.
1621 1603 1779 1653 Voyage
1809 1603 1857 1641 de
1879 1603 1987 1642 deux
2014 1607 2086 1643 Be·

1120 1655 1318 1696 nedictins
1349 1665 1376 1698 t.
1409 1662 1434 1699 Ι.
1469 1674 1506 1712 p.
1536 1664 1578 1702 84
1629 1665 1798 1702 Errores
1846 1667 1971 1716 ipsius
2000 1668 2089 1717 qui-

1120 1714 1211 1756 dam
1244 1725 1434 1761 notantur
1465 1726 1502 1761 in
1535 1724 1759 1765 Annalibus
1783 1726 1869 1765 Car.
1891 1729 1927 1766 le
1948 1729 2088 1768 Cointe

1117 1781 1143 1817 t.
1165 1780 1233 1819 111.
1258 1793 1343 1831 pag.
1367 1784 1456 1822 222
1492 1796 1577 1836 seq.
1610 1785 1711 1824 Vide
1741 1799 1860 1837 supra
1891 1793 1920 1826 t.
1950 1790 2088 1829 11142.

1178 1841 1361 1892 Epistola
1392 1845 1448 1883 ad
1476 1846 1717 1896 Leodzenses,
1751 1850 1787 1886 in
1820 1862 1897 1900 qua
1930 1850 2085 1889 illorum

1123 1905 1393 1945 calamitatem
1418 1907 1551 1955 deflet,
1581 1910 1617 1946 in
1641 1921 1812 1959 quorum
1833 1913 2000 1950 exitium
2019 1914 2089 1951 Pa-

1123 1965 1270 2004 schalis
1291 1969 1394 2017 Papa
1416 1969 1633 2008 Robertum
1656 1971 1865 2010 Flandriae
1890 1974 2085 2012 Comitem

1122 2029 1381 2077 excitaverat,
1414 2031 1566 2070 inserta
1596 2033 1716 2071 simul
1745 2035 1922 2084 Epistola
1961 2037 2087 2085 Papae

1123 2090 1238 2127 modo
1267 2090 1374 2129 dicti.
1420 2092 1538 2131 Edita
1582 2095 1754 2144 prImum
1787 2105 1850 2134 est
1886 2097 1925 2133 in
1976 2097 2089 2135 Colo-

1122 2151 1249 2189 niensi
1280 2147 1550 2192 Conciliorum
1582 2154 1770 2199 editione,
1799 2156 1868 2194 sed
1900 2158 1987 2195 sine
2020 2168 2088 2194 no-

1122 2213 1228 2250 mine
1271 2215 1471 2261 auctoris,
1515 2215 1620 2264 quod
1665 2227 1761 2254 vero
1801 2217 2089 2264 addidit,Gol-

1119 2272 1273 2321 dastuS‚
1317 2275 1384 2322 qui
1428 2274 1560 2313 denuo
1601 2276 1736 2322 edidit,
1769 2278 1806 2313 in
1839 2278 2083 2316 Collectione

1118 2334 1363 2383 Scriptorum
1393 2339 1532 2373 contra
1553 2336 1787 2385 Gregorium
1815 2338 1896 2375 V11.
1925 2350 1958 2386 p.
1988 2338 2078 2376 488,

1118 2396 1214 2434 Inde
1239 2407 1354 2446 porro
1375 2398 1532 2446 repetiit
1557 2396 1655 2434 Edu.
1685 2398 1831 2435 Brown
1859 2399 1896 2434 in
1924 2397 2087 2447 Appen-

1118 2457 1204 2495 dice
1233 2457 1280 2495 ad
1312 2458 1561 2496 Fasciculum
1594 2469 1728 2495 rerum
1760 2458 2080 2505 expetendarum

1119 2523 1160 2556 et
1190 2518 1479 2568 fugiendarum.
1511 2519 1777 2556 Nesciverunt
1808 2517 1906 2562 hoc⁷
1937 2522 1979 2554 ut
2008 2519 2083 2556 alia

1121 2580 1258 2627 multa,
1290 2580 1404 2618 Edm.
1436 2582 1612 2618 Martene
1642 2584 1682 2616 et
1714 2579 1881 2616 Ursinus
1907 2578 2083 2626 Durand,

1120 2641 1212 2679 hinc
1243 2642 1348 2679 illam
1380 2640 1511 2678 denuo
1554 2639 1766 2677 ediderunt
1795 2650 1843 2676 ex
1876 2639 1952 2676 ΜΒ.
1997 2639 2086 2677 Sta-

1118 2704 1274 2741 bulensi
1299 2707 1393 2740 tom.
1422 2703 1448 2740 1.
1475 2702 1732 2740 Collectionis
1753 2700 2021 2750 amplissimae
2048 2712 2082 2749 p.

1120 2764 1210 2803 587.
1231 2764 1428 2802 Addimus
1461 2763 1580 2800 verba
1612 2761 1808 2811 quaedam
1842 2773 1888 2799 ex
1915 2767 2080 2799 annota-

1121 2827 1226 2863 tione
1257 2825 1438 2876 subjecta
1459 2838 1465 2862 :
1489 2823 1725 2863 Recudimus
1747 2821 1961 2872 epistolam,
1989 2825 2082 2867 tum,

1119 2892 1165 2924 ut
1195 2884 1448 2936 Siyebertum
1477 2898 1502 2924 a
1532 2886 1626 2924 vitio
1669 2883 1893 2922 schismatis
1933 2893 2084 2933 pur-qa-

1120 2958 1268 2986 remus.
1299 2948 1402 2986 Nam
1433 2947 1510 2985 etsi
1550 2945 1719 2984 Henrico
1749 2944 1979 2982 adhaeserit
2007 2943 2085 2981 Im-

1118 3009 1312 3060 peratori,
1347 3020 1463 3059 quem
1494 3020 1519 3045 a
1547 3007 1659 3057 Papa
1697 3005 1835 3056 deponi
1862 3016 1937 3042 uon
1970 3015 2084 3056 posse

1120 3068 1407 3117 existimabat,
1464 3067 1699 3107 paschalem
1747 3070 1879 3103 tamen
1930 3077 2085 3117 semper

1119 3130 1278 3180 αφιουίί
1304 3134 1599 3180 veneratusque
1638 3131 1697 3165 est
1726 3126 1939 3176 hymmum
1987 3129 2085 3166 Pon-

1122 3190 1286 3240 tificem:
1322 3191 1426 3235 Tum,
1458 3193 1501 3226 ut
1530 3187 1802 3240 refutaremus
1846 3189 2083 3226 senteutiam

1119 3250 1310 3289 lohannes
1336 3250 1496 3290 Imber-ti
1517 3251 1555 3288 in
1575 3252 1723 3288 Sancta
1750 3250 1867 3299 [θρῖα
1891 3260 2080 3288 asseren-

1121 3314 1181 3360 tis,
1213 3313 1312 3351 hanc
1343 3311 1546 3365 epistolam
1576 3310 1615 3348 in
1655 3309 1765 3348 nulla
1812 3308 2081 3350 Conciliorum
