2517 4009
934 210 1250 250 SANCIUS

151 278 346 320 SAMSON
376 280 580 320 Remensis
602 286 738 321 contra
766 284 923 322 Petrum
945 282 1059 321 Abai-

99 340 252 380 lardum
297 342 475 392 scripsit,
522 343 600 381 MS.
650 344 688 381 in
720 344 818 383 Bibl.
857 345 1058 383 Vaticana.

95 403 346 443 Montfaucon
379 405 406 442 l.
436 414 470 441 c.
499 415 537 454 p.
569 405 656 444 439.

149 464 376 513 SAMUEL‚
406 465 569 504 Beulani
600 467 662 504 vel
696 467 857 506 Beulani
896 468 1058 518 presby-

95 527 169 564 teri
199 537 248 564 cx
278 527 397 565 Laeta
425 527 594 577 conjuge
626 527 754 576 filius,
780 529 817 565 in
844 528 1056 567 Northum-

96 586 181 626 bria
212 591 359 636 natus,
390 588 522 627 floruit
545 600 580 627 a.
611 588 1055 628 640.etAnn0tat1'ones

94 647 136 686 in
150 648 348 687 Nennium
363 679 372 697 ‚
389 661 462 688 nec
481 662 557 689 non
574 650 621 689 a'e
637 651 759 702 yestis
776 652 894 702 Reqis
912 651 1059 690 Arluri

94 709 203 761 apud
241 711 376 750 Scotos
405 713 574 763 scripsit.
606 713 804 752 Lelandus
832 724 867 752 c.
899 714 960 751 48.
985 715 1056 751 Ba-

93 771 206 820 laeus
228 772 393 812 Centur.
426 775 455 812 1.
486 776 642 814 Pitscus
670 786 705 812 c.
735 775 825 813 640.

145 833 349 874 SAMUEL
390 835 436 874 de
474 836 680 885 Cassz'nis,
730 836 824 875 Ord.
871 837 1052 875 Fratrum

91 896 285 935 Minorum
315 898 409 947 Reg.
439 898 608 937 Observ.
641 898 867 949 provinciae
890 899 1054 945 Januae⁷

91 957 215 996 edidit
246 957 408 997 Librum
441 959 690 1010 Isayoyicum
727 960 768 998 in
793 958 926 1010 apices
950 959 1060 999 Scoti

91 1017 146 1058 ad
172 1018 450 1071 investiyanda
484 1020 709 1060 Aristotelis
736 1021 935 1072 principia
980 1022 1053 1059 Ve-

91 1085 172 1118 net.
203 1082 305 1120 4493
341 1081 503 1121 Librum
524 1083 774 1134 Isaqoqicum
796 1083 1053 1122 continentem

91 1139 215 1181 libros
243 1147 390 1194 septem
427 1143 656 1195 quz'cales,
682 1144 832 1183 Mediol.
869 1146 984 1183 4495.
1016 1145 1052 1183 lt.

17 1230 22 1234 -
91 1202 256 1242 Librum
298 1206 457 1243 tertium
491 1206 739 1256 Jsaqoqicum
781 1205 837 1244 ad
867 1205 1055 1258 Physicos

87 1264 221 1316 apices
249 1265 540 1316 assequendos,
577 1264 625 1305 ad
657 1268 804 1306 Julium
836 1269 882 1305 11.
913 1268 1053 1305 Pontii.

89 1325 214 1365 Cunei
239 1326 288 1365 ad
312 1326 603 1375 Pedemontes,
629 1329 714 1366 sine
739 1340 843 1366 anno
869 1329 1050 1380 impress.

89 1387 305 1428 Commeat.
327 1388 369 1427 in
397 1392 480 1427 octo
496 1387 618 1427 libros
635 1388 901 1441 Physicorum
919 1422 929 1438 ,
959 1390 1050 1428 ibid.

92 1449 214 1488 Varia
236 1443 453 1502 opuscula,
478 1452 616 1489 Venet.
644 1453 759 1491 4502.
788 1453 903 1491 4503.
920 1451 1052 1502 Arqu-

88 1513 346 1550 mentationes
374 1516 514 1551 contra
539 1514 639 1564 May.
665 1513 906 1552 Damianum
929 1514 1053 1553 Cras-

90 1584 179 1612 sum
208 1573 255 1612 de
279 1573 426 1626 Ripolis
451 1573 546 1613 Ord.
574 1574 798 1613 praedicat.
839 1575 949 1613 circa
972 1587 1052 1613 mo-

88 1635 183 1674 dum
207 1634 396 1687 loquendi
407 1637 712 1686 ‚·.Quaestionem
737 1636 789 1675 ab
813 1648 854 1676 eo
877 1637 1054 1689 disputa-

90 1700 168 1735 tam
186 1697 227 1736 in
238 1697 500 1737 universitate
521 1698 718 1738 Ticinensi
733 1729 741 1747 ‚
758 1700 870 1738 circa
888 1699 1054 1737 Joannis

89 1758 372 1810 Evanyelistae
396 1753 779 1811 consanyuinitatem
809 1766 880 1800 aut
901 1760 1052 1813 frater-

84 1821 246 1860 nitatem
269 1833 361 1861 cum
393 1822 554 1863 Christo
594 1823 787 1862 Domino:
819 1823 1053 1876 Apoloyiam

80 1895 159 1935 pro
195 1883 357 1923 Nicolao
392 1884 439 1923 de
476 1885 612 1936 Lyra,
657 1889 796 1924 contra
827 1887 884 1924 J0.
931 1886 1055 1925 Viter-

88 1945 263 1986 biensem
294 1946 388 1986 Ord.
417 1946 560 1986 Praed.
584 1947 631 1987 de
652 1947 891 1999 Geneal092·a
911 1947 1054 1987 Salva-

87 2010 202 2047 toris:
221 2008 495 2057 Quaestionem
513 2008 559 2048 de
574 2009 871 2048 immortalitate
881 2009 1052 2048 animae.

83 2070 236 2109 Mediol.
260 2071 376 2109 4498.
405 2072 508 2110 Haec
539 2071 791 2123 Waddingus
812 2072 861 2110 de
887 2073 1054 2123 scripto-

86 2132 197 2171 ribus
232 2132 326 2172 Ord.
365 2133 561 2172 Minorum
592 2146 628 2185 p.
674 2135 765 2173 343.
810 2135 898 2173 314.
939 2133 1052 2172 Adde

83 2193 307 2245 Sopranum
336 2194 385 2232 de
415 2195 676 2246 scriptoribus
703 2197 881 2247 Liguriae
902 2207 939 2246 p.
961 2196 1053 2234 252.

84 2253 240 2294 Oldoini
268 2255 520 2295 Athenaeum
552 2259 797 2307 Ligusticum
823 2269 859 2308 p.
888 2257 975 2295 493.

139 2317 160 2340 *
180 2318 320 2356 Nescio
343 2329 392 2356 an
421 2319 458 2355 in
491 2319 768 2369 complexione
789 2320 932 2358 varior.
959 2330 1055 2370 opu-

91 2377 293 2417 sculorum
313 2406 322 2425 ‚
345 2377 394 2415 de
419 2389 496 2427 qua
534 2379 608 2426 hic,
643 2381 895 2419 contineatur
934 2380 1052 2426 illud,

86 2439 193 2490 quod
217 2439 267 2478 ob
296 2449 410 2478 suam
445 2440 769 2490 singularitatem
808 2442 871 2480 hic
913 2445 1053 2480 merito

87 2500 346 2540 indicandum
376 2500 494 2548 duxi,
533 2502 796 2551 notitiamque
830 2504 918 2541 eius
958 2504 1052 2541 mihi

86 2562 316 2613 comparavi
347 2573 395 2601 ex
436 2563 627 2601 Nevizani
649 2564 769 2613 Sylva
798 2566 961 2614 nuptiali
988 2566 1052 2604 lib.

87 2625 114 2663 Ι.
137 2635 224 2676 pag.
251 2624 314 2662 38.
339 2624 421 2663 edit
449 2624 729 2674 Lugdunensis
753 2637 815 2664 an.
840 2627 954 2665 4526.
981 2627 1054 2665 Sa-

12 2723 19 2728 ,
89 2686 198 2725 muel
224 2685 271 2725 de
297 2686 478 2726 Cassinis
508 2686 547 2724 in
572 2690 748 2725 tractatu
771 2687 876 2738 quod
897 2700 971 2726 non
997 2693 1056 2727 est

83 2747 274 2800 possibile
299 2747 479 2800 aliquam
507 2747 725 2797 mulierem.
751 2747 839 2786 licet
852 2750 1054 2789 sanctissi-

88 2821 195 2849 mam
235 2809 414 2861 recipere
455 2809 642 2861 sisymata
675 2814 796 2861 prout
833 2809 974 2848 habuit
1013 2813 1052 2851 S.

88 2871 344 2911 Franciscus.
363 2872 483 2911 Aliud
501 2873 619 2909 ctiam
638 2872 874 2922 opusculum
889 2873 978 2911 Sam
988 2886 1053 2912 uc-

88 2934 149 2973 les
173 2934 319 2972 indicat
345 2933 447 2971 idem
475 2934 701 2972 Nevizanus
734 2934 794 2971 liis
819 2935 952 2973 verbis
990 2936 1050 2974 fol.

88 2996 182 3034 249.
204 2995 252 3033 F.
275 2993 440 3034 Samuel
461 2998 600 3033 contra
623 2996 665 3032 F.
695 2995 950 3034 Vincentium.

141 3058 286 3097 Contra
322 3057 427 3094 hunc
467 3057 695 3095 Samuelem
727 3058 874 3106 scripta
920 3059 1048 3108 reperi

89 3119 280 3172 opuscula
304 3118 409 3167 du03
435 3119 606 3157 alterum
630 3119 667 3156 iu
696 3118 828 3157 Indice
853 3119 958 3158 MSS.
980 3122 1047 3159 Va·

143 3269 177 3308 a)
201 3270 237 3299 ln
266 3267 364 3300 titulo
388 3268 552 3300 editiones
576 3269 826 3307 Argentinensis
839 3277 870 3301 a.
888 3269 978 3301 1523.
999 3271 1052 3302 di-

85 3320 173 3351 citur
199 3318 376 3358 Maqiseer
400 3318 616 3357 synaqoyae
632 3341 640 3355 ,
666 3326 756 3356 quae
780 3323 833 3349 est
856 3320 892 3349 in
918 3318 1056 3357 Subjul-

2010 212 2089 252 445

1135 283 1297 320 ticanor.
1327 294 1362 318 n.
1399 282 1485 320 466.
1526 280 1646 320 Picus
1676 282 1984 323 llli‘ranclulanus
2015 295 2091 335 pro

1134 343 1374 395 Hieronymo
1411 342 1664 382 Savonarola
1698 348 1837 382 contra
1870 344 2093 384 Samuelem

1136 404 1411 444 Cassinensem
1433 417 1441 454 3
1472 405 1645 444 alterum
1670 417 1764 445 vero
1795 406 1942 445 indicat
1963 406 1998 445 id
2025 408 2092 457 qui

1139 478 1260 517 supra
1286 468 1514 505 Nevizanus
1553 468 1589 505 in
1617 468 1740 518 Sylva
1777 469 1940 519 nuptiali
1968 469 2032 507 lib.
2057 470 2093 507 5.

1134 528 1196 566 fol.
1223 529 1299 567 244
1326 528 1386 566 his
1407 528 1659 578 designatum
1688 529 1821 569 Doctus
1845 530 1884 569 in
1905 542 1981 570 sua
1995 531 2096 583 Apo-

1133 588 1237 640 loyia
1261 592 1400 627 contra
1422 589 1465 626 F.
1486 589 1720 630 Samuelem.

1183 650 1414 697 SAMUEL‚
1444 652 1510 701 qui
1545 652 1660 703 vulgo
1702 652 2011 692 Marocclzianus
2033 665 2096 692 co-

1128 713 1407 763 gnominatur,
1437 714 1470 760 a)
1501 713 1702 762 Judaeus,
1734 716 1933 755 Fossanus
1958 718 2095 767 patria,

1129 785 1162 812 a.
1190 774 1304 812 4085.
1334 774 1459 812 Toleti
1490 774 1536 812 ad
1569 774 1686 813 fidem
1717 774 1982 816 Christianam
2004 789 2098 816 con—

1132 845 1275 873 versus
1308 835 1475 885 Scripsit
1491 835 1646 874 arabice
1660 837 1877 876 Historiam
1895 844 2097 878 concerta-

1132 895 1247 934 tionis
1271 907 1361 934 cum
1398 894 1640 935 Albucabelo
1681 898 2095 939 Mohammeclanorum

1129 957 1346 1008 mayistro,
1373 969 1474 1008 quae
1492 960 1613 997 etiarn
1635 961 1770 999 Latine
1792 961 1935 1011 prodiit
1958 976 1964 1000 :
1984 963 2099 1013 Epis·

1130 1019 1248 1059 tolam
1272 1019 1326 1058 ad
1341 1022 1385 1060 R.
1405 1021 1591 1059 Isaacum
1612 1021 1658 1060 cle
1679 1033 1785 1061 vana
1802 1023 1969 1062 Messiae
1984 1025 2094 1076 apud

1127 1082 1302 1121 Judaeos
1331 1082 1614 1134 eoepectaaone.
1655 1083 1762 1123 Ilaec
1793 1085 1841 1124 ab
1869 1087 1974 1136 ipso,
2005 1098 2097 1126 cum

1127 1143 1258 1183 adhuc
1304 1144 1480 1184 Judaeus
1526 1150 1662 1193 esset,
1694 1148 1840 1198 scripta
1883 1152 1971 1197 est,
2002 1150 2095 1200 quia

1101 1211 1262 1256 -optat‚
1289 1211 1331 1246 ut
1354 1207 1528 1258 majores
1557 1212 1677 1259 caput
1709 1210 1804 1248 Llll.
1849 1211 2003 1249 Jesaiae
2045 1223 2095 1250 ex

1128 1267 1271 1306 Codice
1299 1269 1443 1316 Sacro,
1462 1281 1588 1320 eoque
1605 1302 1615 1318 ,
1634 1275 1678 1309 ut
1695 1271 1930 1322 prophetam
1948 1272 1996 1311 de
2017 1274 2098 1311 vita

1128 1330 1403 1368 sustulissent.
1446 1332 1624 1382 Epistola
1651 1331 1748 1371 haec
1788 1334 1825 1371 in
1855 1335 2034 1373 Latinam
2059 1340 2099 1373 et

1126 1391 1224 1429 alias
1245 1391 1402 1441 linguas
1422 1403 1618 1431 conversa
1643 1397 1683 1431 et
1707 1395 1867 1444 saepius
1900 1397 2095 1446 impressa

1127 1457 1201 1490 est.
1229 1454 1358 1491 Prima
1384 1452 1504 1492 editio
1531 1454 1674 1504 prodiit
1699 1455 1944 1507 Antvcrpiae
1982 1459 2098 1497 4486.

1126 1513 1175 1552 de
1197 1514 1362 1563 reliquis
1386 1515 1633 1553 consulenda
1667 1520 1730 1553 est
1762 1517 1858 1556 Rev.
1881 1519 2013 1557 Wolfii
2037 1521 2099 1558 Bi-

1124 1575 1262 1614 blioth.
1289 1576 1506 1615 Haebraica
1534 1581 1628 1614 tom.
1656 1578 1669 1616 1
1698 1590 1734 1628 p.
1763 1579 1880 1617 4099.
1908 1585 2002 1618 tom.
2036 1583 2102 1620 Ill.

1128 1650 1164 1689 p.
1208 1639 1321 1677 4400.
1359 1649 1470 1688 seqq.
1511 1638 1624 1678 Adde
1667 1641 1873 1679 Possevini
1927 1641 2103 1693 Appara-

1129 1705 1214 1739 tum
1241 1704 1350 1738 tomo
1376 1701 1421 1738 11.
1450 1713 1486 1751 p.
1513 1700 1591 1739 379

1183 1761 1386 1800 SAMUEL
1416 1763 1534 1814 TaJo,
1559 1762 1647 1802 vide
1674 1764 1773 1803 infra
1811 1765 1915 1816 Tajo.

1186 1824 1354 1864 SANCll
1382 1824 1630 1864 Ballericiin
1660 1825 1951 1878 Philosophiam
1990 1829 2102 1869 Com-

1128 1886 1318 1925 mentarii
1354 1891 1493 1926 extant
1532 1889 1678 1927 Romae
1719 1890 1755 1926 in
1805 1890 1902 1928 Bibl.
1941 1890 2105 1930 Ottobo-

1127 1950 1259 1988 niana.
1281 1950 1602 1988 Montfauconius
1630 1951 1728 1989 Bibl.
1759 1952 2096 1991 Bibliothecarum

1127 2010 1231 2049 MSS.
1259 2022 1295 2061 p.
1319 2011 1408 2050 489.
1431 2010 1629 2060 Additur,
1661 2014 1832 2064 scriptos
1870 2026 1960 2053 esse
2000 2020 2099 2054 tem-

1127 2084 1222 2123 pore
1248 2073 1398 2111 Leonis
1426 2075 1475 2112 X.
1503 2085 1536 2112 a.
1564 2074 1804 2127 45117.quod
1822 2075 1870 2115 de
1886 2079 2105 2129 exscripto-

1127 2146 1194 2183 re,
1221 2146 1299 2172 non
1324 2140 1486 2175 auctore
1507 2164 1520 2180 ‚
1546 2137 1736 2189 intelligo.

1180 2196 1391 2236 SANClUS
1416 2197 1625 2248 Aragonae
1643 2200 1780 2238 Infans
1797 2232 1807 2248 ‚
1833 2202 1964 2240 Jacobi
1987 2203 2103 2253 Regis

1128 2268 1241 2308 cogn.
1266 2258 1438 2296 Victoris
1479 2258 1585 2298 filius
1602 2290 1612 2306 ,
1638 2261 1842 2300 Ecclesiae
1889 2264 2102 2303 Toletanae

1127 2319 1315 2368 Praesul‚
1359 2321 1519 2370 scripsit
1560 2321 1741 2360 Litanias
1776 2329 1814 2361 et
1863 2325 2037 2375 Hymnos
2062 2327 2102 2364 in

1129 2380 1285 2419 laudem
1329 2381 1544 2421 Genitricis
1575 2384 1650 2421 Det
1704 2383 1880 2423 Mariae.
1930 2387 2098 2426 Occisus

1128 2445 1245 2483 suita
1284 2446 1430 2483 Mauris
1467 2457 1502 2483 a·
1545 2445 1660 2484 1275.
1702 2447 1853 2497 H'ppol.
1893 2449 2094 2487 Marraccii

1127 2506 1369 2544 Bibliotheca
1394 2507 1569 2545 Mariana
1590 2511 1709 2546 tomo.
1736 2509 1781 2546 11.
1810 2521 1845 2559 p.
1876 2510 1964 2548 35¹.

1182 2566 1393 2605 SANCIUS
1414 2566 1461 2604 de
1487 2568 1695 2617 Besaran,
1721 2570 1940 2609 monachus
1960 2582 2102 2610 coeno—

1126 2628 1176 2665 bii
1202 2628 1556 2666 Dominicanorum
1579 2631 1794 2679 Oscensis,
1816 2631 1923 2670 Fidei
1945 2633 2098 2672 Censor

1125 2690 1346 2741 generalis‘
1373 2693 1413 2727 et
1450 2691 1677 2740 provinciae
1715 2691 1934 2743 Aragoniac
1986 2695 2095 2733 Prior

1128 2752 1414 2802 provincialis,
1439 2754 1541 2790 circa
1575 2763 1609 2790 a.
1636 2753 1752 2792 4430.
1774 2755 1939 2805 Scripsit
1958 2755 2102 2794 adver-

1126 2824 1196 2852 sus
1240 2813 1417 2853 Arnalcli
1460 2813 1710 2854 Villanovani
1749 2827 1909 2856 errores
1928 2849 1938 2865 ‚
1985 2823 2101 2867 prout

1128 2880 1255 2914 testes
1276 2881 1371 2915 sunt
1391 2878 1529 2916 Franc.
1552 2879 1698 2929 Diagus
1720 2880 1816 2917 llist
1834 2879 2053 2930 Aragoniae
2072 2881 2098 2919 1.

1126 2938 1188 2976 23.
1207 2943 1247 2975 ct
1269 2939 1509 2977 Vincentius
1527 2940 1665 2978 Blasco
1686 2941 1784 2978 [list.
1816 2941 2035 2990 Aragoniae
2054 2942 2100 2981 V.

1130 2998 1194 3038 42.
1210 2999 1332 3039 Nicol.
1348 3000 1548 3039 Antonius
1565 3002 1661 3039 Bibl.
1695 3003 1865 3052 Hispane
1889 3003 1978 3041 Yet.
1993 3001 2041 3039 X.
2060 3005 2095 3041 3.

1125 3072 1162 3098 n.
1190 3064 1278 3100 445.
1316 3063 1397 3099 Jac.
1435 3062 1572 3107 Quctif
1608 3062 1656 3101 de
1694 3063 1961 3114 Scriptoribus
2000 3064 2094 3102 Ord.

1124 3122 1441 3161 Praedicatorum
1470 3127 1565 3161 tom.
1591 3124 1618 3161 1.
1645 3136 1682 3174 p.
1705 3124 1795 3162 774.

1117 3268 1237 3296 monta
1264 3264 1299 3294 in
1326 3271 1434 3302 reqno
1459 3263 1719 3298 Marochiano.
