2533 4009
472 266 547 305 482
859 305 864 308 .

471 338 590 374 tiones
621 335 706 372 illos
733 333 861 381 pult-as
892 339 975 366 esse
1001 326 1222 378 respondit.
1247 331 1280 375 a)
1306 339 1408 378 quae

464 410 589 448 ymno
632 392 728 431 alibi
767 389 915 428 condito
956 389 1089 426 inanes
1117 387 1406 433 reddebantur:

469 460 618 497 Palmam
645 455 743 491 enim
769 454 919 489 veteres
940 450 969 487 T
968 449 1116 500 licoloqi
1134 449 1302 488 litteram
1321 450 1409 501 fru-

467 525 528 558 ctu
551 519 764 560 cur-entem,
790 511 851 550 vel
871 512 1004 550 sterile
1027 523 1123 562 opus
1145 510 1346 550 vocabant.
1373 512 1408 555 b)

468 582 602 636 Itaque
631 575 759 625 capita
791 573 857 611 illa
881 577 1017 624 postea
1061 585 1213 623 semper
1236 584 1312 623 pro
1337 583 1410 622 pa-

465 642 533 677 leis
557 641 647 675 sunt
672 635 872 686 inscripta.
897 646 929 682 C)
951 635 1033 673 Alii
1043 634 1184 686 paleas
1207 633 1257 672 ab
1280 634 1408 672 eodem

462 697 668 739 Curclinali
709 698 1002 736 POCAPMAEA
1050 701 1298 747 nuncupato,
1333 708 1408 747 quo

461 761 609 798 nornine
639 759 754 797 etiam
786 759 895 797 leodic
917 759 1098 810 oppidum
1120 759 1157 796 in
1182 757 1408 810 subalpinis

460 827 494 860 et
519 821 674 873 [cirillia
703 826 872 860 vocatur
890 853 898 869 ,
929 821 1053 859 dictas
1080 820 1205 873 fuisse
1242 823 1408 858 censent.

459 883 646 922 Xonnulli
672 884 694 920 ii
729 884 838 922 Palea
869 883 1056 921 Gratiani
1077 881 1266 934 discipulo
1287 882 1324 930 d>
1341 882 1412 933 qui

464 945 648 984 diversas
666 946 751 996 ejvs
777 944 869 982 libri
893 944 1163 996 inscriptiones
1178 943 1409 994 quandoque

457 1008 571 1046 etiam
620 1006 863 1058 improbatas
904 1006 1024 1058 fecit,
1054 1007 1089 1055 cl
1115 1005 1254 1058 paleas
1288 1006 1408 1044 nomi-

458 1073 570 1107 natas
597 1070 723 1121 sitisse.
747 1072 966 1106 autumant.
999 1069 1131 1119 Neque
1160 1067 1315 1115 desunt,
1341 1068 1412 1119 qui

458 1131 551 1169 llaec
579 1130 763 1182 sabulosa
787 1130 1083 1178 existimantes,
1106 1131 1271 1169 Decreta
1291 1141 1409 1180 quae-

455 1193 544 1230 clam
589 1192 803 1231 novissima
848 1192 1029 1242 adjecta,
1059 1191 1166 1231 velut
1203 1195 1407 1243 suspecta,

456 1259 492 1293 et
515 1254 591 1305 ficle
614 1255 803 1301 carentia,
822 1254 962 1305 paleas
984 1256 998 1293 f
1013 1259 1020 1303 )
1045 1253 1262 1306 appellatas
1285 1253 1409 1306 fecisse

456 1317 633 1361 credant,
655 1328 763 1368 opus,
786 1318 888 1367 quocl
912 1320 1077 1368 patrum
1103 1316 1409 1367 I'onteficumque

456 1381 633 1418 Decretis
657 1383 817 1425 scateat,
843 1380 1051 1417 Decretum
1076 1379 1307 1430 inscriptum
1321 1378 1409 1431 fuit.

512 1442 790 1480 PALl-‘t'sslt’s
808 1445 893 1479 sive
913 1440 1159 1492 Palpliurius
1179 1443 1301 1488 Sura,
1324 1442 1409 1479 aliis

458 1505 597 1542 vitiose
638 1502 899 1554 Calpurnius,
932 1505 1089 1553 scripsit
1134 1503 1410 1553 ephemeridas

458 1568 562 1604 vitae
591 1565 755 1603 Gallieni
788 1567 885 1616 lmp.
911 1577 1056 1616 suppar
1082 1566 1235 1604 illorum
1261 1571 1410 1616 tempo-

459 1640 574 1676 rum,
607 1628 791 1666 laudatus
838 1628 1030 1666 Trebellio
1072 1628 1230 1666 Pollioni
1262 1629 1297 1665 in
1330 1630 1410 1665 vita

458 1690 623 1728 Gallieni
650 1702 734 1740 cap.
781 1691 849 1728 ult.
893 1691 1138 1741 Imperitavit
1181 1691 1409 1737 Gallienus,

460 1752 652 1790 Valeriani
686 1753 724 1790 F.
754 1752 802 1790 ab
833 1752 880 1790 Α.
909 1754 952 1791 C.
983 1755 1058 1792 253
1088 1753 1135 1791 ad
1166 1754 1254 1792 268.
1298 1752 1410 1791 Alius

461 1819 503 1852 ut
534 1814 718 1862 videtur,
753 1815 844 1853 licet
873 1820 1003 1853 aetate
1027 1815 1191 1863 eadem,
1221 1815 1412 1853 l‘alfurius

466 1877 767 1926 potentissimus
800 1878 922 1926 latre,
953 1888 1029 1927 quo
1059 1883 1172 1927 capto
1201 1882 1320 1926 atque
1359 1879 1414 1914 in-

461 1939 625 1976 terfecto
655 1949 812 1976 omnem
846 1940 1035 1977 Isauriam
1063 1939 1241 1977 liberavit
1266 1939 1412 1977 Probus

462 2002 679 2050 Imperator
709 2002 812 2039 circa
842 2001 914 2039 An.
942 2001 1030 2039 279.
1056 2006 1159 2039 teste
1187 2002 1349 2051 Vopisco
1375 2003 1411 2038 in

462 2063 571 2100 Probi
605 2064 684 2099 vita
705 2073 790 2112 cap.
811 2064 872 2101 46.
893 2063 1007 2101 Alius
1030 2068 1137 2101 certe
1157 2068 1197 2101 et
1220 2065 1415 2113 antiquior

462 2124 655 2163 Palfurius
684 2124 781 2163 Sura
812 2125 860 2162 de
903 2124 1132 2163 Oratoribus
1176 2131 1405 2172 coronatus,

463 2198 581 2236 quem
614 2186 871 2225 Consularem
917 2187 1078 2237 pulsum
1110 2188 1258 2225 Senatu
1287 2188 1308 2225 a
1344 2188 1416 2225 Ve—

463 2250 644 2299 spasiano
675 2248 777 2298 quod
804 2249 1104 2287 Vitellianarum
1131 2251 1300 2299 partium
1323 2250 1416 2288 fuis-

463 2316 548 2357 set,
579 2312 790 2348 restituere
831 2312 956 2359 noluit
1002 2313 1272 2359 DomitianuS,
1313 2317 1414 2350 teste

463 2373 650 2411 Svetonio
679 2383 762 2422 cap.
797 2374 858 2411 43.
891 2372 998 2411 ldem
1030 2378 1162 2411 tamen
1194 2375 1215 2411 a
1246 2373 1416 2412 Scholia-

463 2440 523 2472 ste
550 2434 756 2473 juvenalis
789 2435 849 2473 l'v'.
880 2435 930 2473 53
970 2435 1141 2473 traditur
1183 2435 1415 2473 transivisse

461 2496 514 2534 acl
536 2497 705 2535 Stoicam
730 2501 877 2535 sectam
893 2529 902 2544 ,
931 2497 970 2535 in
994 2509 1074 2548 qua
1098 2508 1185 2535 cum
1204 2497 1414 2547 praevate-

463 2563 526 2597 ret
547 2558 766 2610 eloquentia
789 2563 826 2598 et
847 2560 947 2598 artis
966 2560 1140 2611 poeticae
1159 2559 1302 2610 (floria,
1318 2558 1414 2597 abu-

467 2632 536 2660 sus
571 2621 848 2673 familiaritate
893 2622 1124 2661 Domitiani.
1161 2621 1414 2661 acerbissime

461 2688 599 2734 partes
628 2683 834 2723 delationis
855 2685 1040 2724 eacercuit
1057 2717 1066 2733 ‚
1089 2696 1164 2736 quo
1187 2683 1386 2736 interfecto
1409 2716 1416 2733 ,

463 2748 610 2784 Senatu
635 2751 845 2785 accusante
869 2748 1081 2786 damnatus
1110 2751 1178 2786 est.

517 2809 710 2847 Domitius
754 2810 1030 2849 PALLADIUS
1069 2811 1270 2858 Soranus,
1297 2810 1412 2858 cujus

463 2877 640 2921 poemata
669 2871 773 2909 edita
799 2872 935 2909 Venct.
963 2872 1076 2910 4Ιι98.
1105 2873 1139 2910 4.
1166 2883 1233 2924 per
1257 2874 1311 2910 Jo.
1340 2873 1411 2910 Bu-

463 2935 624 2982 ptistam
656 2936 837 2981 sessani,
869 2934 1215 2974 Mediolanensem.

525 3077 556 3114 a)
582 3080 750 3118 Tanquam
776 3078 898 3110 nullius
921 3081 1044 3119 pretii,
1065 3082 1099 3110 ut
1121 3078 1207 3119 apud
1222 3077 1413 3109 Albericum

467 3127 498 3154 in
524 3127 643 3158 [bron.
669 3137 741 3168 pag.
766 3130 819 3160 52.

482 3176 539 3204 Dat
560 3176 700 3208 Galenus
725 3188 801 3217 opes
826 3183 856 3210 ct
880 3181 1007 3211 sanctio
1034 3180 1234 3210 Justiniana.

484 3224 528 3252 Ex
551 3225 622 3255 aliis
647 3227 775 3264 paleas,
799 3237 837 3259 ex
864 3231 936 3260 istis
960 3229 1085 3268 colligo
1108 3238 1223 3268 grana.

523 3273 556 3309 b')
585 3274 821 3314 1'l1e‘111l111latrt.
840 3280 877 3308 in
902 3280 1015 3311 Naum
1038 3279 1202 3318 Prophet.
1228 3288 1304 3319 cap.
1321 3279 1353 3310 5.

465 3371 485 3396 Γ
523 3320 554 3358 e)
577 3322 681 3361 Caepo
707 3326 738 3354 in
763 3331 858 3359 tract.
884 3328 922 3357 ds·
947 3330 1139 3367 cognitione
1156 3329 1315 3360 librorum
1329 3330 1416 3361 Juris

478 3377 542 3401 Ain„

1236 257 1660 297 PALFURIUS

1538 328 1813 369 PALLADIUS
1850 333 2000 372 Fuscus
2031 335 2115 372 sive
2146 331 2292 382 Niqer,
2321 331 2432 370 Pata-

1483 391 1614 429 vinus.
1644 390 1770 440 Supra
1799 396 1893 432 tom.
1925 395 1960 433 2.
1991 406 2077 446 pag.
2109 395 2197 433 628.

1534 452 1813 491 PALLADlUS
1843 455 2087 505 Patavinus,
2119 467 2239 507 supra
2269 460 2361 494 tom.
2392 455 2428 494 2.

1482 525 1567 564 pag.
1599 515 1674 552 628
1705 515 1742 551 in
1772 514 1940 554 Palladio
1969 518 2106 557 Fusco.

1536 575 1818 614 PALLADIUS
1846 576 1990 616 Rhetor
2019 581 2201 627 LatinuS,
2226 580 2342 632 cujus
2365 579 2432 618 de-

1482 637 1756 676 clamationem
1788 644 1980 677 memorat
2005 641 2270 690 Symmachus
2299 641 2364 680 lib.
2395 642 2430 680 4.

1482 699 1606 748 Epist.
1625 699 1660 736 9.
1687 699 1746 738 Ad
1771 700 1941 738 eundem
1968 702 2102 740 scribit
2126 703 2188 741 lib.
2214 704 2281 742 IX.
2305 702 2430 742 Edist.

1484 762 1520 799 4.
1548 765 1588 799 et
1631 762 1792 800 fratrem
1834 774 1950 800 suum
1983 764 2178 813 appellat,
2208 769 2432 816 spectatum

1482 823 1594 861 bonis
1623 824 1806 862 omnibus
1838 824 2045 863 facundiae
2086 829 2205 875 atque
2246 826 2460 877 eruditio->

1484 886 1562 922 uis:
1595 885 1659 924 lib.
1690 888 1723 924 4.
1756 887 1879 936 Epist.
1911 886 1972 924 88.
2015 885 2202 936 Ejusdem
2248 898 2430 938 pompam

1481 957 1573 985 cum
1603 949 1818 986 acrimonia
1853 948 2085 994 Quintiliani
2114 947 2287 988 celebrat
2326 948 2436 988 Sido-

1484 1009 1572 1046 nius
1601 1009 1839 1059 Apollinaris
1872 1010 1954 1048 Lib.
1983 1010 2026 1048 V.
2056 1010 2180 1060 Epist.
2207 1011 2268 1049 40.
2292 1011 2348 1049 De
2371 1022 2434 1049 eo-

1482 1070 1571 1108 dem
1603 1069 1870 1120 Symmachus
1901 1071 1966 1109 111.
1998 1071 2059 1109 50.
2084 1071 2132 1110 Si
2151 1070 2248 1123 quid
2276 1076 2433 1123 praete-

1482 1143 1554 1170 rea
1577 1133 1678 1171 scitu
1703 1144 1799 1184 opus
1823 1137 1905 1181 est,
1926 1144 2036 1172 meus
2060 1131 2264 1172 Palladius
2287 1133 2434 1173 indica-

1485 1192 1561 1241 bit,
1586 1206 1700 1246 quem
1725 1206 1791 1245 eqo
1831 1206 1908 1233 non
1943 1195 2074 1234 minus
2093 1193 2200 1234 doleo
2222 1195 2435 1235 abductum

1482 1256 1726 1307 injuventute
1766 1259 1969 1306 Romana,
2009 1269 2129 1309 quam
2169 1257 2354 1308 yratulor
2395 1257 2434 1296 in

1482 1330 1590 1369 spem
1617 1319 1685 1358 sui
1703 1318 1861 1358 honoris
1885 1319 2067 1359 accitum.
2093 1321 2150 1358 Jo.
2174 1320 2435 1359 Sarisberien-

1483 1392 1538 1418 sis
1563 1381 1626 1419 lib.
1654 1383 1688 1420 3.
1715 1382 1929 1433 Metalogici
1965 1393 2048 1432 cap.
2076 1383 2137 1422 40.
2177 1382 2250 1421 Est
2278 1385 2432 1429 autem,

1482 1447 1526 1480 ut
1552 1447 1612 1481 ait
1639 1442 1870 1492 Palladius,
1901 1455 2045 1495 maqna
2064 1455 2166 1494 pars
2182 1442 2434 1495 prudentiae,

1484 1506 1569 1557 eJus
1598 1516 1686 1543 cum
1716 1517 1791 1556 quo
1820 1507 1957 1555 aqitur
1981 1505 2196 1545 aestimare
2212 1516 2434 1557 personam.

1538 1567 1816 1606 PALLADIUS
1846 1569 1868 1605 a
1898 1568 2122 1607 Caelestino
2153 1569 2179 1607 Ι.
2211 1569 2312 1620 Papa
2342 1569 2438 1606 mis-

1483 1640 1554 1667 sus
1597 1631 1632 1666 in
1675 1630 1872 1677 Scotiam,
1904 1629 2090 1680 idemque
2119 1631 2272 1680 primus
2302 1630 2436 1668 Scoto-

1484 1702 1570 1730 rum
1602 1692 1820 1741 Episcopus
1849 1692 1952 1729 circa
1983 1691 2027 1729 A.
2059 1690 2100 1729 C.
2131 1692 2220 1730 434.
2249 1691 2346 1730 Vide
2377 1691 2435 1728 vi-

1484 1758 1563 1791 tam
1594 1753 1633 1791 S.
1664 1754 1815 1790 Patricii
1858 1763 1939 1803 cap¹
1971 1753 2037 1793 25.
2074 1753 2222 1791 Usserii
2252 1752 2436 1802 Antiqui—

1485 1820 1588 1854 tates
1619 1816 1866 1853 Britannicas
1895 1825 1980 1865 cap.
2012 1815 2072 1854 46.
2105 1814 2321 1853 Antonium
2348 1814 2438 1864 Pagi

1485 1877 1532 1916 ad
1563 1877 1607 1915 Α.
1640 1877 1726 1916 429.
1772 1888 1880 1915 num.
1925 1876 1985 1915 41.
2017 1887 2099 1927 seq.
2130 1881 2170 1914 et
2201 1876 2290 1915 434.
2321 1887 2432 1914 num.

1488 1940 1548 1978 54.
1580 1939 1677 1977 Acta
1708 1939 1885 1977 Sanctor.
1910 1944 2004 1977 tom.
2030 1939 2053 1978 2
2073 1939 2165 1978 Julii
2191 1939 2252 1978 VI.
2283 1950 2320 1990 p.
2346 1938 2435 1977 286.

1488 2012 1570 2051 seq.
1621 2003 1729 2040 Hunc
1771 2012 1863 2040 cum
1892 1999 2082 2048 Palladio,
2116 2000 2437 2050 Helenopolitano

1490 2064 1525 2100 in
1556 2063 1736 2113 Bithynia
1782 2064 2004 2113 Episcopo,
2047 2062 2196 2100 Graeco
2242 2062 2354 2100 Vitae
2399 2062 2439 2101 S.

1488 2125 1758 2175 Chrysostomi
1790 2126 1981 2174 scriptore
2009 2123 2259 2163 confundunt
2283 2123 2438 2162 Trithe-

1489 2188 1591 2225 mius
1620 2198 1704 2238 cap.
1733 2187 1818 2225 433.
1843 2191 1882 2225 et
1906 2187 2048 2225 Baleus
2073 2186 2173 2225 XIV.
2197 2186 2233 2224 6.
2257 2185 2437 2225 tribuens

1488 2250 1520 2285 ei
1555 2254 1755 2299 praeterea
1786 2248 1926 2288 librum
1957 2253 2094 2287 contra
2124 2248 2379 2299 Pelagianos,
2399 2251 2440 2286 et

1490 2312 1673 2349 llomilias
1701 2312 1835 2361 plures
1864 2316 1904 2349 et
1932 2311 2130 2362 Epistolas
2160 2310 2208 2349 ad
2246 2308 2438 2349 Caelesti-

1488 2385 1595 2412 num.
1624 2375 1678 2411 De
1708 2374 2029 2424 llelenopolitano
2058 2373 2225 2424 aliisque
2253 2372 2438 2412 Palladiis

1488 2436 1566 2474 dixi
1596 2436 1659 2474 lib.
1690 2437 1733 2474 V.
1761 2447 1844 2486 cap.
1889 2437 1952 2476 32.
1995 2436 2092 2475 Bibl.
2121 2435 2292 2475 Graecae
2323 2435 2363 2472 in
2394 2434 2439 2473 li-

1489 2499 1592 2535 mine
1623 2499 1842 2537 Voluminis
1872 2499 1941 2537 IX.

1538 2560 1710 2598 joannes
1740 2562 1948 2599 PALMER.
1980 2572 2101 2612 supra
2130 2565 2156 2598 t.
2188 2559 2240 2599 1v
2271 2572 2306 2610 p.
2329 2559 2418 2598 396.

1545 2621 1706 2660 leomas
1735 2622 2090 2672 PALMERANUS,
2116 2623 2215 2661 infra
2235 2621 2436 2660 THOMAS

1487 2682 1736 2724 Hibernicus.

1539 2746 1761 2786 Matthaeus
1791 2747 2072 2786 PALMERIUS
2092 2746 2344 2785 Florentinus
2364 2745 2437 2784 Su-

1487 2820 1553 2858 pra
1583 2809 1655 2847 hoc
1686 2810 1882 2860 praesenti
1916 2808 2121 2847 Volumine
2151 2819 2238 2859 pag.
2263 2808 2324 2846 49.

1539 2871 1724 2909 Mcitctu‘as
1754 2870 2033 2911 PALMERIUS
2053 2871 2219 2909 Pisanus
2249 2870 2375 2920 Supra
2399 2881 2439 2921 p.

1488 2932 1548 2970 [29.
1592 2935 1646 2971 De
1693 2935 1872 2971 versione
1905 2934 2038 2971 Latina
2069 2932 2154 2971 libri
2182 2931 2363 2971 Aristeae
2387 2932 2436 2970 de

1538 3075 1574 3115 d)
1599 3074 1689 3106 tmol.
1719 3076 1751 3106 in
1775 3077 1813 3105 R.
1837 3074 1876 3106 de
1899 3075 1989 3106 verb.
2013 3075 2115 3113 oblig.
2142 3074 2215 3106 sub.
2240 3082 2273 3104 n.
2296 3072 2328 3110 5,

1539 3125 1572 3164 e)
1593 3126 1787 3165 speculator
1810 3127 1845 3156 in
1869 3127 1928 3158 tit.
1947 3125 1986 3157 de
2011 3127 2167 3165 disputat.
2195 3128 2227 3155 et
2248 3123 2384 3162 allegat.
2407 3124 2441 3162 S.

1478 3175 1536 3206 ult.
1579 3178 1612 3207 in
1644 3176 1699 3207 fin:
1723 3176 1831 3215 Caepo
1855 3177 1888 3206 in
1912 3175 1945 3207 d.
1958 3180 2054 3207 tract.
2071 3184 2104 3206 n.
2120 3173 2170 3206 14.
2184 3176 2339 3212 praepos.
2354 3173 2442 3206 Alex.
2508 3192 2511 3199 ·

1480 3226 1511 3255 in
1528 3233 1651 3264 proem.
1665 3225 1790 3257 decret.
1806 3227 1870 3256 Jas.
1885 3227 1918 3256 in
1934 3225 2026 3256 rubr.
2041 3225 2080 3256 de
2094 3222 2256 3255 actionib.
2270 3229 2304 3254 n.
2325 3221 2374 3255 1⁶2.

1535 3292 1571 3328 Γ)
1595 3294 1652 3323 Est
1673 3293 1776 3323 etiam
1788 3292 1846 3331 qui
1862 3289 1941 3323 velit
1967 3271 2150 3316 Παλαίάς
2178 3287 2446 3324 tanquamanti-

1490 3337 1617 3372 quatas.
