2517 4009
891 267 1272 309 NlCOLAUs

94 334 194 374 1358
217 334 279 373 die
302 335 351 373 X.
377 332 465 386 Maji
491 333 748 376 Pontificatus
779 339 820 376 Ι).
854 340 1045 379 Innocen-

92 397 136 435 tii
164 398 290 447 Papae
320 396 383 435 VI.
413 407 517 434 anno
546 397 607 435 VI.

146 459 262 499 LXII.
292 458 390 497 Item
421 458 613 509 quaedam
643 460 778 500 literae
822 462 939 514 Reqis
967 463 1044 501 Po-

92 519 221 559 loniae
248 527 406 572 apertae
436 533 461 558 a
490 526 600 572 terqo
628 522 825 574 siyillutac
860 526 1041 574 confiten-

91 581 144 623 tis
171 594 209 620 se
227 588 264 621 et
287 582 468 633 Reynum
496 596 613 623 suum
637 597 716 623 esse
740 585 782 624 in
811 586 1040 636 obedientia,

88 649 124 683 et
153 644 389 684 subiectione
420 644 462 684 S.
492 646 540 684 R.
573 647 619 685 E.
649 654 683 686 et
714 648 754 685 in
783 649 941 699 siqnum
971 650 1042 688 liu-

86 706 258 746 iusmodi
283 708 455 747 solvitur
500 708 641 748 ibidem
682 721 820 749 census
839 738 849 754 ‚
878 712 949 762 qui
977 724 1042 750 vo-

87 776 206 810 catur
234 769 423 810 denarius
453 771 501 810 B.
533 771 644 810 Petri
674 773 720 811 R.
746 772 793 811 E.
820 781 854 811 et
879 782 933 813 est
957 775 1041 813 sine

87 830 184 871 data
210 832 406 884 siqillatae
431 845 456 871 a
487 842 596 886 teryo
625 835 666 873 in
690 847 783 873 cera
806 835 907 873 alba.

142 895 278 934 Lxlll.
308 895 405 934 ltem
431 897 625 947 quaedam
649 897 752 936 aliae
774 898 908 936 literae
930 898 1039 938 etan-

87 968 153 996 sae
170 986 180 1003 ,
209 969 308 1009 quas
337 959 443 996 niisit
469 958 544 1009 Ep.
569 959 784 1010 Prayensis
809 960 1040 1012 siqnificans

84 1019 190 1071 quod
209 1020 252 1058 in
280 1020 438 1059 civitate
475 1021 525 1062 W
524 1021 805 1062 ratislaoiensi.
835 1022 900 1061 ubi
937 1034 1039 1062 rece-

82 1082 143 1134 pit
171 1082 406 1123 mandatum
433 1083 704 1135 Apostolicum
732 1098 850 1136 super
878 1085 1040 1125 denario

83 1144 133 1184 B.
176 1144 313 1192 Petri,
355 1147 548 1197 processit
589 1159 680 1186 cum
720 1149 958 1187 maturitate
1004 1155 1039 1187 et

84 1219 229 1258 mayna
257 1207 534 1248 deliberatione
566 1216 600 1248 et
625 1211 802 1261 finaliter
831 1219 987 1262 recepta
1015 1225 1039 1249 a

82 1270 233 1308 civibus
262 1269 523 1322 obliqatione,
552 1273 657 1323 quod
684 1272 727 1311 de
756 1273 926 1323 quolibet
967 1273 1039 1312 hu-

84 1343 204 1370 mano
231 1332 362 1384 capite
389 1334 606 1385 recipiatur
624 1347 729 1373 unus
753 1335 942 1373 denarias
962 1347 1041 1373 mo-

82 1401 195 1432 netae
216 1393 270 1432 ibi
297 1396 497 1433 currentis
527 1396 600 1447 qui
625 1396 816 1434 denarius
845 1409 926 1435 non
955 1409 1040 1435 niu-

83 1460 197 1495 tatur
225 1458 269 1494 in
295 1456 479 1507 pondere.
508 1457 563 1496 Et
591 1458 795 1497 interdicti
824 1460 1038 1497 sententias

81 1524 223 1558 contra
251 1518 353 1570 ipsos
381 1518 531 1559 dudum
559 1520 758 1559 relaoeavit
781 1533 848 1559 seu
878 1522 1040 1560 amovit.

83 1580 144 1620 De
173 1587 346 1633 tempore
373 1590 508 1633 autem
537 1584 622 1635 ipso
651 1592 901 1623 cessaverunt
939 1584 1040 1622 vide-

88 1643 178 1682 licet
201 1654 272 1695 per
301 1643 342 1682 X
366 1653 402 1683 et
437 1645 522 1684 VII.
547 1645 710 1694 Annos,
735 1645 926 1697 quomodo
952 1658 1039 1697 pos-

81 1706 163 1745 sint
191 1706 386 1745 extimari
423 1713 520 1745 sunt
549 1707 784 1759 opinionem,-
815 1707 1039 1747 Secundam

84 1768 209 1820 maqis
233 1769 493 1808 rationabiles
511 1770 668 1809 videtur
691 1771 796 1822 quod
818 1783 1038 1811 recurran-

85 1838 154 1889 tur
173 1830 226 1870 ad
244 1831 461 1883 registrum
486 1831 599 1871 Sedis
618 1831 869 1884 Apostolicae
893 1834 944 1872 ad
967 1834 1042 1872 sci-

70 1893 231 1933 ‘endum
289 1901 489 1946 quantum
540 1895 710 1946 sinqulis
758 1896 888 1934 Annis
952 1904 1043 1936 ante

85 1963 236 2008 tempus
283 1956 508 1996 rebellionis
550 1958 750 1997 consuevit
795 1958 957 2004 naberi;
1001 1966 1036 1998 ct

83 2030 172 2057 cum
201 2018 280 2071 ipse
303 2019 460 2059 haberet
484 2020 635 2072 copiam
654 2022 816 2071 reyistri
839 2028 1038 2072 repertum

84 2088 168 2128 est,
197 2080 303 2133 quod
328 2082 507 2121 ascendit
532 2095 610 2134 pro
638 2083 809 2135 quolibet
843 2096 950 2123 anno
991 2084 1043 2122 ad

83 2143 271 2183 marchas
301 2150 337 2183 et
366 2144 432 2192 64.
459 2151 592 2185 scutos
616 2146 800 2198 ponderis
831 2145 1039 2191 Potonici,·

82 2212 118 2245 et
139 2217 219 2245 non
238 2213 295 2246 est
315 2207 412 2246 data
435 2208 516 2247 nisi
534 2208 738 2248 duntaxat
759 2209 817 2247 dic
842 2209 919 2247 XX
937 2221 1039 2248 men-

82 2269 140 2308 sis
169 2269 410 2309 Decembris.
440 2270 460 2293 ³¹⁵

137 2333 266 2374 NICC.
297 2332 466 2373 Rosselli
496 2334 816 2373 Commentarius
845 2334 976 2373 editus
1018 2346 1039 2373 a

80 2395 229 2434 Mansio
241 2397 278 2433 in
296 2395 652 2434 Baluz.Miscellan.
674 2395 762 2434 tal.
776 2396 1037 2445 Lucchesini.)

135 2457 392 2498 NlCOLAUS
439 2457 723 2508 Saqundz'nus,
767 2458 1036 2508 Saquntpnus,

82 2518 358 2566 secundinus,
396 2517 671 2570 Sequndinus:
702 2520 794 2558 vide
838 2531 958 2571 supra
1001 2522 1036 2558 in

82 2580 245 2621 Nicolao
267 2578 454 2619 Euboico.

136 2642 389 2684 NlCOLAUS
405 2641 608 2690 Salconus,
628 2644 768 2682 vitiose
785 2656 852 2696 pro
873 2643 1038 2683 Falcone

82 2708 147 2758 qui
189 2705 307 2757 iussu
336 2704 555 2745 Clementis
585 2706 627 2744 V.
659 2706 802 2745 librum
833 2707 1035 2746 AlTHONl

77 2769 242 2809 Armeni
270 2779 318 2807 ex
343 2779 410 2807 ore.
427 2767 515 2818 ejus
531 2769 678 2808 Gallice
709 2774 922 2820 exceptum
949 2781 1037 2808 ver-

71 2825 129 2870 'tit
159 2832 322 2879 Latine,
362 2832 533 2870 Pictavis
563 2831 607 2870 Α.
640 2832 754 2871 1307.
784 2831 879 2869 Vide
920 2844 1037 2883 supra

81 2895 147 2933 t.l
181 2905 218 2944 p.
250 2893 313 2932 33.
343 2897 384 2932 et
412 2893 612 2932 Oudinum
643 2899 670 2932 t.
703 2894 736 2932 3.
770 2906 806 2945 p.
836 2895 923 2932 630.
955 2906 1038 2944 seq.

131 2954 384 2996 NlCOLAUS
427 2954 613 3004 Siculus,
647 2956 745 2995 infra
778 2954 964 2995 Nicotaus
994 2955 1040 2994 cle

81 3017 276 3058 Tudescis.

131 3079 386 3121 NlCOLAUS
414 3080 609 3128 Simonis,
641 3082 908 3120 llarlemensis
927 3083 1037 3120 Bata-

76 3156 155 3185 vus
171 3145 277 3184 Prior
291 3143 610 3190 carmelitarum,
629 3143 843 3183 defunctus
858 3144 904 3182 Α.
922 3145 1034 3182 1195.

78 3207 141 3256 (al.
171 3207 301 3254 1511.)
331 3205 498 3256 Scripsit
534 3203 789 3244 Vademecum
829 3206 914 3243 sive
945 3205 1035 3243 Ser-

33 3257 43 3267 ’
77 3279 218 3309 mones
245 3267 295 3307 de
325 3273 500 3318 tempore
531 3273 567 3304 et
587 3268 755 3306 Sanctis.
776 3265 1035 3306 Consultatio-

77 3341 173 3378 nes,
204 3329 462 3382 Repetitiones
491 3333 527 3368 et
556 3329 865 3380 Disputationes.
896 3330 1031 3367 Venet.

81 3392 198 3434 lh87.
230 3393 346 3433 ⁴497.
374 3393 430 3432 De
450 3396 640 3445 potestate
673 3393 829 3444 Papae,
862 3392 1034 3443 Impera-

1998 281 2071 321 125

1123 340 1219 379 toris
1263 345 1298 379 et
1328 341 1493 381 Concilu'
1521 342 1628 380 libris
1658 344 1718 382 lV.
1750 347 1786 384 in
1806 347 1869 386 lib.
1888 349 1910 386 Ξ
1932 352 2073 391 Decre-

1119 403 1183 441 tal.
1215 403 1263 441 de
1295 404 1374 442 foro
1402 406 1666 455 competenti,
1700 417 1732 445 c.
1764 410 1795 446 si
1825 412 1916 460 quis
1933 419 2069 453 contra

1117 465 1324 504 Clericum.
1356 466 1560 505 Mediolan.
1582 468 1694 506 1195.
1714 471 1829 509 1510.
1851 472 2071 515 Chronicon

1119 530 1359 578 temporum,
1394 528 1609 566 Historiam
1641 530 1800 571 Ordinis
1830 545 1906 574 sut.
1955 538 2070 576 Vitas.

1116 590 1184 627 SS.
1214 590 1380 627 Patrum
1404 593 1441 627 et
1468 589 1513 627 (ie
1541 591 1672 629 sacris
1701 592 1947 636 mulieribus.
1969 600 2069 637 Far-

1115 650 1296 701 rayz'nem
1323 650 1647 703 fraymentorum.
1688 655 1807 694 Vitam
1844 659 1883 697 S.
1933 660 2076 712 cyrilli

1116 714 1365 761 Carmentae,
1404 714 1526 752 Vitam
1556 718 1594 754 S.
1627 716 1771 764 sirenae,
1804 720 2068 763 Consiliorum

1117 778 1205 823 (non
1238 776 1501 815 Conciliorum
1522 806 1530 822 ‚
1562 782 1604 815 ut
1633 790 1825 819 excusum
1857 785 1959 834 apud
1981 788 2073 825 Pos-

1115 840 1312 886 sevinum‘)
1346 838 1424 877 duo
1456 840 1673 879 Volumina.
1698 843 2068 888 Yido'l'rithcmium

1113 900 1160 938 de
1190 901 1390 939 Carmelit.
1421 903 1632 941 Simleruin
1658 934 1665 950 ‚
1692 905 1889 946 Valerium
1920 911 2071 949 Andre-

1112 974 1194 1011 am,
1212 964 1470 1012 Sweertium,
1487 965 1706 1013 Alegrium.
1728 969 1769 1005 ll.
1795 971 2066 1012 Wartlionum.

1165 1024 1417 1065 MCOLAUs
1447 1028 1679 1078 Smerequs,
1700 1029 1884 1071 Notarius
1905 1035 2070 1074 Vicenti-

1116 1099 1190 1126 nus
1222 1088 1268 1126 de
1299 1091 1427 1140 Burgo
1459 1091 1640 1139 Bericae‚
1682 1095 1849 1144 scriptor
1887 1096 2071 1137 Chronici

1118 1149 1306 1189 Vicentinz'
1332 1151 1379 1189 ab
1409 1152 1481 1189 Au.
1516 1153 1630 1190 1200.
1660 1153 1706 1191 ad
1731 1156 1958 1209 1279.quod
1976 1171 2066 1198 cum

1114 1214 1409 1252 continuatione
1437 1213 1633 1265 Anonymi
1657 1215 1704 1253 ad
1736 1218 1810 1254 An.
1842 1221 1957 1258 1312.
1987 1222 2068 1260 edi-

1114 1280 1199 1314 tum
1228 1287 1277 1313 ex
1311 1275 1450 1313 Felicis
1479 1277 1557 1313 Osii
1579 1280 1808 1317 recensione
1825 1292 1914 1320 cum
1939 1285 2070 1322 Ather-

1115 1339 1195 1375 tino
1225 1339 1399 1376 Mussato
1429 1339 1620 1388 aliisque,
1651 1348 1814 1380 curante
1848 1346 1958 1383 Laur.
2006 1348 2062 1384 Pi-

1113 1401 1249 1449 gnorio
1294 1400 1429 1438 venet.
1476 1401 1590 1439 1636.
1625 1403 1689 1440 fol.
1721 1405 1826 1443 llanc
1857 1407 2067 1447 editionem

1113 1463 1311 1512 expressit
1340 1463 1554 1502 thesaurus
1571 1467 1805 1515 scriptorum
1827 1469 1956 1507 ltaliae
1977 1471 2071 1509 Bur—

1115 1526 1353 1563 mannianus
1384 1531 1488 1563 tomo
1519 1526 1581 1564 vl.
1607 1528 1713 1578 Lugd
1747 1531 1828 1568 Bat.
1862 1532 1974 1570 1732.
2008 1534 2069 1571 fol.

1114 1591 1219 1624 etex
1238 1586 1393 1642 duobus
1424 1587 1636 1627 Codicibus
1666 1591 1763 1628 Bibl.
1792 1592 2071 1633 Ambrosinnao

1113 1649 1343 1698 castigatam
1384 1650 1425 1687 V.
1470 1651 1510 1690 C.
1556 1652 1714 1702 Joseplii
1762 1654 1920 1693 Antonii
1965 1657 2067 1695 Saxii

1113 1710 1268 1758 studio,
1299 1711 1472 1750 exhibet.
1503 1718 1635 1752 tomus
1677 1720 1844 1755 octavus
1892 1718 2066 1757 thesauri

1114 1774 1349 1823 scriptorum
1382 1774 1514 1813 ltaliae.
1543 1776 1819 1827 Muratoriani,
1859 1779 2067 1819 Mediolan.

1121 1833 1235 1873 4726.
1261 1835 1328 1873 fol.

1169 1897 1417 1937 NlCOLAUS
1446 1899 1659 1950 Specialis,
1691 1902 1856 1942 Netinos
1876 1935 1886 1951 ‚
1918 1905 2067 1946 Senior.

1114 1959 1297 1999 Friderici
1328 1962 1374 1999 ΙΙ.
1403 1962 1519 2013 Regis
1549 1964 1702 2002 Siciliae
1732 1965 1777 2003 ad
1811 1966 2067 2006 Benedictum

1116 2020 1202 2060 ΧΠ.
1233 2024 1374 2074 Papam
1410 2026 1588 2076 Legatos.
1622 2026 1719 2076 Ejus
1737 2027 1935 2067 Historiae
1958 2030 2071 2069 Sicu-

1115 2083 1175 2123 lae
1199 2083 1296 2124 libri
1321 2087 1402 2125 VII.
1428 2087 1629 2127 historiam
1655 2089 1846 2129 bellorum
1873 2093 1974 2129 inter
1999 2093 2070 2130 Re-

1113 2157 1183 2197 ges
1212 2147 1365 2187 Siciliae
1395 2154 1434 2187 et
1465 2149 1684 2201 Aragoniae
1714 2152 1761 2190 ab
1791 2153 1836 2190 A.
1868 2153 1910 2191 C.
1955 2153 2073 2192 4282.

1115 2208 1162 2247 ad
1195 2209 1308 2248 1337.
1341 2216 1544 2261 gostorum
1576 2220 1864 2264 persequentes
1884 2245 1894 2260 ‚
1938 2216 2072 2265 vulga-

1115 2272 1142 2308 ti
1168 2277 1262 2310 sunt
1291 2274 1312 2310 a
1342 2274 1543 2323 Stephano
1571 2276 1730 2314 Baluzio
1776 2278 1811 2313 in
1856 2278 2070 2327 appendice

1120 2333 1166 2371 ad
1198 2335 1365 2373 Marcam
1400 2337 1645 2386 Hispanicum
1680 2339 1779 2375 Petri
1823 2338 1871 2376 de
1918 2340 2069 2378 Mai-ca.

1114 2396 1235 2434 Paris.
1271 2397 1385 2434 1688.
1417 2398 1480 2435 sol.
1511 2410 1596 2448 pag.
1627 2398 1716 2437 597.
1737 2404 1777 2436 et
1797 2401 1833 2436 in
1854 2405 1957 2437 tomo
1983 2400 2068 2436 the-

1113 2459 1217 2497 sauri
1234 2460 1482 2498 Muratoriani
1502 2460 1720 2508 undecimo,
1739 2461 1939 2499 Mediolon.
1956 2462 2067 2499 1727.

1114 2521 1177 2558 sol.
1205 2526 1245 2558 et
1278 2521 1313 2558 in
1346 2523 1638 2560 Burmanniano
1661 2522 1845 2560 thesauro
1887 2523 2068 2572 Antiqui—

1112 2587 1238 2620 tatum
1271 2583 1425 2622 Siciliac
1457 2595 1491 2633 p.
1526 2582 1563 2620 V.
1598 2584 1716 2633 Lugd.
1748 2585 1829 2621 Bat.
1864 2584 2066 2622 1¹722.s01.

1114 2655 1184 2681 nec
1205 2655 1282 2681 non
1303 2650 1328 2681 t.
1352 2645 1380 2682 ll
1403 2644 1881 2683 Bibliothecaehistoricae
1897 2646 2070 2694 reg-’nisi—

1114 2707 1241 2753 ‹rilia‹›,
1272 2717 1389 2755 quam
1420 2707 1596 2745 Panormi
1631 2707 1742 2745 1723.
1776 2707 1836 2753 sol.
1871 2707 1906 2744 in
1939 2707 2065 2745 lucem

1114 2768 1264 2806 dedidit
1308 2767 1365 2805 Jo.
1410 2770 1586 2817 Baptista
1633 2769 1834 2806 Carusius.
1886 2770 2065 2806 Promisit

1111 2832 1228 2869 ctiam
1256 2842 1304 2868 ex
1335 2829 1491 2868 duobus
1529 2831 1806 2880 Manuscriptis
1851 2830 2063 2869 Codicibus

1112 2892 1403 2931 emendatiores
1432 2892 1548 2930 edere
1578 2893 1774 2930 Antonius
1810 2892 1857 2929 de
1901 2893 2062 2930 Amico.

1114 2956 1404 2997 messanensis,
1437 2956 1471 2992 in
1503 2956 1672 3005 Corpore,
1689 2954 1790 3004 quod
1810 2955 2061 3002 molitusjum

1116 3018 1266 3068 pridem
1297 3021 1359 3055 est
1389 3018 1624 3067 scriptorum
1657 3028 1786 3054 rerum
1818 3016 2061 3057 Sicularum,

1114 3083 1150 3118 in
1182 3092 1260 3130 quo
1290 3081 1406 3118 etiam
1438 3079 1622 3116 exhibere
1655 3078 1776 3115 voluit
1798 3078 2062 3116 ›ileu-imis

1114 3143 1159 3181 (le
1191 3142 1330 3181 Platea
1361 3143 1444 3179 sive
1479 3139 1613 3178 Placia
1643 3140 1787 3183 Siculi,
1818 3139 2061 3178 Ord..llinor.

1110 3205 1225 3254 cnjus
1257 3205 1521 3253 fragmentum
1554 3202 1711 3239 Rochus
1731 3201 1904 3250 l‘yrrlius
1946 3201 2062 3239 dede-

1111 3273 1195 3314 rat,
1227 3267 1428 3304 historiam
1460 3265 1508 3302 ab
1530 3275 1698 3303 excessu
1717 3263 1896 3302 Friderici
1919 3264 2061 3313 Arago-

1110 3333 1184 3377 nii,
1215 3327 1376 3366 secundi
1410 3326 1529 3376 hujus
1560 3329 1749 3368 nominis.
1780 3328 1894 3373 Regis
1909 3328 2060 3366 Siciliae

1106 3403 1230 3442 usquc
1261 3390 1306 3428 ad
1340 3390 1410 3428 An.
1446 3390 1560 3428 1361.
1590 3393 1711 3439 (more
1729 3389 1980 3440 computandi
2003 3392 2061 3428 si-
