2533 4009
480 290 530 327 20
875 322 879 325 ,
1184 274 1735 318 MARCELLINUS

472 365 609 406 sexto,
648 356 777 406 Eleyit
819 363 910 403 erqo
958 352 1172 402 *Egbertus's
1189 376 1200 397 s
1238 351 1419 401 Archiep.

475 421 734 462 Eboraeensis
772 420 808 454 et
841 415 1096 465 conyreqavit
1123 414 1251 452 instar
1279 413 1422 452 duode-

475 484 547 522 cim
574 480 857 534 Apostolorum.
884 476 1085 515 duodecim
1109 475 1350 526 ..lpostolicos
1365 475 1423 514 vi-

476 557 541 584 ros
562 575 568 582 .
602 545 636 581 in
658 542 733 594 fidc
758 543 981 579 constantes
1002 551 1081 585 ,csr
1100 537 1269 576 diversis
1290 539 1423 576 Mona-

471 606 605 654 stcriis
628 604 680 642 nil.
705 601 1022 654 praedicandum
1049 602 1257 639 Germanis
1283 599 1423 640 Catho-

473 669 586 707 licam
603 665 731 717 sidem.
754 665 935 702 Fuerunt
952 666 1083 701 autem
1109 661 1284 700 lii‘missi
1297 674 1304 700 :
1331 659 1425 701 Wil-

474 728 705 775 lebrorclus,
732 725 939 767 Svibertus
956 758 965 773 ,
998 725 1102 764 Acca
1119 757 1127 772 ,
1171 723 1423 775 Wiybertus,

480 790 712 832 ll'ilibaldus
731 820 738 836 ⁷
784 787 1034 830 Winibalclus
1056 818 1063 833 ,
1098 785 1297 826 Lebuinus
1312 817 1323 834 ,
1349 786 1424 823 (luo

474 853 651 900 Ewalsli,
675 850 968 903 ll'erenfiiclus,
995 854 1031 888 et
1054 861 1120 900 (²90
1140 848 1325 886 minimus
1347 859 1426 885 om-

472 919 580 956 niu-m
611 914 894 958 Marcellinus,
922 912 993 964 qui
1014 912 1112 949 lianc
1142 909 1350 949 historiam
1374 910 1426 947 si-

471 983 536 1019 cut
557 983 595 1017 et
617 977 747 1017 sancti
774 973 1030 1016 ll'illclirorsli
1055 972 1285 1023 conscripsi.
1316 972 1425 1010 Hanc

473 1044 511 1081 S.
551 1038 811 1082 Willebrorcli
846 1037 966 1076 vitam
1008 1035 1344 1084 Manusci·iptam‚
1374 1044 1425 1070 ex

473 1104 622 1142 nolano
645 1103 837 1140 memorat
874 1098 1065 1136 Bai-onius
1090 1095 1136 1133 ad
1173 1094 1424 1143 Martyrolog.

472 1168 583 1204 Rom.
611 1165 646 1202 7.
688 1160 950 1205 Novembris⁷
977 1157 1046 1195 sed
1086 1167 1201 1195 nemo
1231 1156 1361 1194 adhuc
1385 1157 1424 1193 in

412 1261 414 1265 .
473 1229 600 1266 lucem
628 1223 790 1275 protulit
815 1220 919 1271 quod
945 1221 1095 1258 sciam:
1123 1220 1178 1257 uti
1203 1229 1275 1256 nec
1301 1218 1423 1256 vitam

474 1291 511 1327 S.
556 1285 721 1328 Willez'cz
750 1283 940 1323 Canonici
974 1281 1270 1331 TraJectcnsis,
1291 1284 1360 1319 aut
1383 1280 1426 1318 li-

474 1351 590 1389 brum
631 1348 676 1387 de
712 1345 921 1399 tyrannide
955 1343 1084 1384 Rabcli
1109 1344 1254 1382 Frisiae
1284 1344 1425 1393 Regis,

474 1424 644 1465 quorum
667 1410 848 1449 meminit
869 1409 1035 1447 Vossius
1055 1408 1102 1445 ΙΙ.
1134 1406 1197 1444 29.
1223 1417 1309 1456 pag.
1335 1404 1425 1444 287.

527 1472 880 1515 MARCELLINUS
905 1470 980 1509 sub
993 1469 1217 1508 justiniano
1239 1469 1335 1518 lmp.
1355 1467 1428 1507 Co-

475 1549 556 1576 mes
580 1537 628 1574 (le
659 1546 735 1586 quo
760 1532 1021 1572 Cassiodorus
1046 1531 1142 1570 libro
1165 1531 1291 1581 priore
1317 1531 1429 1567 insti-

479 1600 645 1639 tutionis
669 1598 901 1636 Divinarum
928 1595 1149 1632 litterarum
1169 1603 1200 1630 c.
1230 1591 1290 1631 47.
1313 1592 1427 1630 Mar-

476 1662 657 1701 cellinum
682 1659 800 1698 etiam
818 1658 880 1696 IV.
898 1655 1020 1694 libros
1034 1655 1080 1693 de
1098 1659 1313 1707 temporum
1331 1665 1428 1705 qua-

474 1722 649 1763 litatibus
673 1726 708 1760 ct
743 1718 1004 1772 positionibus
1036 1717 1209 1756 locorum
1241 1715 1427 1769 pulcher-

474 1787 577 1825 rima
593 1783 848 1836 proprietate,
870 1781 1075 1832 conficiens
1094 1779 1246 1817 itineris
1263 1778 1330 1818 sui
1346 1782 1426 1816 tra-

472 1849 602 1887 mitem
632 1844 887 1885 laudabiliter
913 1842 1134 1895 percurrit:
1167 1853 1280 1893 quem
1315 1839 1426 1880 vobis

466 1912 625 1964 pariter
655 1907 858 1959 dereliqui.
896 1911 936 1944 et
971 1918 1055 1955 cap.
1081 1906 1143 1943 028.
1169 1903 1424 1942 Marcellinus

471 1985 624 2026 quoque
643 1972 687 2010 (le
711 1982 786 2023 quo
802 1970 892 2022 jam
915 1968 1008 2007 (liaez‘
1023 1998 1030 2014 ,
1047 1967 1145 2020 pari
1165 1978 1266 2004 cura
1296 1965 1422 2016 leyen-

471 2036 545 2075 clus
566 2039 632 2079 est:
659 2036 728 2086 qui
758 2030 1231 2083 Constantinopolitanam
1273 2027 1421 2068 Civita-

472 2102 546 2137 tem
570 2102 609 2136 et
628 2095 768 2134 urbem
792 2092 1156 2144 Hierosolymorum
1181 2095 1357 2143 quatuor
1379 2089 1422 2128 li-

473 2158 582 2199 bellis
620 2157 888 2197 minutissima
933 2154 1168 2193 narratione
1201 2151 1424 2202 descripsit.

472 2225 549 2262 llos
572 2222 785 2261 Marcellini
803 2220 922 2258 libros
943 2229 987 2257 ac
1014 2217 1165 2255 libellos
1188 2216 1301 2254 hodie
1322 2215 1425 2253 desi-

475 2286 677 2323 deramus.
702 2284 846 2321 Exstat
870 2285 1003 2319 autem
1038 2279 1256 2317 Chronicon
1283 2277 1331 2315 de
1348 2287 1425 2326 quo

474 2347 577 2385 idem
599 2345 860 2385 Cassiodorus
884 2355 967 2393 cap.
997 2340 1059 2380 47.
1085 2339 1283 2380 Chronica
1306 2350 1425 2385 vero,

473 2420 577 2461 quae
597 2411 691 2447 sunt
712 2405 903 2457 imaqines
928 2403 1190 2443 historiarum
1208 2434 1217 2450 ‚
1239 2400 1427 2440 brevissi->

471 2482 634 2522 maeque
656 2473 872 2521 temporum
896 2469 1297 2509 commemorationes,
1329 2463 1428 2501 scri-

468 2533 549 2585 psit
579 2533 729 2570 Graece
754 2529 962 2579 Eusebius,
979 2540 1092 2580 quem
1110 2525 1316 2566 transtulit
1339 2524 1429 2563 Hie-

474 2606 664 2647 ronymus
690 2594 730 2631 in
753 2593 947 2639 Latinum,
973 2596 1011 2630 et
1032 2601 1159 2641 usque
1179 2588 1233 2627 ad
1253 2592 1429 2639 tempora

471 2669 544 2696 sua
570 2657 740 2696 (leduoeit
762 2655 919 2694 eoeimie.
958 2655 1071 2693 Hunc
1099 2650 1334 2690 subsecutus
1372 2653 1431 2688 est

472 2719 771 2772 suprascriptus
788 2719 922 2757 MARC
931 2718 958 2756 1⁴2
966 2718 991 2754 L
999 2716 1077 2754 Lm
1087 2716 1145 2754 US
1156 2715 1174 2752 I
1178 2713 1426 2765 llyricianus‚

476 2783 546 2833 qui
571 2780 701 2819 adhuc
720 2779 891 2830 patricii
911 2777 1131 2817 Justiniani
1149 2776 1282 2828 fertur
1305 2775 1428 2826 eqi'sse

473 2842 692 2883 cancellos:
715 2843 747 2890 a)
769 2841 838 2881 sed
867 2840 1030 2878 meliore
1063 2838 1279 2877 conditione
1305 2838 1339 2885 b)
1365 2836 1429 2875 cle-

471 2910 612 2954 υοῐιιε,
637 2918 664 2943 a
688 2908 857 2956 tempore
886 2901 1090 2940 Theodosii
1105 2903 1138 2946 c)
1164 2910 1289 2950 usque
1305 2898 1359 2935 ad
1371 2897 1430 2949 fo-

472 2979 538 3008 res
557 2969 595 3018 d)
635 2966 799 3019 Imperii
831 2961 1083 3015 triumphalis
1114 2959 1287 3011 AusJusti
1308 2959 1429 2998 Justi-

473 3031 586 3069 niani
604 3042 699 3083 opus
718 3039 833 3068 suum
850 3026 1012 3065 Domino
1033 3023 1204 3067 iuvante,
1218 3020 1428 3072 percluaez't,

473 3097 517 3130 ut
539 3093 714 3143 quiante
737 3091 816 3144 fuit
848 3089 887 3127 in
922 3086 1106 3137 obsequio
1132 3086 1311 3134 suspecto
1333 3093 1429 3132 (sra-

476 3158 551 3201 tus,
570 3158 707 3204 postea
731 3152 856 3206 ip3ius
887 3148 1049 3202 imperio
1069 3146 1219 3198 copiose
1238 3142 1428 3182 amantis-

529 3259 562 3297 a)
584 3260 698 3289 Fuisse
721 3258 954 3289 cancellarius.

529 3309 564 3346 b)
590 3311 637 3339 lta
661 3312 749 3339 recte
772 3309 923 3338 Garetius
948 3315 1006 3345 pro
1032 3304 1190 3337 dictione.

530 3359 561 3397 c)
582 3360 687 3398 Magni
713 3358 753 3389 ab
776 3361 812 3388 Α.
835 3358 870 3387 C.
892 3357 964 3387 579.

529 3408 564 3447 d)
592 3410 702 3440 Prima
732 3411 879 3446 tempora
914 3408 984 3438 sive
1018 3411 1121 3443 nsque
1149 3401 1189 3434 ad
1219 3401 1433 3432 consulatum

1496 349 1619 388 simus
1638 347 1863 399 appa-reret.
1887 346 1965 383 lloc
1985 342 2197 383 Marcellini
2218 343 2438 383 Chronicon

1495 409 1646 459 primus
1667 404 1790 444 edidit
1810 402 1999 442 Antonius
2024 400 2302 450 Schonhovius‚
2319 403 2438 441 Paris.

1497 470 1603 520 typis
1622 466 1888 505 Wecbelianis
1910 465 2010 503 4546
2035 465 2072 505 8.
2097 475 2324 514 quanquam
2349 467 2442 503 ante

1497 531 1792 570 Schonhovium
1829 528 2000 566 Joa-nnes
2039 525 2310 578 Cuspinianus
2344 526 2445 564 inte-

1494 603 1610 642 grum
1637 592 1716 629 fere
1741 589 1825 627 suis
1844 589 1880 625 in
1903 587 2181 626 cassiodorum
2202 591 2445 626 commenta-

1498 655 1566 692 riis
1603 655 1851 691 inseruerat:
1878 648 1948 687 sed
1982 649 2033 687 illi
2064 649 2225 689 demum
2249 649 2400 700 vulgati
2424 660 2446 688 a

1498 715 1655 754 Nicolao
1679 713 1860 752 Gerbelio
1885 715 1980 751 sunt
2008 711 2184 750 Basileae
2216 712 2316 751 4553
2341 711 2404 749 fol.
2432 732 2445 741 2

1551 776 1646 814 lndc
1673 785 1857 813 recusum
1882 773 2105 812 Chronicon
2132 772 2169 810 in
2194 772 2447 812 Bibliothecis

1500 841 1658 877 Petrum
1685 838 1920 887 Bignaeanis
1935 867 1945 883 ,
1971 833 2259 874 Parisiensibus
2277 840 2317 874 et
2337 835 2448 875 Colo-

1500 901 1651 946 niensi,
1668 902 1787 948 atque
1813 909 1861 935 ex
1887 898 2118 935 recensione
2157 894 2316 947 Onufrii
2347 897 2449 934 Pan-

1497 960 1598 998 vinii
1615 960 1662 998 ad
1693 960 1843 998 calcem
1868 958 1955 1008 ejus
1982 959 2186 1005 fastorum,
2207 957 2447 1009 Heidelberg.

1500 1022 1614 1060 4588.
1643 1021 1704 1059 fol.
1727 1025 1767 1059 et
1789 1021 1825 1057 in
1852 1020 2024 1069 Eusebio
2046 1018 2205 1069 Josephi
2237 1018 2419 1071 scaligeri
2439 1052 2447 1070 ,

1502 1083 1621 1133 Lugd.
1653 1084 1739 1121 Bat.
1779 1082 1881 1121 4606
1919 1082 1982 1120 fol.
2021 1082 2201 1131 Denique
2225 1092 2274 1119 ex
2309 1081 2449 1122 Codice

1498 1146 1648 1184 Tiliano
1674 1145 1869 1196 integrius
1892 1149 1933 1183 et
1956 1143 2208 1183 emendatius
2232 1143 2305 1182 hoc
2329 1143 2451 1184 Chro-

1499 1209 1614 1246 nicon
1633 1209 1841 1259 vulgatum
1859 1211 1921 1246 est
1937 1208 1959 1245 a
1975 1204 2120 1245 Jacobo
2135 1205 2343 1246 Sirmondo
2358 1218 2450 1247 cum

1498 1271 1695 1309 Chronico
1726 1270 1918 1320 fastisque
1949 1268 2088 1318 Idacii,
2114 1269 2234 1308 Paris.
2268 1269 2383 1308 4649.
2414 1270 2450 1308 8.

1499 1338 1618 1384 atque
1644 1345 1692 1371 ex
1718 1332 1927 1371 Sirmondo
1952 1332 1988 1370 in
2011 1342 2114 1370 nova
2134 1330 2306 1370 editione
2326 1332 2454 1370 Euse-

1501 1396 1549 1433 bii
1590 1396 1829 1446 Scaligerani
1869 1395 1996 1433 Amst.
2036 1394 2138 1433 4648
2175 1394 2239 1432 fol.
2268 1397 2308 1432 et
2350 1394 2453 1432 inter

1501 1458 1697 1497 Sirmondi
1729 1469 1843 1509 opera
1882 1462 1975 1495 tom.
2014 1456 2051 1495 2.
2089 1467 2175 1506 pag.
2212 1455 2301 1494 349.
2332 1455 2452 1494 Paris.

1505 1521 1616 1558 4696.
1643 1521 1780 1559 Venet.
1808 1519 1909 1558 4729
1938 1518 2000 1557 fol.
2023 1518 2086 1556 ubi
2114 1528 2216 1555 novo
2231 1516 2363 1556 studio
2383 1528 2453 1555 an-

1502 1587 1659 1621 notatae
1686 1585 1814 1621 variae
1836 1581 2030 1633 quaedam
2050 1580 2240 1618 lectiones
2259 1583 2300 1618 et
2317 1591 2454 1618 emen-

1502 1646 1681 1685 dationes
1698 1657 1745 1683 ex
1764 1644 1973 1684 Codicibus
1989 1642 2085 1681 Bibl.
2105 1642 2337 1690 victorinae,
2352 1641 2451 1680 Bibl.

1501 1709 1746 1747 Jesuitarum
1773 1707 1894 1745 Paris.
1924 1710 1964 1743 et
1988 1703 2132 1743 Codice
2161 1704 2379 1754 Brugensi,
2403 1715 2454 1742 ex

1502 1783 1580 1822 quo
1612 1770 1835 1809 notationes
1864 1767 2060 1819 quaedam
2098 1765 2211 1805 Petri
2244 1764 2457 1804 Francisci

1503 1832 1674 1885 Clzisletii
1690 1834 1808 1871 etiam
1830 1831 2084 1881 consignatae
2106 1830 2143 1867 in
2165 1828 2454 1880 prolegomenis

1503 1896 1551 1935 ad
1577 1901 1731 1935 tomum
1758 1892 1980 1932 secundum
2019 1890 2214 1930 Sirmondi
2251 1890 2452 1942 Operum,

1498 1969 1610 1997 num.
1635 1956 1700 1995 Ill.
1725 1955 1877 1995 Addam
1905 1954 2105 2004 Anonymi
2133 1953 2370 1992 Mellicensis
2395 1956 2454 1991 te-

1498 2021 1729 2058 stimonium
1753 2030 1835 2069 cap.
1864 2019 1927 2057 56.
1951 2017 1999 2055 de
2025 2017 2064 2057 S.
2088 2017 2132 2056 E.
2167 2013 2449 2063 Marcellinus,

1496 2081 1650 2120 natione
1663 2079 2117 2129 Romanus,Clzrom‘cam
2132 2077 2304 2131 scripsit,
2316 2077 2356 2116 in
2372 2089 2453 2130 qua

1502 2144 1658 2195 sagyacis
1687 2155 1751 2182 sui
1773 2142 1921 2192 inqenii
1947 2142 2101 2181 evidens
2122 2140 2310 2180 indicium
2330 2139 2446 2179 dedit.

1551 2205 1907 2247 MARCELLINUS
1931 2204 2124 2243 Notarius
2153 2209 2193 2243 et
2230 2205 2378 2254 Martyr
2410 2204 2447 2240 in

1498 2269 1628 2308 Africa
1653 2270 1755 2307 circa
1785 2280 1846 2307 an.
1881 2268 1967 2307 434.
1999 2268 2020 2304 a
2050 2267 2266 2305 Donatistis
2297 2276 2452 2316 perem-

1500 2337 1582 2371 tus.
1614 2331 1708 2369 Vide
1732 2331 1830 2369 Acta
1867 2331 2046 2369 Sanctor.
2081 2333 2174 2367 tom.
2203 2330 2237 2368 4.
2267 2328 2389 2379 April.
2416 2327 2452 2366 6.

1501 2405 1588 2445 pag.
1611 2395 1700 2433 539.
1727 2404 1810 2443 seq.
1836 2396 1959 2431 Jussu
1985 2393 2140 2430 llonorii
2177 2395 2217 2429 et
2246 2389 2454 2429 Theodosii

1501 2457 1624 2507 lmpp.
1654 2456 1878 2507 praefuerat
1903 2452 2113 2494 Collationi
2136 2451 2458 2504 Carthayintenst

1501 2531 1563 2558 an.
1596 2519 1683 2557 444.
1709 2519 1823 2557 cuius
1844 2520 1981 2569 gesta,
2007 2517 2069 2555 vel
2107 2520 2307 2567 gestorum
2346 2519 2454 2553 certe

1501 2582 1704 2632 epitomen
1732 2580 1938 2619 habemus.
1968 2578 2066 2618 Vide
2089 2581 2118 2617 si
2141 2579 2270 2631 placet
2294 2577 2397 2617 dicta
2428 2583 2456 2615 t.

1501 2645 1569 2682 ΧΙ.
1594 2643 1693 2682 Bibl.
1716 2643 1889 2681 Graecae
1920 2653 2007 2692 pag.
2038 2642 2115 2680 393
2139 2652 2223 2691 seq.
2258 2639 2454 2689 dictisque

1502 2706 1602 2745 adde
1635 2705 1893 2744 illustrissimi
1919 2703 2061 2742 Norisii
2084 2702 2303 2742 Cardinalis
2334 2701 2456 2739 histo-

1503 2771 1600 2807 riam
1624 2769 1922 2807 Donatistarum
1943 2776 2027 2815 cap.
2052 2765 2157 2803 Xlll.
2183 2768 2278 2802 tom.
2296 2764 2329 2801 4.
2355 2763 2453 2814 Opp.

1502 2842 1588 2881 pag.
1617 2831 1706 2869 537.
1730 2840 1812 2878 seq.
1839 2829 1946 2865 Inter
1965 2826 2159 2864 editiones
2181 2831 2357 2876 praestat
2391 2827 2454 2865 illa

1503 2891 1693 2941 Stephani
1712 2891 1872 2937 Baluzii‚
1889 2890 1955 2939 qui
1979 2890 2014 2926 in
2038 2890 2141 2926 notis
2162 2887 2208 2926 ad
2231 2888 2269 2926 S.
2290 2889 2452 2939 Cypria-

1503 2965 1596 2992 num
1625 2965 1709 3003 pag.
1738 2953 1826 2990 609.
1853 2951 2006 2989 Utinam
2025 2949 2455 2990 Harduinusvoluisset

1505 3014 1617 3066 sequi
1631 3014 1836 3053 editionem
1853 3024 1980 3052 meam
1996 3017 2209 3064 qestorum‚
2231 3024 2334 3064 quae
2347 3016 2454 3052 certe

1505 3076 1611 3116 absit
1633 3075 1755 3116 verbo
1774 3076 1937 3125 invidia,
1963 3074 2083 3114 mztlto
2106 3074 2242 3115 melior
2256 3078 2314 3114 est
2330 3086 2451 3126 quam

1502 3140 1565 3179 ille
1589 3139 1704 3179 dedit.

1495 3250 1655 3287 quartum
1683 3247 1864 3278 sustiniani
1892 3248 1928 3277 Α.
1951 3247 1987 3279 C.
2008 3244 2084 3277 554.
2107 3245 2242 3276 Caetera
2264 3245 2352 3275 enim
2376 3251 2461 3284 quae

1494 3307 1598 3337 usque
1617 3296 1656 3328 ad
1674 3297 1851 3334 justiniani
1871 3297 1968 3327 tinem
1985 3297 2054 3327 sive
2071 3295 2111 3327 ad
2128 3297 2166 3326 Α.
2178 3294 2212 3326 C.
2229 3293 2301 3324 557.
2316 3301 2462 3334 sequun-

1495 3352 1548 3379 tur
1595 3347 1635 3378 ab
1654 3346 1718 3378 alio
1736 3346 1813 3378 licet
1829 3347 1968 3388 antiquo
1993 3346 2154 3385 scriptore
2176 3342 2288 3375 addita
2306 3351 2377 3376 esse
2393 3345 2464 3375 Sir·

1501 3396 1642 3429 mondus
1670 3405 1735 3427 non
1758 3395 1903 3427 dubitat.
1964 3399 1966 3403 ’
