2517 4009
922 242 1215 284 PETRUS

83 317 242 356 Stolicae
273 315 444 365 Legatus
476 315 511 351 in
544 315 722 365 partibus
767 315 1035 355 ultramarinis

81 381 120 418 in
150 379 302 430 negotio
344 379 474 414 terrae
517 380 703 425 sanctae,
734 377 851 427 cujus
881 377 1035 415 litteras

79 439 316 479 hortatorias
337 436 384 477 ad
406 440 714 477 transmarinam
740 439 1031 490 expeditionem

79 501 201 542 edidit
228 500 444 540 Dacherius
474 505 572 539 tom.
603 501 703 540 Vlll.
733 502 920 552 spicilegii
946 512 1030 552 pag.

78 562 168 603 276.
222 562 351 610 (edit.
390 573 518 601 novae
562 567 659 601 tom.
720 565 742 602 3
790 575 879 614 pag.
918 563 1032 611 708.)

130 625 322 664 PETRUS
353 623 581 664 Casinensis
601 626 799 664 Diaconus
818 656 826 674 ,
849 624 1034 664 laudatus

75 687 241 726 Baronio
270 688 438 738 scriptor
471 686 578 726 Vitae
606 689 646 727 S.
675 686 914 733 Athanasii,
940 686 1035 736 Epi-

75 751 182 801 scopi
210 750 452 801 Neapolitani
498 750 546 789 ab
590 750 637 788 A.
667 750 757 789 850.
788 749 836 788 ad
869 749 962 787 872.
985 759 1034 786 ex

75 823 152 863 qua
182 813 296 864 plura
325 814 409 864 ipse
439 812 486 851 ad
528 813 614 851 illos
654 822 781 851 annos
811 816 850 850 et
880 810 928 851 ad
961 811 1037 849 An.

76 874 165 914 864.
195 875 238 914 In
269 874 380 914 Actis
410 875 646 914 Sanctorum
677 878 812 913 autem
838 878 865 912 t.
895 874 915 911 4
943 873 1033 912 Julii

72 937 158 976 XV.
187 948 272 988 pag.
304 936 367 976 77.
398 938 462 976 84.
492 943 582 989 post
610 936 840 976 JOANNEM
883 935 1034 986 Neapo—

74 1000 266 1049 litanum,
297 1000 346 1039 de
375 1012 452 1052 quo
483 1011 602 1052 supra
633 1005 730 1038 tom.
760 1001 810 1038 IV
841 1011 913 1050 pag
939 999 1034 1037 392.

74 1073 164 1102 cum
194 1063 298 1101 notis
326 1063 410 1102 vita
434 1063 497 1102 illa
522 1063 733 1102 exhibetur
759 1073 835 1100 non
860 1061 935 1100 sub
964 1063 1034 1100 Pe-

6 1159 8 1161 ,
75 1125 124 1163 tri
155 1126 337 1174 nomine,
363 1125 433 1164 sed
457 1125 651 1164 Auctoris'
667 1124 898 1164 ANONYMI
922 1135 1034 1162 coae-

75 1187 128 1225 vi.
157 1187 208 1226 Et
235 1197 323 1238 pag.
353 1187 418 1225 74.
438 1186 676 1238 profitentur
700 1186 873 1225 editores
899 1197 942 1224 se
969 1197 1037 1224 ne-

74 1250 177 1287 scire
208 1248 312 1288 unde
337 1250 498 1287 Petrum
525 1250 741 1287 Diaconum
775 1249 1034 1287 Casinensem

76 1310 200 1349 seculi
233 1311 327 1349 noni
361 1312 596 1361 scriptorem
628 1311 823 1349 Baronius
851 1311 1012 1349 eruerit.

128 1373 322 1412 PETRUS
358 1372 575 1412 Monachus
628 1377 668 1410 et
711 1372 1041 1411 Bibliothecarius

77 1435 339 1483 Casinensis‚
383 1436 582 1474 Diaconus
616 1434 814 1473 Ostiensis
862 1441 902 1471 et
938 1433 1040 1484 apud

77 1498 308 1538 Lotharium
340 1498 390 1536 ΙΙ.
419 1499 619 1548 gratiosus
647 1498 750 1536 circa
780 1496 826 1535 A.
853 1496 967 1535 4437.
993 1496 1041 1534 de

76 1571 156 1610 quo
188 1559 419 1599 Mandosius
452 1562 488 1598 in
515 1559 612 1599 Bibl.
642 1560 815 1598 Romana
841 1570 927 1610 pag.
952 1559 1041 1598 2⁴3.

76 1633 160 1674 seq.
189 1627 230 1661 et
258 1622 316 1661 Jo.
350 1624 532 1674 Baptista
561 1623 696 1662 Marus
724 1622 772 1661 ad
803 1633 890 1673 cap.
912 1621 972 1660 47.
1000 1622 1040 1660 li-

75 1685 135 1724 bri
154 1684 201 1724 de
225 1684 330 1725 Viris
351 1683 582 1724 illustribus
611 1683 896 1725 Casinensibus
922 1696 1041 1735 quem

75 1759 168 1788 cum
196 1747 395 1788 PLAClDI
419 1749 699 1800 supplemento
724 1753 846 1798 atque
873 1747 1043 1786 eruditis

76 1811 181 1850 not-is
208 1810 331 1850 edidit
358 1812 472 1850 Rom.
498 1811 617 1851 4655.
644 1812 684 1850 8.
708 1822 896 1850 recusum
918 1812 1044 1849 Paris.

77 1872 192 1912 4666.
221 1874 257 1912 8.
287 1877 328 1912 et
359 1874 396 1912 in
426 1874 525 1912 Bibl.
568 1875 728 1912 Patrum
772 1872 867 1912 edit.
908 1872 1032 1922 Lugd.

78 1934 193 1975 4677.
223 1941 250 1973 t.
279 1937 373 1975 XXI
404 1948 440 1986 p.
470 1935 559 1974 347.
606 1947 678 1974 nec
715 1947 792 1974 non
827 1937 865 1973 in
898 1935 1040 1973 Biblio-

79 1997 196 2036 theca
212 1998 490 2037 Ecclesiastica
501 2009 620 2048 quam
640 1997 742 2036 edidi
757 1996 899 2036 Hamb.
920 1996 988 2036 474
1002 1997 1039 2034 8.

81 2058 144 2098 fol.
174 2063 214 2097 et
242 2061 281 2097 in
312 2059 487 2099 thesauri
519 2061 758 2111 scriptorum
790 2060 925 2098 Italiae
956 2061 1040 2098 Mu—

87 2122 275 2160 ratoriani
305 2126 332 2160 t.
365 2123 413 2161 Vl
443 2127 484 2161 et
513 2121 795 2161 Burmanniani
822 2127 851 2160 t.
877 2123 930 2160 lx
958 2133 1041 2172 pag.

86 2183 179 2224 329.
207 2185 367 2223 Praeter
396 2184 502 2224 hunc
531 2185 674 2224 librum
705 2185 819 2222 Petro
849 2183 1044 2222 debemus

86 2247 422 2286 continuationem
456 2245 643 2286 Chronici
673 2245 902 2286 Casinensis
923 2246 971 2283 ab
996 2246 1041 2284 A.

87 2309 204 2348 4086.
227 2320 357 2359 usque
385 2309 461 2348 An.
494 2310 611 2349 4440.
653 2309 702 2347 de
745 2321 822 2359 qua
853 2320 972 2359 supra
1003 2310 1040 2346 in

85 2369 258 2411 LEONE
288 2371 465 2411 Ostiensi
494 2375 522 2409 t.
554 2370 607 2410 lV
638 2383 724 2421 pag.
755 2372 845 2410 545.
894 2371 946 2409 Et
978 2370 1042 2408 Di-

86 2432 293 2485 sciplinam
318 2433 586 2479 Casinensem‚
612 2435 716 2471 inter
733 2434 946 2483 scriptores
971 2434 1044 2471 Ve-

86 2498 184 2534 teris
212 2494 442 2546 disciplinae
486 2496 725 2534 Monasticae
775 2496 893 2533 Paris.
926 2495 1040 2534 4726.

90 2559 125 2598 4.
156 2569 284 2609 nuper
313 2558 513 2609 vulgatam
539 2569 575 2608 p.
597 2556 661 2596 24.
693 2569 742 2595 ex
772 2556 860 2607 ejus
885 2558 1044 2596 clausu-

88 2621 124 2661 la
140 2621 252 2660 brevi
270 2618 615 2660 commentationis
637 2619 674 2657 in
697 2619 886 2670 Requlatn
911 2621 948 2659 S.
972 2620 1044 2658 Be-

88 2681 261 2730 nedicti,
292 2681 422 2721 adhuc
459 2681 617 2720 inedita.
663 2681 903 2720 Historicam
939 2680 1042 2720 rela-

90 2745 232 2784 tionem
261 2743 307 2783 de
345 2755 509 2796 corpore
546 2744 585 2782 S.
624 2743 852 2790 Benedicti,
881 2743 1044 2790 Casini,

92 2808 132 2846 in
161 2806 272 2847 Actis
301 2807 539 2846 Sanctorum
565 2811 660 2844 tom.
691 2808 713 2844 3
743 2807 866 2845 Martii
896 2819 931 2857 p.
955 2806 1044 2845 288.

93 2870 185 2909 298.
216 2868 410 2908 Libellum
440 2867 488 2906 ad
519 2868 746 2908 Conradum
778 2869 844 2906 111.
874 2869 1046 2918 Impera-

91 2936 219 2970 torem
263 2929 310 2969 de
347 2929 449 2968 notis
492 2931 577 2969 sive
605 2931 716 2982 siglis
751 2932 1045 2977 Romanorum,

33 2990 37 2994 ’
91 2992 231 3032 Venet.
262 2992 377 3032 ⁴525.
397 2992 431 3030 4.
447 2997 614 3032 curante
641 2994 798 3032 Nicolao
822 2993 1045 3043 Erythraeo

20 3083 21 3086 ,
95 3058 216 3105 atque
247 3055 351 3093 inter
379 3053 668 3094 Grammaticos
689 3057 848 3094 Latinos
871 3055 1044 3094 Putschii

15 3151 18 3155 .
94 3128 182 3169 pag.
214 3115 328 3155 4579.
361 3116 464 3155 4638
512 3115 637 3155 Vitam
660 3119 730 3157 SS.
755 3117 986 3157 Guinizonis
1010 3122 1048 3156 et

6 3171 32 3198 '·
94 3176 310 3226 Januarii,
342 3178 380 3216 in
412 3177 523 3216 Actis
554 3178 732 3217 Sanctor.
763 3184 856 3217 tom.
888 3179 936 3217 vl
959 3180 1046 3229 Maji

93 3252 183 3293 pag.
213 3239 304 3279 [250.
341 3239 464 3279 Vitam
502 3240 541 3278 S.
581 3237 755 3287 Placidi,
785 3240 966 3291 discipuli
1009 3242 1046 3280 S.

102 3301 330 3351 Benedicti,
360 3300 477 3351 cujus
508 3301 710 3352 Prologurn
742 3302 851 3341 dedit
879 3302 1052 3341 Mabillo-

96 3366 190 3404 nius
225 3365 311 3404 Sec..
341 3366 368 3403 l.
401 3363 644 3403 Bencdittin.
675 3377 750 3404 una
780 3377 869 3404 eum
897 3365 1051 3415 prologo

1983 241 2065 280 239

1110 312 1206 352 libri
1225 312 1270 351 (le
1290 312 1383 352 loeis
1410 312 1568 352 Sanctis
1584 344 1593 360 ,
1619 312 1666 350 ad
1688 311 1924 351 Guibaldum
1950 312 2062 350 Casi-

1108 387 1272 415 nensem
1303 380 1344 413 et
1374 375 1652 415 stabulensem
1686 374 1907 422 Abbatem⁷
1937 378 1978 413 et
2003 385 2064 413 ar-

1107 439 1309 489 gumentis
1338 439 1513 488 capitum
1542 438 1626 476 libri
1658 437 1704 476 (le
1727 441 1818 475 ortu
1838 441 1874 476 et
1891 437 1975 476 vita
1994 439 2063 475 Ju-

1106 505 1266 540 storum
1294 499 1483 541 Coenobii
1511 500 1750 540 Casinensis.
1782 501 1883 539 llaec
1913 502 1984 539 tria
2015 512 2063 538 ex

1110 563 1339 602 Mabillonio
1362 561 1531 600 reddidit
1561 564 1678 601 etiam
1710 562 1948 602 Edmundus
1969 564 2066 601 Mar-

1109 631 1200 663 tene
1224 629 1318 662 tom.
1351 624 1399 662 Vl
1432 624 1622 662 Veterum
1653 630 2002 664 monumentorum
2029 637 2064 676 p.

1108 687 1198 726 785.
1229 687 1320 724 789.
1351 685 1445 725 794.
1475 686 1685 736 Deperdita
1716 693 1803 736 ejus
1828 688 1890 726 vel
1923 688 2068 726 inedita

1108 761 1210 801 quae
1239 751 1261 788 a
1290 751 1404 787 Petro
1449 749 1533 799 ipso
1575 749 1660 786 sive
1690 760 1734 787 eo
1764 752 1829 799 qui
1860 755 1978 801 caput
2010 751 2068 790 ul—

1108 814 1251 850 timum
1297 811 1394 849 libro
1425 809 1512 861 ejus
1550 811 1598 849 de
1630 811 1849 850 illustribus
1879 814 2068 851 Casinen-

1110 874 1222 912 sibus
1257 872 1437 921 addidit.
1468 877 1508 911 et
1538 874 1559 910 a
1589 874 1693 912 Maro
1726 875 1761 911 in
1794 875 1896 912 notis
1933 875 1979 913 ad
2027 875 2069 913 il-

1111 937 1189 975 lum
1221 936 1364 974 librum
1384 967 1394 983 ,
1429 940 1515 974 tum
1547 938 1567 974 a
1599 937 1712 974 Petro
1745 938 1781 974 in
1807 938 2070 975 continuatio-

1111 1010 1159 1037 ne
1198 998 1379 1038 Chronici
1426 999 1567 1036 Leonis
1611 999 1836 1047 Ostiensis,
1882 999 2069 1049 pleraque

1111 1062 1229 1099 etiam
1252 1060 1354 1111 apud
1381 1061 1638 1100 Possevinum
1659 1093 1668 1109 ,
1696 1062 1910 1109 Vossium,
1937 1067 1975 1099 et
1999 1063 2071 1101 Ca-

1111 1135 1233 1161 veum
1266 1128 1539 1162 memorantur
1559 1155 1567 1171 .
1596 1124 1709 1174 plura
1730 1130 1825 1162 sunt
1851 1124 1982 1174 ibique
2006 1125 2072 1163 ob-

1115 1186 1205 1231 via.
1236 1190 1281 1223 ut
1313 1186 1333 1223 a
1365 1197 1427 1223 me
1458 1186 1522 1223 illa
1552 1185 1625 1224 hoc
1655 1187 1738 1225 loc-o
1769 1188 1894 1237 repeti
1921 1197 1996 1224 non
2022 1189 2072 1225 sit

1122 1258 1302 1285 necesse.
1520 1242 1525 1247 ’

1163 1310 1358 1348 PETRUS
1408 1309 1641 1348 Cassiodori
1681 1311 1725 1347 F.
1762 1311 1888 1349 Italus
1917 1323 1964 1349 an
1996 1312 2055 1350 An

1115 1370 1203 1421 glus
1233 1373 1338 1409 cirea
1370 1371 1417 1409 A.
1451 1372 1565 1410 4300.
1596 1371 1712 1422 cujus
1742 1378 1875 1412 exstat
1898 1375 2073 1426 Epistola

1119 1431 1325 1471 Ecclesiae
1347 1431 1471 1471 nobili
1492 1433 1733 1484 Anylicanae
1757 1434 1796 1472 in
1821 1434 1898 1473 luto
1924 1440 1960 1474 et
1983 1435 2077 1474 late-

1116 1506 1160 1533 re
1189 1493 1428 1541 ancillatae.
1479 1497 1621 1534 Petrus
1662 1495 1770 1546 filius
1817 1497 2075 1536 Cassz'oclori.

1115 1556 1224 1595 miles
1270 1556 1519 1606 Catlzolieus⁷
1560 1558 1674 1610 piiqil
1717 1559 1882 1598 CHristi
1911 1559 2077 1599 devotus

1115 1619 1281 1658 salute-m
1312 1624 1349 1659 et
1374 1621 1615 1672 captivitatis
1641 1622 1787 1672 jnqum
1825 1621 1999 1674 abjicere
2029 1636 2075 1661 (ω

1126 1681 1314 1721 bravium
1344 1683 1525 1734 accipere
1556 1682 1761 1722 libertatis.
1794 1686 1835 1723 ln
1868 1686 1983 1724 Flacii
2010 1688 2082 1725 Ca-

1118 1746 1248 1797 talogo
1292 1748 1456 1785 testium
1505 1748 1693 1785 Veritatis
1723 1752 1763 1785 et
1794 1749 1830 1785 in
1862 1747 1919 1786 Jo.
1950 1749 2080 1786 Wollii

1118 1812 1214 1846 tom.
1261 1810 1275 1848 4
1321 1809 1536 1847 lectionum
1570 1810 1891 1849 memorabilium
1923 1823 1960 1862 p.
1991 1811 2079 1850 534.

1119 1876 1159 1910 et
1189 1871 1294 1922 apud
1342 1870 1575 1911 Goldastum
1607 1877 1635 1910 t.
1668 1875 1680 1911 4
1723 1873 1973 1912 monarchiae
2004 1874 2081 1912 Im-

1117 1935 1215 1984 perii
1248 1946 1334 1985 pag.
1367 1936 1428 1973 44.

1171 1997 1362 2036 PETRUS
1389 1996 1435 2035 (le
1458 1997 1691 2038 Cascellione
1716 1998 1864 2046 Italus⁷
1897 1998 1989 2037 Ord.
2015 2001 2082 2038 Mi-

1119 2070 1205 2096 nor.
1235 2059 1372 2099 docuit
1411 2061 1448 2098 in
1494 2060 1706 2100 Academia
1737 2062 2084 2109 Conimbrieensi.

1118 2121 1252 2172 ibique
1284 2122 1456 2161 absolvit
1487 2124 1650 2162 brevem
1677 2124 1869 2163 lecturam
1894 2124 1933 2162 in
1963 2123 2083 2164 libros

1118 2183 1438 2233 Sententiarum⁷
1483 2191 1523 2223 et
1571 2185 1803 2234 Quodlibeta
1851 2199 1920 2237 pro
1951 2189 2080 2227 Cursu

1120 2257 1192 2284 suo
1216 2246 1262 2284 Α.
1289 2246 1391 2285 4453
1430 2247 1527 2285 Vide
1556 2247 1823 2299 Waddingum
1849 2262 1882 2299 p.
1910 2249 1999 2287 278.

1173 2309 1364 2346 PETRUS
1393 2307 1440 2347 cle
1466 2309 1628 2359 Ceffona
1652 2311 1866 2349 Monachus
1888 2316 1927 2349 et
1952 2313 2084 2350 Abbas

1115 2369 1419 2409 Claraevallesis
1443 2371 1536 2410 Ord.
1561 2373 1724 2411 Cisterc.
1755 2373 1857 2411 eirca
1887 2374 1932 2410 A.
1969 2375 2081 2412 4350.

1116 2433 1276 2470 Praeter
1301 2433 1636 2472 commentarium
1663 2434 1700 2472 in
1717 2435 1874 2472 tertium
1895 2439 1930 2473 et
1950 2447 2073 2486 qnar-

1117 2496 1197 2531 tum
1221 2495 1527 2542 Sententiarum,
1557 2501 1596 2533 et
1622 2496 1762 2534 librum
1782 2496 1828 2534 de
1842 2497 2078 2535 (citetur-flate

1117 2557 1472 2607 sunimiPontificis
1490 2557 1658 2596 traditur
1679 2561 1888 2610 scripsisse
1906 2560 1948 2597 A.
1972 2562 1982 2598 4
1996 2560 2084 2599 353.

1118 2618 1336 2669 Epistolam
1372 2619 1482 2658 JEsn
1507 2620 1672 2659 Cllristi
1697 2619 1864 2659 divisam
1894 2622 1930 2658 in
1958 2624 2084 2671 capita

1118 2685 1306 2727 centum,
1331 2682 1377 2720 ad
1406 2684 1679 2721 innocentium
1711 2683 1773 2721 Vl.
1805 2685 1889 2721 sive
1917 2683 2085 2721 Gentile-

1114 2742 1226 2793 9ium
1248 2743 1354 2783 JEsu
1379 2745 1529 2783 Cllristi
1561 2750 1697 2783 contra
1725 2744 1937 2796 Epistolam
1970 2747 2082 2784 Luci-

1115 2803 1197 2857 feri
1215 2805 1270 2844 ad
1290 2806 1515 2845 Mandanes
1541 2807 1588 2843 ile
1621 2819 1696 2845 non
1724 2808 1957 2858 Apostoliris
1982 2820 2079 2858 quo-

1118 2868 1286 2907 rundam
1327 2870 1527 2917 moribus,
1558 2871 1624 2920 qui
1658 2872 1693 2907 in
1727 2871 2002 2920 Apostolorum
2035 2883 2077 2908 se

1118 2931 1247 2970 locum
1286 2934 1510 2971 succesisse
1540 2933 1781 2979 gloriantur:
1813 2936 1999 2982 scriptam
2034 2934 2083 2971 ab

1119 2994 1256 3033 eodem
1302 2996 1415 3033 Petro
1457 2995 1500 3033 A.
1534 2996 1648 3034 4:351.
1679 2996 1905 3045 editamque
1950 2998 1986 3033 in
2027 2997 2083 3033 Jo.

1121 3057 1250 3094 Woliii
1296 3058 1531 3096 lectionibus
1563 3058 1883 3096 memorabilibus
1914 3064 1941 3095 t.
1977 3060 2007 3097 i.
2049 3071 2085 3109 p.

1120 3118 1209 3157 655..
1241 3119 1530 3171 Cons'esst'onale
1562 3120 1670 3157 Petri
1694 3119 1739 3157 ad
1769 3121 1967 3159 Bononetn
1996 3122 2085 3159 Cia-

1122 3181 1304 3219 raevallis
1334 3182 1540 3219 Abbatem.
1567 3182 1721 3219 Librum
1747 3181 1794 3220 de
1821 3182 1994 3230 somnio,
2019 3194 2084 3221 su-

1119 3254 1193 3294 per
1214 3242 1430 3294 definitione
1448 3274 1456 3288 ,
1479 3247 1615 3282 contra
1639 3243 1822 3283 Jmlaeos.
1842 3245 2082 3283 Conciones.

1125 3306 1335 3356 Epistolas.
1383 3305 1477 3343 Vide
1522 3306 1723 3345 Vischium
1755 3319 1791 3357 p.
1831 3308 1921 3345 ⁶266.
1964 3314 2083 3357 atqu--

1126 3367 1326 3407 oudinum
1355 3374 1449 3406 imo.
1477 3371 1508 3403 53⁴
1535 3382 1620 3418 pne.
1659 3370 1767 3408 10:37.
1792 3371 2081 3422 Siaplwrstium
