2517 4009
936 239 1220 278 PAULUs

86 318 256 357 Simonis
285 314 377 352 hist.
406 310 593 350 Criticam
630 311 725 349 Novi
773 313 951 350 Testam.
983 311 1047 350 lll.

86 379 148 418 33.
177 389 266 429 pag.
304 375 392 414 483.
441 384 526 422 seq.
571 373 831 421 Quaestiones
875 373 960 411 XII.
1006 372 1052 411 cle

83 440 237 480 nomine
283 439 624 489 Tetraqrammato
667 436 876 475 desumtae
906 447 955 475 ex
985 436 1051 475 ad-

85 502 298 542 ditionibus
326 500 376 539 ad
404 511 491 550 cap.
519 500 683 537 tertium
731 498 856 537 Exodi
880 529 890 546 ,
922 503 961 536 et
994 509 1053 536 re-

85 575 205 604 cusae
234 562 282 603 ad
313 562 463 601 calcem
496 561 581 599 libri
614 561 672 598 Jo.
702 561 834 600 Drusii
862 560 910 599 de
931 564 1053 598 tetra-

85 630 317 678 grammato,
333 635 424 663 cum
446 623 633 674 ejusdem
661 623 839 671 scholiis,
856 624 1050 673 Franequ.

89 689 202 727 4604.
233 689 269 726 8.
299 691 417 738 atque
449 687 486 725 in
518 687 675 725 Criticis
705 687 828 724 sacris
867 685 1054 736 Anglica-

87 751 174 798 nis,
203 755 243 789 et
272 750 310 787 in
342 749 525 788 Hadriani
567 747 729 787 Relandi
760 747 907 786 decade
942 759 1054 786 exer-

88 813 319 852 citationum
337 811 668 861 Philologicarum
687 809 734 848 de
752 821 846 848 vera
880 821 1056 861 pronun-

88 877 256 914 ciatione
298 874 477 913 Nominis
520 872 746 921 JEHOVA,
791 872 960 922 Trajecti
1006 871 1052 910 ad

88 937 213 977 Rhen.
259 935 377 976 4707.
422 935 458 974 8.
508 947 595 986 pag.
640 936 729 974 424.
775 936 831 973 De
874 933 1052 985 ejusdem

89 999 352 1052 disputatione
382 1010 471 1037 cum
500 998 644 1036 Boneto
662 1029 672 1046 ‚
705 996 777 1036 ben
807 997 943 1036 Goren
985 997 1055 1034 Ju-

89 1061 210 1111 daeo,
241 1063 390 1100 mentio
418 1060 522 1111 apud
555 1060 763 1099 laudatum
803 1060 990 1098 Wollium
1024 1063 1053 1097 t.

92 1127 127 1166 3.
158 1124 254 1164 Bibl.
286 1124 399 1163 Hebr.
432 1135 522 1174 pag.
553 1123 644 1162 950.

143 1187 339 1226 PAULUS
360 1185 407 1224 de
434 1185 718 1236 Cartbaqena‚
741 1186 844 1224 idem
870 1198 960 1224 cum
988 1198 1054 1226 su-

92 1251 258 1302 periore.
286 1247 386 1298 Ejus
410 1247 475 1286 filii
498 1252 580 1286 tres
603 1277 610 1294 ‚
634 1249 670 1297 4)
693 1246 883 1299 Alfonsus
906 1259 955 1286 ex
979 1249 1055 1286 De-

92 1323 190 1352 cano
206 1310 432 1361 Segobiensi
445 1310 666 1359 Episcopus
683 1314 722 1347 et
742 1311 824 1360 ipse
836 1311 1053 1360 Burgensis

93 1383 304 1413 successor
346 1372 492 1415 Patris,
539 1370 654 1421 cujus
697 1370 1054 1423 anacephalaeosin

92 1435 139 1474 cle
167 1432 338 1486 Reqibus
376 1432 591 1484 Hispaniae
623 1433 758 1472 laudat
801 1434 986 1472 Mariana.
1017 1435 1052 1480 2)

94 1497 342 1542 Gonsalvus‚
387 1497 608 1546 Episcopus
652 1496 908 1534 Placentinus
946 1501 986 1534 et
1016 1495 1050 1536 sl

90 1559 268 1600 Alvarus
294 1559 467 1598 Garsius
483 1560 652 1609 scriptor
672 1560 1053 1598 commentariorum

96 1624 144 1663 de
170 1623 290 1662 rebus
320 1624 343 1662 a
371 1623 522 1661 Joanne
554 1623 598 1660 lI.
631 1621 828 1661 Castellae
857 1623 962 1673 Rege
990 1635 1055 1674 ge-

93 1688 182 1726 stis.
223 1684 320 1725 Vide
349 1685 480 1723 Miraei
511 1685 733 1723 auctarium
764 1696 848 1735 cap.
882 1685 969 1723 449.
1002 1696 1052 1723 ex

92 1750 289 1789 Marianae
317 1749 424 1787 XIX.
458 1746 482 1785 8
525 1746 574 1786 de
608 1747 728 1786 rebus
758 1748 865 1798 Hisp.

145 1811 340 1851 PAULUS
363 1809 409 1849 de
432 1809 574 1849 Castro
603 1809 743 1860 oppido
772 1810 1015 1849 Faliscorum
1040 1843 1051 1859 ,

92 1874 215 1914 JCtus
243 1873 436 1920 celebris,
467 1872 534 1922 qui
578 1872 722 1921 Senis,
754 1872 975 1911 Florentiae
1013 1880 1053 1912 et

92 1937 241 1976 Patavii
271 1935 431 1981 docuit,
461 1934 636 1984 obiitque
662 1934 766 1973 diem
790 1946 868 1972 non
897 1940 990 1973 ante
1010 1937 1054 1974 Α.

100 1998 216 2038 4438.
247 1999 283 2048 a)
311 1997 555 2036 Trithemius
578 2008 612 2035 c.
643 1996 732 2035 768.
763 2002 920 2048 praeter
947 1998 1059 2038 Com.-

96 2059 310 2100 mentarios
339 2059 387 2098 ad
413 2059 602 2098 Instituta
622 2090 630 2109 ‚
654 2060 815 2111 Digesta
836 2065 877 2098 et
901 2061 1056 2099 Codicis

96 2123 334 2163 Justinianei
365 2122 486 2161 libros
515 2123 583 2161 IX.
625 2120 714 2172 ejus
745 2121 920 2162 Consilia
957 2124 1059 2162 eele-

96 2186 209 2235 brat‚
239 2197 288 2224 ex
318 2185 465 2236 quibus
495 2184 765 2224 CCCCXVlll.
792 2189 925 2224 exstat
950 2185 1054 2236 apud

95 2250 288 2288 Bzovium
319 2247 367 2287 ad
399 2248 474 2287 An.
507 2246 622 2286 4407.
653 2259 688 2298 p.
719 2248 809 2287 266.
839 2259 922 2299 seq.
956 2248 1060 2287 Ave-

96 2312 273 2351 nionicae
287 2309 577 2363 praelectiones
597 2310 638 2349 in
660 2309 794 2349 titulos
818 2322 936 2362 quam
967 2310 1059 2362 plu-

97 2384 164 2412 res
212 2377 490 2411 memorantur
532 2374 554 2411 a
588 2373 672 2412 Nic.
716 2373 946 2421 Comneno7
992 2374 1058 2423 qui

99 2435 149 2474 de
178 2435 254 2474 hoc
297 2434 417 2473 Paulo
460 2434 732 2474 consulendus
763 2438 855 2472 tom.
890 2437 926 2474 4.
967 2435 1058 2473 hist.

100 2497 307 2548 Gymnasii
339 2497 519 2536 Patavini
552 2508 636 2547 pag.
668 2497 758 2535 213.
791 2498 882 2536 244.

154 2559 354 2599 PAULUS
382 2558 583 2598 Diaconus
617 2559 895 2608 Neapolitanae
925 2559 1061 2597 Eccle-

101 2624 183 2662 siae
211 2626 318 2662 teste
349 2621 560 2672 Sigeberto
590 2632 673 2671 cap.
693 2622 755 2658 (59.
778 2622 983 2660 transtulit
1012 2621 1060 2659 de

98 2685 248 2724 Graeco
278 2685 315 2723 in
338 2685 523 2723 Latinum
550 2683 677 2722 vitam
698 2684 737 2723 S.
763 2683 917 2722 Mariae
941 2683 1061 2735 AEqy-

91 2747 253 2800 ptiacae
275 2776 284 2796 ‚
309 2747 394 2785 sive
419 2745 594 2797 qualiter
614 2757 687 2785 sua
714 2746 948 2797 poenitendo
972 2757 1061 2796 pec-

99 2814 186 2850 cata
217 2811 253 2849 in
279 2821 413 2849 eremo
437 2821 601 2849 cursum
629 2811 799 2861 explerit
822 2811 940 2848 vitae.
965 2809 1060 2847 Ver-

99 2875 157 2913 sio
179 2874 244 2913 illa
269 2877 404 2912 exstat
421 2872 527 2924 apud
554 2873 716 2913 Surium
745 2874 780 2911 9.
805 2872 926 2923 April.
951 2882 1061 2922 prae-

100 2938 265 2976 missam
296 2936 448 2975 habens
479 2936 580 2974 hanc
610 2937 857 2987 Epistolam:

131 2997 295 3038 Domino
313 2997 601 3049 yloriosissimo
626 3010 673 3037 ac
690 2997 1033 3051 praestantissimo

410 3060 500 3110 repsi
527 3060 671 3100 Carolo
701 3063 748 3110 a).

162 3124 301 3165 Sciens
344 3122 673 3174 9l0r1·osz·ssimam
717 3124 962 3176 maiestatem
997 3135 1060 3162 ve-

157 3203 191 3240 a)
215 3202 281 3235 Alii
305 3205 364 3234 An.
390 3201 482 3233 1420.
510 3201 600 3234 1455.
628 3202 723 3234 1457.
746 3205 804 3234 aiii
827 3201 922 3233 1457.

156 3253 197 3292 b)
219 3254 355 3286 Vossius
370 3252 524 3284 carolum
541 3254 697 3292 Magnum
714 3252 883 3292 intelligit,
898 3253 1067 3284 *tensche-

99 3305 176 3336 nius
202 3306 286 3337 tom.
309 3301 338 3335 1.
368 3305 439 3335 Act.
464 3304 615 3334 sanctor.
643 3302 738 3334 Febr.
776 3311 852 3342 pag.
885 3301 958 3333 482.
981 3303 1068 3333 verl-

100 3353 248 3387 similius
273 3353 426 3385 carolum
450 3352 600 3384 Calvum.

171 3404 202 3441 c.)
228 3404 405 3443 Theopliiii
444 3404 644 3443 poenitenti>¹
660 3426 669 3440 ,
694 3403 896 3434 vicedomini
935 3402 1063 3435 Adana«-

2003 242 2079 281 199

1124 315 1252 348 stram
1283 314 1361 348 lam
1392 312 1547 351 Divinis
1567 312 1729 364 eloquiis
1749 343 1756 360 ‚
1773 323 1968 364 quamque
1991 323 2083 350 san-

1125 376 1275 412 ctorum
1300 374 1628 425 praecedentium
1659 373 1853 426 eaeemplis
1875 374 1990 414 valde
2018 374 2082 413 de-

1127 434 1290 483 lectari,
1323 448 1410 475 cum
1432 439 1521 489 jam
1552 438 1699 476 cludam
1722 436 1893 477 libellum
1922 449 2083 478 conver-

1128 499 1252 537 sionis
1298 500 1460 539 Mariae
1502 501 1786 553 AEqyptiacae,
1822 513 1909 540 cum
1939 501 2081 540 tomulo

1127 561 1175 599 de
1220 562 1429 613 cujusdam
1477 564 1717 602 vicedomini
1751 565 1787 614 b)
1817 566 2081 615 poenitentia,

1127 623 1280 662 domino
1306 636 1388 662 meo
1414 624 1641 664 obtulerim:
1665 627 1760 677 quia
1792 626 1853 666 ille
1884 628 1964 678 ipse
1983 638 2082 666 casu

1126 686 1294 738 quodam
1319 686 1497 738 deperiit.
1511 700 1614 726 nunc
1632 689 1785 727 interim
1794 691 1935 741 jussui
1954 695 2083 729 vestro

1128 749 1167 788 in
1211 749 1340 789 eodem
1389 751 1658 790 restaurando
1704 751 1865 791 devotus
1916 752 2081 792 obedivi.

1129 811 1319 864 Obsequii
1343 825 1496 865 quoque
1525 817 1563 852 et
1590 814 1804 854 devotionis
1843 827 1952 854 meae
1980 816 2083 868 fuit,

1127 879 1173 914 ut
1198 887 1274 913 non
1302 874 1517 928 simplicem
1563 880 1714 916 tantum
1758 883 1997 918 memoratae
2026 879 2089 918 rei

1131 942 1282 977 textum
1315 938 1571 985 eoebiberem‚
1601 940 1672 979 secl
1702 944 1740 979 et
1777 940 1859 979 alia
1901 942 2085 993 quaesitu

1128 1001 1248 1052 (liqna
1277 1002 1638 1054 sup‹.›raclji'cerem⁷
1670 1003 1716 1042 de
1744 1003 1982 1043 venerandis
2011 1003 2085 1042 sci-

1130 1063 1219 1103 licet
1247 1065 1479 1105 Constitutis
1509 1069 1548 1104 et
1574 1066 1702 1104 Gestis
1744 1066 1982 1106 Praesulum
2016 1069 2084 1106 Ro-

1128 1139 1270 1166 manae
1323 1128 1546 1167 Ecclesiae:
1597 1141 1765 1180 quorum
1817 1129 2085 1169 sanctionibus

1128 1202 1248 1241 quam
1276 1195 1506 1229 reverenter
1548 1191 1728 1231 Ecclesia
1766 1196 1933 1240 utatur,
1965 1195 2085 1245 maJ‘e-

1127 1256 1210 1291 stas
1240 1256 1375 1291 vestra
1406 1254 1546 1304 optime
1575 1255 1690 1293 novit.
1723 1256 1803 1293 Hoc
1836 1259 1968 1293 autem
1999 1254 2086 1294 bre-

1127 1314 1262 1352 vitatis
1308 1315 1586 1365 Compenflz'um
1631 1328 1774 1355 servus
1820 1321 1952 1356 vester
2003 1317 2086 1356 icleo

1127 1377 1314 1428 sumpsit,
1348 1381 1391 1414 ut
1417 1378 1614 1417 serenitas
1646 1383 1807 1425 vestra,
1837 1391 1956 1431 quani
2001 1381 2088 1419 Rei-

1122 1438 1231 1490 publ.
1275 1438 1456 1490 fascibus
1499 1440 1614 1479 valde
1656 1445 1860 1480 oneratam
1903 1443 2085 1487 attendo,

1127 1501 1194 1540 cui
1231 1501 1402 1554 sparsim
1440 1502 1602 1541 diversa
1644 1515 1721 1542 non
1763 1508 1884 1543 vacat
1921 1517 2088 1556 percur-

1127 1576 1219 1602 rere
1248 1564 1488 1617 scriptorum
1519 1565 1720 1605 volumina
1743 1598 1749 1614 7
1775 1568 1971 1619 quasdam
2002 1580 2089 1606 con-

1129 1627 1357 1666 suetudines
1398 1627 1700 1668 Ecclesiasticus
1731 1630 1769 1668 in
1800 1629 1914 1670 brevi
1933 1661 1942 1675 ,
1971 1632 2093 1682 quasi

1127 1689 1166 1727 in
1195 1689 1363 1741 quodam
1397 1691 1633 1730 Enclziriclio
1654 1691 1830 1732 inclusas
1851 1697 1980 1732 tenere
1999 1705 2090 1744 pos-

1132 1756 1205 1791 stt:
1225 1753 1276 1791 Et
1291 1753 1389 1805 quia
1406 1754 1621 1794 secundum
1642 1755 1816 1807 reqalem
1833 1756 2087 1805 industriam.

1141 1815 1316 1854 studium
1347 1816 1496 1856 domini
1514 1818 1593 1857 mei
1610 1819 1649 1857 in
1672 1819 1741 1858 boc
1759 1818 1917 1872 fervere
1949 1819 2087 1868 didici,

1128 1881 1173 1916 ut
1198 1878 1307 1931 facta
1327 1879 1482 1920 dictave
1505 1884 1642 1920 vestra
1656 1881 1784 1932 juxta
1807 1883 2090 1923 authoritatem

1134 1941 1461 1995 irrefraqabilem
1491 1944 1666 1995 (liriqere
1684 1977 1692 1995 ,
1718 1950 1756 1984 et
1777 1946 1872 1998 quid
1890 1958 1987 1997 crya
2009 1946 2092 1985 cul-

1134 2009 1216 2044 tum
1247 2006 1433 2045 Dizn‘num
1463 2007 1688 2056 tenendum,
1720 2006 1870 2061 quodve
1910 2009 2091 2061 rejicien-

1132 2068 1225 2107 dum
1255 2069 1330 2117 sit,
1352 2069 1500 2109 solicite
1521 2070 1747 2122 disquirere
1769 2077 1806 2110 et
1824 2076 2089 2125 perscrutari,

1132 2131 1444 2173 elucubrationis
1473 2138 1527 2173 sit
1554 2134 1767 2173 assiduae:
1799 2135 1973 2187 qualiter
2002 2137 2089 2188 ejus

1132 2195 1361 2234 Divinitatis
1390 2208 1458 2248 ope
1493 2197 1661 2244 muniti,
1689 2199 1893 2250 prosperis
1935 2209 2090 2237 succes-

1132 2256 1242 2297 sibus
1271 2258 1326 2296 ad
1352 2258 1482 2297 omnia
1515 2271 1682 2299 currere
1712 2261 1954 2300 mereamini.

1188 2321 1338 2360 Graeca
1355 2333 1456 2372 quae
1477 2322 1696 2372 Sophronio
1719 2323 1907 2362 Hierosol.
1931 2323 1979 2362 ab
2003 2324 2089 2361 aliis

1136 2384 1393 2432 tribuuntur.
1432 2385 1545 2423 alteri
1584 2387 1764 2435 scriptori
1809 2385 2090 2424 adscribuntur

1135 2448 1154 2484 a
1186 2446 1468 2496 papebrochio,
1499 2449 1565 2497 qui
1596 2447 1719 2485 edidit
1748 2447 1793 2486 ad
1826 2448 1973 2486 calcem
2001 2447 2086 2486 Act.

1136 2509 1314 2547 Sanctor.
1361 2514 1454 2547 tom.
1487 2511 1520 2548 4.
1565 2509 1685 2559 April.
1719 2510 1756 2548 2.
1787 2521 1872 2560 pag.
1915 2511 2018 2548 Xlll.
2049 2515 2089 2547 et

1135 2572 1280 2610 omissa
1325 2572 1432 2610 Pauli
1465 2574 1646 2609 versione
1677 2572 1791 2609 aliam
1825 2573 2000 2610 Latinam
2035 2574 2090 2609 in-

1135 2634 1457 2682 terpretationem
1492 2635 1528 2671 in
1560 2633 1696 2671 eodem
1720 2638 1824 2672 tomo
1849 2646 1934 2685 pag.
1961 2637 2023 2674 9⁶..
2049 2641 2089 2674 et

1135 2696 1340 2733 metricam
1361 2695 1659 2734 llILDEBERTI
1678 2695 1993 2735 Cenomanensis
2010 2709 2089 2735 mo-

1135 2757 1337 2808 taphrasin
1385 2768 1469 2807 pag.
1517 2758 1578 2796 83.
1623 2758 1794 2798 exhibet.
1834 2760 1995 2810 Anglice.
2038 2773 2085 2799 ex

1135 2820 1283 2859 Gallico
1314 2819 1475 2858 Arnaldi
1509 2820 1667 2859 Andiliii
1700 2821 1840 2871 prodiit
1875 2825 2086 2873 separatim

1135 2881 1256 2920 Lond.
1306 2882 1417 2920 4726.
1464 2883 1728 2930 Sophronium
1763 2885 1989 2933 praeferens
2021 2898 2089 2925 au-

1135 2951 1297 2984 ctorem.
1328 2946 1468 2984 Mariae
1495 2946 1598 2985 illius
1622 2946 1770 2986 obitum
1800 2948 2087 2998 papebrochius

1135 3007 1180 3046 ad
1215 3007 1287 3046 An.
1321 3008 1409 3046 424.
1441 3013 1613 3047 revocat.

1187 3070 1381 3108 PAULUS
1407 3070 1654 3117 winfridus,
1687 3071 1925 3109 Wurnesridi
1949 3074 1986 3110 F.
2016 3075 2086 3111 1³0-

1135 3133 1358 3182 rojuiiensis
1410 3133 1494 3169 sive
1547 3133 1809 3182 Aquileiensis
1862 3137 2085 3175 l‘atriurchii

1131 3216 1162 3245 in
1188 3211 1303 3243 Cilicia
1323 3234 1332 3249 ‚
1359 3218 1459 3250 quam
1499 3213 1723 3243 narrationem
1760 3221 1797 3244 ex
1830 3215 1954 3246 Graeco
1979 3215 2091 3255 Euty—

1131 3261 1248 3293 chiam·
1272 3258 1288 3290 ἡ
1312 3260 1415 3291 Paulo
1440 3262 1587 3292 Diacono
1611 3262 1791 3301 Neapoieos
1823 3265 1940 3295 Latine
1963 3273 2092 3296 versam

1129 3321 1167 3343 ex
1191 3311 1296 3342 tribus
1326 3312 1407 3342 MSS.
1443 3310 1543 3341 edidit
1571 3312 1808 3344 menschenius
1831 3317 1914 3345 tom.
1943 3313 1965 3345 1.
1996 3316 2093 3346 Febr·

1133 3364 1182 3391 lv.
1209 3369 1278 3400 pag.
1304 3359 1377 3390 485.
