2533 4009
442 167 518 203 512
994 202 999 203 ff

662 279 934 357 LIBER
999 278 1184 350 XIX.

495 434 736 527 TAGENO.
768 484 955 520 Decanus
976 479 1200 517 Patavinus
1231 488 1263 514 s.
1297 479 1394 513 Pas-

441 550 664 591 saviensis,
705 555 797 581 cum
839 544 1032 589 Diepoldo
1081 552 1112 577 s.
1158 540 1392 577 Theobaldo

439 602 631 657 EpisSopo
663 618 733 643 suo
765 605 1018 652 expeditioni
1057 601 1277 646 Asiaticae,
1319 602 1385 637 in-

435 674 590 715 terruit,
612 670 758 706 deinde
778 669 896 714 jussu
919 668 1032 703 illius
1055 666 1101 703 de
1123 664 1381 711 expeditione

435 733 619 770 Asiatica
633 730 849 768 Friderz‘ec‘
863 729 895 764 J.
913 727 1191 775 Imperatoris
1210 725 1381 761 a.1189.

435 795 614 841 scripsit,
645 793 750 839 quod
780 791 1030 838 Opusculum
1062 789 1189 824 habes
1219 788 1261 823 in
1287 786 1386 822 Fre-

436 858 522 893 heri
555 856 702 901 script..
734 865 869 891 rerum
892 853 1086 889 German.
1117 850 1216 886 tom.
1249 849 1279 883 Ι.
1301 850 1387 894 Ap-

433 919 551 965 pend.
584 928 679 964 pag.
722 917 757 953 6.
795 916 909 952 Adde
952 914 1146 949 Vossium
1188 912 1235 948 de
1276 910 1383 947 Hist.

434 980 595 1016 Latinis
627 979 676 1014 II.
709 979 771 1015 54.

487 1041 631 1085 TAIO,
671 1043 733 1077 vel
766 1039 946 1082 TAIUS,
987 1033 1262 1082 cognomento
1306 1032 1386 1070 Sa-

436 1106 582 1149 muhel,
614 1105 839 1149 Episcopus
869 1099 1269 1145 Caesar-augustanus
1292 1095 1386 1142 post

435 1170 472 1202 S.
505 1167 787 1210 Braulionem,
818 1175 852 1200 a.
888 1163 979 1199 649.
1015 1163 1190 1198 Romam
1230 1160 1385 1195 missus

434 1231 519 1275 est,
553 1230 597 1264 ut
627 1228 818 1273 Gregorii
850 1228 898 1262 M.
940 1225 1100 1271 partem
1141 1223 1384 1267 Moralium,

435 1302 523 1338 quae
554 1293 595 1327 in
627 1291 825 1337 Hispania
853 1287 1179 1331 desiderabatur,
1200 1286 1293 1321 inde
1315 1293 1388 1330 pe-

433 1356 550 1391 teret.
584 1355 715 1397 Quum
745 1353 847 1388 liber
878 1351 1057 1387 inveniri
1096 1358 1176 1384 non
1220 1346 1386 1393 posset,

433 1416 588 1453 coelesti
610 1415 769 1451 monitu
791 1416 922 1450 locum
943 1414 1055 1449 illius
1071 1410 1254 1455 rescivit,
1270 1409 1389 1455 prout

434 1479 605 1514 narrant
636 1477 857 1513 Rodericus
890 1474 1109 1511 Toletanus
1150 1472 1200 1507 ΙΙ.
1243 1472 1308 1507 20.
1347 1471 1390 1507 et

433 1543 617 1578 Mariana
635 1540 744 1575 VIII.
767 1541 802 1576 8.
826 1539 1022 1576 Baronius
1048 1537 1099 1574 ad
1121 1545 1275 1573 annum
1297 1534 1386 1570 649.

437 1604 548 1641 Adde
579 1604 834 1640 Harduinum
866 1602 964 1637 tom.
987 1602 1034 1636 V.
1059 1600 1211 1636 Concil.
1237 1609 1274 1644 p.
1298 1597 1387 1633 625.

437 1667 515 1701 Sed
545 1666 648 1701 fides
679 1666 732 1700 sit
754 1673 879 1710 penes
903 1662 1122 1699 auctorem.
1151 1659 1320 1706 Colleqit
1348 1659 1385 1694 V.

435 1729 561 1766 libros
585 1728 901 1765 Sententiarum
932 1734 981 1761 ea
1008 1723 1207 1771 Operibus
1237 1720 1389 1769 (ἔφερο-

438 1793 498 1827 rii
527 1790 580 1828 M.
611 1791 678 1836 qui
717 1791 757 1826 in
798 1788 1048 1825 bibliotheca
1090 1786 1261 1822 Thuana
1299 1785 1388 1820 fue-

437 1854 546 1890 runt.
577 1852 876 1898 Fragmentum
910 1850 1181 1887 dedicationis
1211 1849 1261 1884 ad
1292 1848 1391 1891 Qui-

440 1917 567 1952 ricum
599 1916 845 1960 Episcopum
875 1914 1219 1949 Barcinonensem
1260 1910 1391 1946 edidit

440 1978 699 2013 Mabillonius
722 1976 880 2023 praefat.
906 1976 1040 2012 Seculi
1062 1974 1112 2009 11.
1135 1973 1392 2010 Benedictini

442 2052 478 2086 p.
501 2041 564 2076 41.
587 2041 797 2085 integram
819 2049 913 2076 vero
943 2039 1052 2075 idem
1076 2036 1259 2073 Analect.
1290 2036 1389 2071 tom.

444 2103 492 2137 11.
515 2114 551 2149 p.
576 2104 637 2139 68.
661 2103 757 2139 edit.
779 2112 893 2138 novae
918 2113 953 2148 p.
979 2101 1040 2137 62.
1066 2099 1272 2145 Adijcitur
1293 2107 1393 2144 quo-

441 2176 517 2211 que
532 2166 800 2212 Epigramma
821 2165 863 2199 in
878 2164 976 2200 illud
991 2172 1104 2208 opus.
1121 2162 1240 2197 Libro
1260 2161 1391 2206 prImo

442 2228 540 2272 Tajo
571 2228 662 2273 agit
692 2228 739 2263 de
771 2227 854 2262 Deo
885 2226 1118 2270 divinisque
1149 2221 1390 2259 adtributis:

444 2291 485 2325 in
509 2289 683 2326 secundo
698 2289 745 2325 de
761 2288 1044 2325 incarnatione
1058 2286 1213 2322 Christi
1228 2284 1269 2320 et
1284 2293 1392 2330 prae-

442 2351 641 2388 dicatione
671 2351 906 2396 Evangelii,
929 2351 1057 2396 deque
1085 2348 1320 2395 pastoribus
1349 2347 1391 2384 et

443 2413 642 2450 subditis:
675 2414 716 2449 in
745 2413 868 2449 tertio
903 2412 950 2449 de
981 2412 1159 2447 diversis
1192 2411 1387 2446 Ecclesiae

444 2475 668 2521 ordinibus,
699 2476 741 2512 et
770 2476 817 2512 de
850 2475 1084 2512 virtutibus:
1108 2475 1150 2509 in
1174 2473 1321 2519 quarto
1342 2473 1390 2509 de

445 2538 595 2574 divinis
612 2539 795 2583 judiciis,
816 2537 1116 2573 tentationibus
1137 2537 1178 2572 et
1199 2536 1391 2582 peccatis:

444 2603 486 2637 iu
517 2603 657 2647 quinto
687 2603 734 2638 de
764 2602 950 2647 reprobis
985 2600 1027 2637 et
1066 2600 1114 2636 de
1154 2599 1308 2643 judicio
1348 2607 1394 2634 ac

446 2665 753 2700 resurrectione.
805 2663 917 2699 Idem
957 2671 1058 2708 opus
1099 2661 1249 2697 dicitur
1297 2660 1396 2707 Tajz·

450 2724 761 2761 ,Sententiarum
792 2724 976 2760 volumen
1000 2723 1041 2758 in
1064 2721 1262 2757 Chronico
1283 2720 1392 2756 Fon-

446 2789 661 2823 tanellensi
693 2787 798 2832 apud
830 2786 1077 2821 Dacherium
1108 2784 1221 2819 tomo
1263 2783 1314 2818 II.
1355 2794 1392 2829 p.

449 2848 538 2882 280.
572 2849 759 2893 Adeoque
790 2847 888 2891 Tajo
910 2848 1067 2892 primus
1088 2845 1180 2891 suit,
1202 2845 1270 2890 qui
1293 2844 1394 2880 Sen-

447 2909 600 2944 t‹·ntias
631 2908 827 2953 collegit,
859 2908 900 2944 et
928 2906 1046 2943 Petro
1083 2906 1311 2943 Lombardo
1351 2907 1393 2941 in

448 2969 520 3004 hoe
544 2972 629 3015 ipso
652 2971 804 3006 laboris
818 2979 967 3015 genere
983 2968 1187 3014 praeluxit.
1204 2968 1393 3015 Epistola

451 3031 538 3074 ojus
573 3033 620 3066 ad
651 3032 879 3077 Eugenium
914 3032 1153 3068 'I'oletanum
1195 3030 1311 3067 extat
1351 3030 1392 3065 in

451 3093 715 3129 miscellaneis
731 3095 882 3129 Baluzii
905 3093 1004 3130 tom.
1023 3094 1087 3128 IV.
1111 3104 1148 3139 p.
1171 3093 1262 3129 397.
1288 3093 1393 3128 Con-

455 3153 512 3187 ser
543 3154 624 3187 Nic.
655 3155 820 3190 Antonii
841 3155 940 3191 Bibl.
964 3156 1188 3202 Hispanam
1212 3155 1304 3192 Vct.
1324 3154 1393 3190 VI.

457 3213 491 3246 7.
526 3223 632 3248 num.
665 3216 752 3250 422.
786 3216 1059 3254 Μ31)ἰ11οηἰυιῃ
1093 3229 1129 3264 p.
1172 3218 1236 3254 64.
1271 3217 1396 3253 Oudi-

460 3282 545 3308 rum
576 3274 685 3310 {orno
718 3276 743 3309 l.
778 3287 813 3322 p.
849 3278 962 3314 1622.

1287 149 1624 187 TAGENO

1523 217 1835 256 TANGREDUS
1877 227 1903 256 a
1953 217 2152 264 Corneto,
2197 217 2422 255 Hetruscus

1466 283 1597 328 Jctus,
1628 281 1836 319 Bononiae
1866 280 2115 327 Canonicus,
2150 280 2414 318 Archidiaco·

1469 355 1559 391 nus,
1590 343 1631 381 et
1660 343 1792 389 maj0r
1821 343 1947 380 studii
1987 344 2285 390 CancellariUS‚
2305 343 2420 380 Pari-

1467 408 1542 443 siis
1572 415 1729 453 quoque
1760 415 1831 451 per
1860 406 2025 452 aliquod
2053 406 2222 452 tempus
2256 405 2420 453 docuit,

1465 470 1576 505 circa
1596 477 1748 504 annum
1767 465 1885 505 1217.
1906 467 2092 504 mortuus
2109 468 2225 506 1240.
2239 468 2287 504 Α.
2303 468 2421 506 1233.

1467 542 1550 568 una
1577 540 1670 567 cum
1691 531 1785 566 aliis
1806 539 1829 565 a
1850 530 2050 576 Gregorio
2073 531 2145 577 IX,
2165 532 2322 572 electus
2342 530 2421 579 est,

1466 595 1518 631 ad
1547 593 1835 639 inquirendum
1865 593 1909 628 in
1938 603 2004 629 res
2035 593 2180 639 gestas
2209 593 2252 631 et
2292 595 2421 632 mira-

1463 658 1555 693 cula
1585 656 1625 692 S.
1656 655 1877 700 Dominici,
1898 664 1991 692 cum
2022 645 2273 696 ἀποτὲωσιν
2307 659 2421 696 illius

1462 718 1773 756 meditarentur.
1790 717 1966 764 Scripsit
1978 719 2148 757 Praxin
2158 719 2421 766 Marianam,

1462 782 1510 819 cle
1540 781 1684 818 ordine
1715 781 1754 817 et
1775 789 1978 827 processa
2002 781 2268 829 judiciario,
2305 780 2420 822 Glos-

1460 853 1530 882 sas
1559 851 1687 890 saper
1715 844 1972 890 Decretales,
1997 844 2282 892 Provinciale,
2311 845 2354 881 h.
2383 856 2418 883 e.

1460 907 1743 943 recensionem
1759 906 1946 942 omnium
1960 906 1991 941 E
1997 907 2299 954 piscopatuum.
2312 909 2420 945 Pan-

1460 969 1610 1005 zirolus
1632 968 1682 1004 de
1703 967 1828 1004 claris
1842 968 2004 1014 Legum
2038 967 2335 1015 interpretibus
2348 969 2419 1005 III.

1462 1033 1497 1067 4.
1528 1029 1718 1066 Bumaldi
1747 1030 1950 1067 Miuerval
1978 1030 2238 1069 Bononiense
2264 1042 2303 1078 p.
2325 1031 2417 1069 21¹7.

1460 1093 1630 1130 Orlandi
1649 1091 1806 1129 Notitia
1829 1092 2084 1139 Scriptorum
2101 1093 2421 1131 Bononiensium

1462 1165 1558 1203 pag.
1581 1155 1673 1192 250.
1697 1155 1915 1192 Tractatus
1935 1156 1984 1194 de
2009 1157 2157 1195 ordine
2179 1157 2421 1203 judiciario

1460 1218 1668 1256 correctus
1698 1229 1769 1265 per
1799 1218 1983 1256 Barthol.
2012 1220 2299 1267 Brixiensem,
2335 1219 2418 1256 MS.

1461 1281 1526 1317 est
1555 1282 1596 1317 in
1626 1281 1729 1318 Bibl.
1761 1282 2008 1319 monasterii
2037 1283 2419 1329 Heilsbrunnensis,

1461 1343 1566 1380 teste
1594 1343 1796 1391 Catalogo
1816 1345 2076 1381 Hockeriano
2099 1354 2194 1391 pag.
2214 1342 2279 1381 97.
2301 1345 2420 1382 GIrca

1465 1416 1619 1442 annum
1651 1405 1768 1443 1227.
1803 1405 2088 1445 Collectionem
2117 1408 2322 1454 quintam,
2353 1408 2420 1444 vel

1461 1471 1622 1507 sentam
1647 1470 1797 1516 potius,
1819 1471 2110 1518 Epistolarnon
2131 1471 2421 1510 Decretalinm

1461 1532 1707 1578 composuit,
1739 1534 1781 1568 in
1810 1542 1890 1578 qua
1913 1532 2245 1570 constitutiones
2275 1531 2422 1571 extant

1461 1595 1629 1631 Honorii
1672 1595 1729 1629 III
1746 1624 1755 1641 ,
1804 1596 1879 1632 sub
1926 1595 2045 1641 quus
2091 1596 2255 1632 nomine
2292 1595 2422 1632 etiam

1462 1657 1663 1703 publicari
1691 1656 1846 1695 debuit.
1868 1656 1978 1704 Opus
2009 1656 2123 1694 istud
2143 1656 2299 1693 factum
2326 1656 2424 1704 post

1462 1729 1616 1755 annum
1649 1718 1766 1757 1227.
1799 1730 1877 1766 quo
1899 1720 2102 1756 Honorius
2126 1717 2278 1755 tertius
2299 1717 2420 1754 Inno-

1462 1781 1587 1818 centii
1620 1780 1691 1815 111.
1724 1789 1937 1817 successor
1967 1779 2154 1817 mortuus
2183 1779 2259 1816 est.
2289 1779 2422 1825 Hujus

1464 1844 1667 1890 interpres
1688 1843 1930 1889 perhibetur
1950 1843 1973 1877 J
1977 1843 2127 1879 acobus
2139 1842 2323 1878 Albanus
2341 1840 2422 1878 Fa-

1464 1905 1660 1942 ventinus
1680 1905 1922 1950 Episcopus,
1939 1904 2078 1940 Enrici
2092 1902 2296 1940 Ostiensis
2309 1903 2422 1938 Prae-

1463 1967 1615 2013 ceptor.
1646 1967 1759 2002 Hanc
1779 1967 1849 2003 diu
1870 1965 2168 2013 desideratam,
2191 1975 2322 2012 neque
2343 1975 2421 2001 un-

1467 2039 1589 2075 quam
1619 2029 1788 2075 editam,
1819 2029 1917 2075 quia
1945 2029 2174 2075 Gregorius
2193 2028 2265 2064 IX.
2285 2029 2422 2064 Hono-

1467 2091 1520 2127 rii
1553 2090 1783 2137 Successor,
1809 2090 2000 2127 Pontifex
2028 2089 2177 2136 factus,
2198 2088 2343 2126 statim
2372 2090 2422 2127 de

1466 2160 1575 2188 nova
1594 2151 1773 2188 editione
1787 2151 2066 2189 Decretalium
2080 2150 2312 2198 cogitabat,
2327 2160 2420 2188 cum

1465 2213 1670 2249 Antonius
1697 2213 1964 2259 Augustinus
2004 2213 2112 2250 inter
2148 2211 2422 2249 Collectiones

1467 2285 1563 2312 suas
1593 2275 1873 2313 Decretalium
1901 2286 1984 2313 non
2014 2274 2231 2321 edidisset,
2251 2273 2420 2312 tandem

1466 2339 1509 2374 in
1537 2338 1791 2376 Bibliotheca
1821 2339 2010 2377 Albiensi
2039 2337 2274 2385 repertam,
2312 2336 2422 2373 Tho-

1466 2403 1562 2439 losae
1592 2412 1626 2439 a.
1661 2401 1779 2439 1645.
1810 2401 2076 2439 Innocentius
2103 2401 2294 2439 Cironius
2313 2400 2422 2436 Aca-

1465 2464 1612 2502 demiae
1642 2465 1883 2502 Tholosanae
1915 2465 2201 2503 Cancellarius
2219 2493 2229 2511 ,
2262 2463 2419 2510 edidit,

1466 2526 1507 2563 et
1537 2526 1705 2564 Glossas
1734 2527 1997 2564 doctissimas
2018 2525 2188 2573 adjecit,
2209 2527 2252 2563 in
2273 2527 2422 2574 quibus

1466 2590 1645 2637 explicat
1674 2600 1748 2637 ea,
1778 2601 1868 2637 quae
1903 2591 1954 2627 ad
1992 2590 2098 2637 J‘ur‘ls
2138 2589 2421 2636 cognitionem

1465 2650 1505 2688 et
1533 2651 1767 2698 temporum
1795 2651 2016 2688 historiam
2039 2649 2265 2698 pertinent,
2286 2659 2377 2697 quae
2399 2659 2423 2686 a

1465 2724 1670 2769 prioribus
1702 2723 1947 2760 Glossarum
1974 2721 2243 2769 scriptoribus
2264 2721 2421 2758 omissa

1464 2785 1640 2822 fuerant.
1672 2786 1729 2823 De
1756 2785 1953 2832 scriptore
1975 2784 2057 2822 isto
2078 2784 2284 2823 Arthurus
2305 2783 2422 2821 Duck

1465 2847 1514 2883 de
1544 2847 1792 2885 Auctoribus
1819 2848 1927 2894 J'uris
1955 2848 2025 2885 lib.
2056 2847 2087 2883 Ι.
2129 2856 2218 2894 cap.
2260 2844 2297 2883 ’7.
2329 2845 2354 2892 ἓ
2385 2845 2422 2882 6.

1469 2910 1674 2946 Gerardus
1717 2920 1798 2946 von
1829 2908 2073 2956 Mastricht,
2114 2910 2158 2946 in
2197 2907 2423 2945 Academia

1466 2972 1772 3019 Doesburgensi
1784 2973 1807 3008 J
1810 2974 1897 3009 uris
1918 2972 1961 3009 et
1979 2971 2174 3009 Historiae
2193 2970 2420 3016 Professor,

1465 3036 1508 3071 in
1536 3035 1718 3073 Historia
1746 3037 1858 3072 Juris
1889 3034 2170 3072 Ecclesiastici
2206 3032 2249 3071 et
2275 3032 2420 3070 Ponti-

1466 3098 1563 3144 ficii,
1593 3108 1706 3134 num.
1739 3098 1829 3136 352.
1862 3109 1899 3145 p.
1930 3098 2023 3135 384.
2054 3097 2168 3135 edita
2194 3096 2423 3142 Duisburgi

1467 3170 1571 3196 anno
1603 3159 1719 3196 1676.
1751 3159 1792 3198 et
1822 3159 2124 3197 Amstelodami
2155 3157 2272 3196 1686.
2309 3158 2354 3194 in
2382 3157 2420 3194 8.

1468 3224 1563 3259 Haec
1591 3222 1774 3259 Oudinus
1801 3222 1914 3259 torno
1946 3221 2017 3257 111.
2048 3231 2145 3268 pag.
2176 3221 2242 3258 90.

1522 3282 1540 3303 ‘*
1574 3284 1793 3324 Summum
1826 3283 2115 3332 Compenaiosa
2137 3282 2258 3330 juris
2278 3280 2420 3319 civilis
