2533 4009
473 275 636 391 :Jggcllo
673 338 838 383 aliisquo
883 326 1180 368 nicmoiantur:
1213 324 1426 365 Recollccta

473 403 620 440 multae
650 396 828 436 lectionis
851 392 899 429 do
926 388 1183 428 inexcusabili
1205 383 1426 437 peccatoris

472 463 670 512 nequitia.
698 455 902 493 (nationes
926 453 972 491 ad
1000 451 1110 488 Veri(
1115 454 1175 487 tos
1204 452 1244 485 ct
1268 447 1316 486 ad
1341 448 1427 485 Plii-

471 525 618 573 lippuni
638 522 782 556 Ducs‘m
810 514 961 553 Mediol.
985 523 1054 564 pro
1076 522 1198 562 pace:
1218 510 1425 549 Sermones

472 584 583 621 multi
616 584 735 628 a=itqm
768 574 976 628 Ep1 stoloe

524 641 612 690 <227
636 641 720 678 lita
735 637 857 677 (lelB.
878 634 1034 676 ,Viccolo
1058 633 1266 684 Alberqati
1284 633 1425 672 scritta

468 705 520 742 ‹la
545 704 585 740 F.
611 703 922 740 Buonaventura
949 696 1127 737 cavallo.
1153 699 1275 735 Roma
1305 696 1422 734 4654.

470 778 489 804 e
509 765 561 803 da
586 762 729 802 Ercole
751 760 920 801 Zanotti.
944 757 1117 808 Boloqna.
1144 757 1260 796 4757.
1281 758 1345 804 A.)

521 826 775 866 MCOLAUS
804 823 850 862 (Ie
877 820 1092 860 Albertim's
1113 819 1160 857 dc
1186 820 1327 864 l‘rato,
1354 819 1426 856 llo—

468 895 655 936 truscus,
684 886 776 925 Ord.
810 884 943 923 l‘racd.
975 894 1025 921 ex
1055 882 1256 931 Episcopo
1292 880 1427 928 Spole-

469 957 561 989 tano
590 948 810 988 Cardinalis
839 947 1062 995 Episcopus
1087 942 1287 981 Ostiensis
1307 941 1355 978 ab
1378 942 1425 978 Λ.

472 1013 587 1052 1303,
617 1011 664 1050 ad
699 1010 813 1049 1321.
841 1008 939 1055 Ejus
962 1004 1063 1043 Acta
1085 1001 1426 1053 Lessationumsub

467 1075 666 1114 Bonis-acio
692 1072 790 1110 Vlll.
818 1067 1031 1106 Benedicto
1051 1066 1119 1103 XI.
1146 1065 1356 1102 Clemente
1381 1064 1427 1101 V.

467 1142 507 1175 ct
527 1138 677 1174 Joanne
708 1131 833 1171 XXII.
861 1130 897 1166 in
929 1126 1113 1165 Archivis
1137 1126 1323 1163 Romanis
1343 1135 1424 1163 ser-

468 1198 553 1235 xari
578 1206 654 1233 non
695 1193 851 1232 dubitat
889 1189 1060 1228 Jacobus
1095 1188 1231 1233 Quotif
1268 1191 1362 1224 tom.
1389 1187 1422 1224 1.

466 1259 564 1297 Bihl.
581 1257 872 1295 Dominicanor.
890 1263 977 1303 pag.
995 1249 1086 1289 547.
1112 1249 1174 1288 ubi
1191 1249 1310 1286 etiam
1337 1249 1425 1286 eius

471 1323 683 1358 tractatum
711 1316 756 1354 (le
772 1314 968 1366 paradiso
989 1343 996 1359 ,
1021 1317 1141 1362 atque
1159 1311 1260 1349 alius
1282 1310 1329 1348 de
1354 1310 1423 1348 Co-

468 1380 669 1418 mitiorum
686 1375 974 1428 Pontificalium
987 1372 1257 1413 habendorum
1272 1371 1426 1410 ratione

468 1445 771 1482 commemorat.

524 1505 614 1553 (228
643 1502 730 1540 Vita
766 1499 828 1538 (let
864 1498 986 1539 Coi-cl.
1023 1496 1206 1535 Ni‘ccolao
1230 1495 1282 1534 (la
1308 1497 1427 1534 Proto

470 1566 610 1605 scritta
643 1562 712 1602 dat
733 1561 854 1613 Prop.
886 1559 1040 1610 Fili'ppo
1076 1558 1220 1597 Venuti.
1260 1558 1428 1595 Livorno

473 1625 589 1663 4753.
616 1624 632 1660 li
663 1635 683 1659 o
710 1622 772 1659 nel
798 1621 1024 1669 Magazzino
1057 1620 1235 1655 Toscano
1255 1638 1305 1643 —-
1330 1618 1430 1666 Sup-

464 1686 654 1738 plemento
671 1682 752 1720 alla
773 1684 858 1720 Vita
880 1692 931 1719 ec.
958 1682 1085 1718 Lucca
1111 1678 1226 1717 4754.
1244 1678 1278 1715 4.
1295 1679 1433 1717 scritto

469 1749 530 1786 dal
562 1750 599 1785 P.
626 1745 840 1783 Vinccnzio
865 1742 1084 1788 Fincsclii.7

522 1805 772 1847 MCOLAUS
796 1804 842 1842 (Ie
875 1801 1130 1841 Alea-andria
1169 1801 1424 1840 Statellorum

468 1871 648 1919 Liguriae
679 1869 710 1916 (a
736 1866 893 1905 Nicolao
918 1863 1188 1903 Alexandrino
1216 1865 1425 1914 Myrcpso,

469 1932 618 1971 Gracco
639 1929 786 1968 Medico
808 1928 922 1978 longo
946 1926 1144 1972 diversus)
1169 1925 1263 1965 Ord.
1289 1927 1425 1966 Pracd.

469 1996 571 2032 circa
596 1993 673 2030 An.
695 1991 808 2029 1433.
832 1989 991 2039 scripsit
1015 1987 1054 2026 in
1081 1988 1143 2026 IV.
1182 1986 1303 2026 libros
1333 1989 1426 2027 Sen-

473 2054 698 2093 tentiarum.
722 2052 773 2090 id.
802 2051 938 2096 Quotif
961 2055 1054 2087 tom.
1081 2052 1117 2088 1.
1142 2061 1227 2100 pag.
1254 2050 1347 2089 782.

525 2113 772 2154 MCOLAUS
796 2112 842 2150 dc
866 2111 1042 2150 Alsentia
1057 2142 1067 2160 ,
1091 2112 1191 2149 infra
1210 2142 1218 2161 ‚
1239 2111 1426 2151 Nicolaus

475 2175 822 2218 Crutzenacensis.

515 2235 1230 2283 MCOLAUSAmatus,Scliolasticus
1243 2236 1429 2275 circaAn.

474 2301 589 2342 1397.
606 2302 722 2340 cuius
736 2298 1080 2338 Commentariurn
1102 2299 1138 2334 in
1159 2299 1284 2346 priora
1303 2302 1342 2335 ct
1361 2310 1429 2348 po-

474 2366 638 2402 steriora
658 2362 867 2410 Analytica
886 2359 1111 2398 Aristotelis
1129 2360 1304 2408 Congius
1321 2360 1428 2397 evol—

472 2428 533 2463 vit
559 2427 596 2462 in
622 2424 719 2463 Bibl.
739 2423 778 2461 S.
799 2422 984 2459 Germani
1011 2419 1059 2457 de
1076 2421 1212 2466 piatis.
1229 2420 1322 2457 Cod.
1338 2421 1427 2458 806.

519 2485 770 2525 MCOLAUS
784 2481 1200 2530 Ambianensis,cuius
1217 2481 1360 2520 librum
1382 2481 1428 2520 (le

468 2549 544 2601 fide
562 2546 778 2594 Cothonea,
788 2545 1101 2593 manuscriptum
1121 2546 1314 2581 memorat
1331 2544 1427 2581 San-

471 2612 591 2650 derus
611 2622 644 2660 p.
664 2609 752 2647 361.
771 2607 878 2646 Idem
897 2607 1016 2643 etiarn
1037 2603 1253 2643 Chronicon
1267 2615 1426 2653 compo-

471 2675 562 2720 suit,
582 2672 684 2722 quod
709 2672 746 2707 in
770 2669 912 2708 Codice
937 2669 1110 2705 Puteano
1137 2666 1225 2704 125.
1251 2667 1425 2715 Gangius

471 2735 634 2780 evolvit,
652 2738 692 2769 ct
708 2732 888 2770 Labbeus
910 2742 948 2780 p.
975 2729 1022 2768 14
1049 2727 1143 2766 Bibl.
1162 2738 1300 2765 novae.
1318 2727 1423 2766 MSS.

523 2793 774 2834 MCOLAUS
801 2792 850 2829 de
890 2791 1079 2829 Vercellis
1109 2789 1241 2827 Abbas
1270 2790 1309 2828 S.
1347 2788 1425 2826 An-

471 2857 591 2895 dreae
611 2855 658 2892 de.
677 2855 796 2893 Sexta
814 2864 932 2903 prope
951 2854 1119 2889 Januam
1142 2852 1226 2888 sive
1242 2849 1420 2888 Genuam

470 2918 748 2957 Ord.Cistcrc.
774 2917 876 2953 circa
901 2925 964 2951 an.
991 2912 1106 2950 1290.
1130 2913 1244 2950 cuius
1269 2913 1424 2950 Sermo-

470 2991 538 3019 nes
574 2979 623 3017 dc
662 2979 773 3016 festis
820 2978 1057 3015 Sanctorum
1080 3004 1089 3020 ,
1133 2974 1422 3023 Manuscriptos

470 3042 622 3079 evolvit
642 3040 824 3078 Oudinus
849 3042 942 3075 tom.
975 3037 1010 3074 3.
1033 3046 1118 3085 pag.
1144 3034 1233 3072 656.

523 3102 774 3142 NICOLAUS
803 3100 849 3139 cle
873 3098 1062 3138 Anesz'aco
1090 3096 1297 3135 Arvernus
1325 3095 1420 3134 Oril.

471 3166 604 3203 Praed.
617 3167 717 3203 circa
735 3165 829 3202 AnA
842 3162 1109 3211 320.scriptor
1123 3157 1280 3198 tabulae
1294 3168 1419 3207 supra

471 3225 707 3263 Decretales.
733 3225 828 3262 Vide
852 3224 1040 3263 Jacobum
1058 3221 1194 3267 Quctif
1212 3225 1238 3257 t.
1272 3221 1304 3259 1.
1331 3218 1417 3256 519.

526 3286 776 3324 ΜΕΟΙΛΙῙΞ
804 3284 1002 3334 Any-licus.
1028 3284 1152 3333 Supra
1176 3312 1184 3331 ,
1211 3280 1416 3320 HADRIA-

471 3348 579 3386 NL'S.
604 3348 665 3385 lv.
691 3352 785 3384 tom.
812 3348 847 3383 3.
874 3358 958 3397 pag.
987 3346 1074 3383 167.

1283 256 1401 296 Nic
1424 255 1662 296 OIAUS

1554 325 1806 367 NlCOLAUS
1826 328 1878 367 ab
1900 330 2205 383 Aquapendente
2234 331 2454 383 Hetruriae,

1502 389 1882 438 Augustinianorum
1901 392 2154 431 Provincialis
2175 393 2375 431 Romanus
2390 393 2458 432 de-

1502 451 1665 489 functus
1690 450 1765 488 An.
1788 452 1905 489 4456.
1924 455 2038 493 cuius
2059 453 2274 493 laudantur
2297 453 2455 494 Tracta-

1501 516 1567 550 tus
1592 511 1637 550 de
1659 514 1818 563 peccato
1843 512 2051 563 orz'yinali,
2078 517 2253 565 itemque
2277 514 2380 553 alius
2409 515 2456 556 de

1501 572 1701 624 Baptismo
1721 578 1761 611 et
1786 573 2137 625 Quadraqesimale
2168 580 2208 615 et
2246 576 2454 616 Sermones

1501 633 1547 672 de
1575 634 1745 673 Sanctis.
1785 634 1883 673 Vide
1913 635 2076 686 Philippi
2106 638 2224 676 Elssii
2258 639 2456 678 encomia-

1501 696 1626 733 sticon
1659 694 2041 745 Augustinianorum
2071 708 2157 748 pag.
2188 699 2278 738 501.

1553 755 1808 795 NlCOLAUS
1843 755 1895 795 ab
1932 756 2145 808 Aquavilla
2183 759 2276 799 Ord.
2319 761 2453 799 Minor.

1500 819 1603 855 circa
1632 828 1694 855 an.
1722 818 1836 857 1317.
1861 819 1978 858 cuius
2001 820 2210 860 Sermones
2232 821 2280 860 de
2304 823 2456 861 Nativi-

1500 882 1600 927 tate,
1624 878 1673 917 dc
1699 880 1856 918 Sanctis
1885 885 1926 918 et
1955 880 2004 919 de
2043 885 2221 931 tempore
2258 894 2326 932 per
2362 884 2455 922 anni

1500 941 1693 979 circulum
1719 941 1741 979 a
1765 942 1986 993 Waddingo
2017 953 2103 993 pag.
2128 943 2219 982 262.
2251 953 2334 994 seq.
2376 956 2456 983 me-

1504 1005 1722 1040 morantur.

1553 1063 1805 1103 NICOLAUS
1829 1064 1945 1104 Card.
1973 1064 2020 1103 de
2042 1064 2244 1116 Arayona.
2267 1065 2364 1106 Vide
2400 1068 2457 1106 in-

1501 1125 1556 1164 fra
1586 1126 1747 1165 MCOL.
1778 1124 1954 1164 Rosselli.

1554 1187 1807 1227 NICOLAUS
1828 1188 2004 1238 Kempht
2017 1187 2065 1227 de
2079 1188 2318 1240 Aryentina,
2339 1189 2457 1229 disci-

1501 1249 1620 1299 pulus
1658 1249 1805 1288 Nicolai
1833 1250 1884 1288 de
1923 1249 2206 1302 Dinkelspuhel
2224 1282 2236 1299 ,
2274 1252 2460 1301 Magister

1500 1311 1765 1361 Viennensis,
1789 1312 2005 1351 Monachus
2026 1312 2317 1353 Carthusianus
2340 1314 2389 1352 ab
2412 1313 2458 1353 A.

1503 1372 1620 1412 14ἶιο.
1658 1378 1699 1411 et
1732 1373 1780 1412 ab
1818 1373 1892 1412 An.
1933 1373 2048 1413 4454.
2080 1375 2189 1413 Prior
2222 1374 2458 1414 Carthusiae

1501 1435 1779 1473 Gemnicensis
1805 1436 1842 1472 in
1864 1435 2051 1484 Austria‚
2083 1435 2301 1474 defunctus
2324 1440 2459 1475 cente-

1505 1499 1640 1536 narius
1664 1496 1710 1534 Α.
1736 1496 1850 1535 1197.
1873 1497 1974 1548 Ejus
1993 1497 2194 1548 dialogum
2215 1497 2459 1547 tripartitum

1505 1558 1552 1596 cle
1575 1561 1681 1595 recto
1704 1556 1928 1596 studiorum
1946 1558 2022 1610 fine
2042 1570 2090 1597 ac
2105 1557 2242 1597 ordine
2255 1561 2294 1597 et
2307 1557 2460 1611 fuyien-

1507 1619 1569 1658 dis
1593 1621 1696 1657 vitae
1720 1618 1966 1658 vanitatibus
1988 1619 2111 1658 edidit
2133 1620 2361 1659 Bernardus
2384 1622 2460 1659 Pez

1509 1681 1679 1718 tom.IV.
1699 1680 1797 1718 Bibl.
1821 1682 2016 1719 asceticae
2040 1692 2127 1732 pag.
2150 1681 2238 1721 257.
2260 1683 2347 1721 492.
2364 1681 2460 1733 Eju-

1510 1742 1636 1781 sdemv
1654 1742 1794 1781 librum
1821 1741 1867 1780 de
1905 1742 2164 1790 discretione,
2186 1745 2396 1794 praecipue
2420 1745 2459 1782 in

1501 1805 1706 1854 Religiosis
1730 1805 1815 1841 sive
1840 1805 2068 1853 Monacbis‚
2091 1804 2140 1843 id.
2167 1809 2261 1843 tom.
2279 1805 2347 1844 IX.
2372 1816 2460 1857 pag.
2506 1825 2509 1827 -

1503 1867 1593 1905 381.
1618 1865 1707 1904 532.
1733 1865 1900 1904 Caetera
1930 1865 2018 1916 ejus
2055 1868 2201 1917 scripta
2226 1878 2275 1906 ex
2311 1866 2458 1906 laudati

1501 1928 1602 1966 Pezii
1629 1927 1919 1977 prolegomenis
1943 1928 1991 1966 ad
2028 1932 2124 1966 tom.
2147 1929 2209 1967 IV.
2235 1928 2380 1966 referre
2397 1927 2461 1977 ju-

1502 1993 1596 2035 vat,
1622 1992 1718 2027 sunt
1742 1989 1848 2026 enim
1873 1988 1997 2027 haec:
2022 1988 2193 2040 Requlae
2219 1989 2461 2028 Grammati-

1501 2048 1619 2088 cales.
1647 2049 1860 2100 Disputata
1879 2060 2002 2100 super
2032 2048 2147 2089 libris
2188 2050 2460 2090 Posteriorum

1500 2110 1737 2149 Aristotelis.
1758 2109 2089 2162 Alphabetarium
2119 2112 2253 2152 Divini
2278 2113 2428 2152 amoris
2447 2143 2458 2161 ‚

1502 2173 1604 2222 quod
1624 2172 1790 2211 Gcrsoni
1806 2173 1882 2219 alii,
1906 2173 2044 2212 Joanni
2073 2174 2213 2212 Nidero
2229 2175 2460 2214 maluerunt

1502 2234 1687 2272 tribuere.
1719 2234 1774 2272 De
1804 2232 2112 2285 proponentibus
2158 2234 2368 2286 Reli'yz'onis
2405 2235 2463 2274 in-

1501 2306 1696 2345 9ressum.
1726 2294 1954 2335 Memoriale
1986 2296 2214 2348 primorum
2247 2295 2462 2348 principio-

1501 2369 1594 2396 rum
1628 2357 1668 2395 in
1691 2356 1841 2396 Scholis
1879 2358 2077 2396 Virtutum
2092 2390 2103 2406 ‚
2128 2359 2216 2396 sive
2240 2357 2381 2398 Modus
2403 2357 2462 2396 vi-

1503 2419 1622 2458 vendi
1643 2419 1682 2457 in
1708 2419 1854 2458 Ordine
1872 2450 1882 2468 ,
1908 2419 2126 2471 praecipue
2169 2418 2459 2459 Carthusiensi.

1500 2482 1556 2519 De
1576 2481 1770 2519 charitate
1794 2480 1876 2520 sive
1898 2480 2077 2519 amicitia
2095 2492 2194 2520 vera
2213 2484 2251 2519 et
2265 2481 2371 2532 sicta.
2403 2481 2459 2519 De

1496 2542 1671 2592 peccatis
1710 2542 1914 2582 Charitati
1948 2542 2177 2582 contrariis.
2219 2543 2460 2582 Documenta

1500 2604 1569 2641 SS.
1598 2605 1765 2642 Patrum
1785 2608 1921 2642 contra
1944 2604 2143 2654 praedicta
2175 2605 2283 2643 vitia.
2307 2604 2363 2642 De
2393 2615 2459 2643 su-

1498 2653 1747 2714 spici'onibus.
1773 2667 1828 2704 De
1862 2665 2059 2703 tendentia
2082 2663 2138 2703 ad
2162 2664 2457 2717 perfectiQonem

1498 2727 1554 2764 De
1573 2727 1682 2765 modo
1706 2726 1914 2777 confitendi
1930 2725 2103 2765 venialia
2121 2729 2298 2777 peccata.
2325 2727 2379 2765 De
2396 2727 2458 2780 af-

1495 2787 1664 2838 fectibus
1687 2787 1909 2840 formandis
1932 2788 1973 2825 in
1996 2787 2136 2833 Horis,
2161 2787 2246 2825 sive
2264 2788 2300 2825 in
2318 2789 2456 2828 Officio

1497 2850 1650 2887 Divino.
1677 2849 1885 2899 Eoepositio
1903 2848 2076 2888 Canonis
2100 2851 2137 2887 etv
2161 2848 2277 2888 totius
2296 2849 2454 2890 Missae.

1495 2910 1552 2948 De
1575 2910 1685 2948 modo
1713 2909 1868 2948 tenendi
1901 2920 1942 2948 se
1981 2909 2020 2947 in
2056 2909 2265 2961 Capitulo,
2289 2912 2375 2950 sive
2404 2912 2453 2951 de

1496 2972 1675 3021 Capitulo
1701 2972 2001 3021 Religiosorum.
2025 2972 2080 3010 De
2100 2970 2302 3024 colloquio.
2324 2973 2454 3025 Super

1495 3036 1646 3071 statuta
1674 3032 1835 3072 Ordinis
1861 3032 2174 3072 Cartlzusiensis.
2210 3033 2268 3072 De
2301 3033 2453 3073 stabili-

1493 3097 1582 3131 tate.
1609 3095 1662 3132 De
1687 3093 1816 3132 tribus
1839 3092 2116 3133 essentialibus
2139 3093 2265 3134 omnis
2288 3094 2451 3146 Relfqio-

1493 3155 1565 3193 nis.
1592 3156 1646 3192 De
1669 3154 1932 3194 sollicitudine
1961 3155 2225 3207 Superiorum
2269 3154 2450 3195 habenda

1494 3228 1589 3266 crya
1612 3215 1860 3255 subditorum
1877 3216 2068 3257 Salutem.
2085 3217 2141 3255 De
2157 3216 2449 3268 confirmatione

1493 3282 1530 3315 et
1544 3278 1691 3327 [torsula
1711 3277 1935 3329 approbata
1953 3277 2114 3317 Ordinis
2132 3277 2443 3318 carthusiensis.

1492 3340 1548 3377 De
1576 3351 1694 3390 refluo
1732 3341 1835 3380 DEI.
1873 3341 1928 3381 De
1962 3339 2177 3380 ostensione
2200 3339 2317 3390 reyni
2335 3340 2442 3380 DEI.
