<?xml version="1.0" encoding="UTF-8"?>
<!DOCTYPE html PUBLIC "-//W3C//DTD XHTML 1.0 Transitional//EN"
    "http://www.w3.org/TR/xhtml1/DTD/xhtml1-transitional.dtd">
<html xmlns="http://www.w3.org/1999/xhtml" xml:lang="en" lang="en">
 <head>
  <title>
</title>
<meta http-equiv="Content-Type" content="text/html;charset=utf-8" />
  <meta name='ocr-system' content='tesseract 3.04.00' />
  <meta name='ocr-capabilities' content='ocr_page ocr_carea ocr_par ocr_line ocrx_word'/>
</head>
<body>
  <div class='ocr_page' id='page_1' title='image "./bibliothecalatin05fabruoft/bibliothecalatin05fabruoft_0090.png"; bbox 0 0 2533 4009; ppageno 0'>
   <div class='ocr_carea' id='block_1_1' title="bbox 478 285 1742 332">
    <p class='ocr_par' dir='ltr' id='par_1_1' title="bbox 478 285 1742 332">
     <span class='ocr_line' id='line_1_1' title="bbox 478 285 1742 332; baseline -0.005 0"><span class='ocrx_word' id='word_1_1' title='bbox 478 293 529 332; x_wconf 60' lang='lat' dir='ltr'><em>St</em></span> <span class='ocrx_word' id='word_1_2' title='bbox 891 326 896 329; x_wconf 89' lang='grc'><em>,</em></span> <span class='ocrx_word' id='word_1_3' title='bbox 1189 285 1742 326; x_wconf 77' lang='lat' dir='ltr'><strong>MONTANARIUS</strong></span> 
     </span>
    </p>
   </div>
   <div class='ocr_carea' id='block_1_2' title="bbox 469 358 1439 3457">
    <p class='ocr_par' dir='ltr' id='par_1_2' title="bbox 469 358 1427 849">
     <span class='ocr_line' id='line_1_2' title="bbox 478 358 1421 405; baseline -0.006 -2"><span class='ocrx_word' id='word_1_4' title='bbox 478 365 741 404; x_wconf 80' lang='lat' dir='ltr'><em>Eremitarum</em></span> <span class='ocrx_word' id='word_1_5' title='bbox 775 362 813 397; x_wconf 84' lang='lat' dir='ltr'><em>S.</em></span> <span class='ocrx_word' id='word_1_6' title='bbox 845 358 1053 405; x_wconf 56' lang='lat' dir='ltr'><em>Augustini</em></span> <span class='ocrx_word' id='word_1_7' title='bbox 1097 359 1209 396; x_wconf 83' lang='lat' dir='ltr'><em>circa-</em></span> <span class='ocrx_word' id='word_1_8' title='bbox 1229 358 1274 397; x_wconf 82' lang='lat' dir='ltr'><em>A.</em></span> <span class='ocrx_word' id='word_1_9' title='bbox 1309 359 1421 398; x_wconf 69' lang='lat'><em>1480.</em></span> 
     </span>
     <span class='ocr_line' id='line_1_3' title="bbox 477 417 1425 475; baseline -0.003 -12"><span class='ocrx_word' id='word_1_10' title='bbox 477 427 642 475; x_wconf 71' lang='lat' dir='ltr'><em>Scripsit</em></span> <span class='ocrx_word' id='word_1_11' title='bbox 671 423 716 460; x_wconf 80' lang='lat' dir='ltr'><em>‹le</em></span> <span class='ocrx_word' id='word_1_12' title='bbox 746 417 930 458; x_wconf 80' lang='lat' dir='ltr'><em>laudibus</em></span> <span class='ocrx_word' id='word_1_13' title='bbox 956 417 1136 470; x_wconf 79' lang='lat' dir='ltr'><em>familiae</em></span> <span class='ocrx_word' id='word_1_14' title='bbox 1181 418 1227 458; x_wconf 84' lang='lat' dir='ltr'><em>de</em></span> <span class='ocrx_word' id='word_1_15' title='bbox 1269 420 1425 471; x_wconf 73' lang='lat' dir='ltr'><em>Auria,</em></span> 
     </span>
     <span class='ocr_line' id='line_1_4' title="bbox 475 481 1423 539; baseline -0.004 -12"><span class='ocrx_word' id='word_1_16' title='bbox 475 488 576 539; x_wconf 82' lang='lat' dir='ltr'><em>quod</em></span> <span class='ocrx_word' id='word_1_17' title='bbox 603 488 792 535; x_wconf 79' lang='lat' dir='ltr'><em>scriptum</em></span> <span class='ocrx_word' id='word_1_18' title='bbox 819 486 910 519; x_wconf 88' lang='lat' dir='ltr'><em>tom.</em></span> <span class='ocrx_word' id='word_1_19' title='bbox 938 481 1066 520; x_wconf 79' lang='lat' dir='ltr'><em>XXlll</em></span> <span class='ocrx_word' id='word_1_20' title='bbox 1091 482 1267 521; x_wconf 77' lang='lat' dir='ltr'><em>thesauri</em></span> <span class='ocrx_word' id='word_1_21' title='bbox 1292 495 1423 523; x_wconf 83' lang='lat' dir='ltr'><em>rerum</em></span> 
     </span>
     <span class='ocr_line' id='line_1_5' title="bbox 477 542 1427 595; baseline -0.007 -5"><span class='ocrx_word' id='word_1_22' title='bbox 477 552 698 590; x_wconf 75' lang='lat' dir='ltr'><em>Italicarum</em></span> <span class='ocrx_word' id='word_1_23' title='bbox 729 546 762 592; x_wconf 79' lang='lat' dir='ltr'><em>a)</em></span> <span class='ocrx_word' id='word_1_24' title='bbox 794 543 938 594; x_wconf 84' lang='lat' dir='ltr'>publici</span> <span class='ocrx_word' id='word_1_25' title='bbox 965 542 1069 593; x_wconf 88' lang='lat' dir='ltr'><em>juris</em></span> <span class='ocrx_word' id='word_1_26' title='bbox 1101 556 1225 595; x_wconf 82' lang='lat' dir='ltr'><em>nuper</em></span> <span class='ocrx_word' id='word_1_27' title='bbox 1255 545 1347 583; x_wconf 88' lang='lat' dir='ltr'><em>fecit</em></span> <span class='ocrx_word' id='word_1_28' title='bbox 1384 547 1427 584; x_wconf 91' lang='lat' dir='ltr'><em>il-</em></span> 
     </span>
     <span class='ocr_line' id='line_1_6' title="bbox 476 605 1424 655; baseline -0.004 -5"><span class='ocrx_word' id='word_1_29' title='bbox 476 612 611 653; x_wconf 76' lang='lat' dir='ltr'><em>lustris</em></span> <span class='ocrx_word' id='word_1_30' title='bbox 632 608 882 647; x_wconf 78' lang='lat' dir='ltr'><em>Muratorius.</em></span> <span class='ocrx_word' id='word_1_31' title='bbox 906 605 1030 655; x_wconf 82' lang='lat' dir='ltr'><em>Hujus</em></span> <span class='ocrx_word' id='word_1_32' title='bbox 1054 606 1236 645; x_wconf 80' lang='lat' dir='ltr'><em>Montaldi</em></span> <span class='ocrx_word' id='word_1_33' title='bbox 1265 618 1424 646; x_wconf 78' lang='lat' dir='ltr'><em>carmen</em></span> 
     </span>
     <span class='ocr_line' id='line_1_7' title="bbox 474 668 1427 720; baseline -0.003 -9"><span class='ocrx_word' id='word_1_34' title='bbox 474 674 674 711; x_wconf 81' lang='lat' dir='ltr'><em>heroicum</em></span> <span class='ocrx_word' id='word_1_35' title='bbox 720 668 766 708; x_wconf 86' lang='lat' dir='ltr'><em>de</em></span> <span class='ocrx_word' id='word_1_36' title='bbox 802 668 986 720; x_wconf 81' lang='lat' dir='ltr'><em>passione</em></span> <span class='ocrx_word' id='word_1_37' title='bbox 1029 668 1194 707; x_wconf 84' lang='lat' dir='ltr'><em>Cllristi</em></span> <span class='ocrx_word' id='word_1_38' title='bbox 1231 670 1427 709; x_wconf 79' lang='lat' dir='ltr'><em>Manuscr.</em></span> 
     </span>
     <span class='ocr_line' id='line_1_8' title="bbox 474 731 1426 782; baseline -0.004 -8"><span class='ocrx_word' id='word_1_39' title='bbox 474 740 657 774; x_wconf 69' lang='lat' dir='ltr'><em>servatur</em></span> <span class='ocrx_word' id='word_1_40' title='bbox 701 735 738 770; x_wconf 93' lang='lat' dir='ltr'><em>in</em></span> <span class='ocrx_word' id='word_1_41' title='bbox 786 731 881 770; x_wconf 90' lang='lat' dir='ltr'><em>Bibl.</em></span> <span class='ocrx_word' id='word_1_42' title='bbox 926 731 1084 769; x_wconf 82' lang='lat' dir='ltr'><em>Paulina</em></span> <span class='ocrx_word' id='word_1_43' title='bbox 1132 733 1351 782; x_wconf 78' lang='lat' dir='ltr'><em>Lipsiensi‚</em></span> <span class='ocrx_word' id='word_1_44' title='bbox 1383 737 1426 771; x_wconf 87' lang='lat' dir='ltr'><em>ut</em></span> 
     </span>
     <span class='ocr_line' id='line_1_9' title="bbox 469 794 1424 849; baseline -0.005 -12"><span class='ocrx_word' id='word_1_45' title='bbox 469 802 549 849; x_wconf 79' lang='lat' dir='ltr'><em>jain</em></span> <span class='ocrx_word' id='word_1_46' title='bbox 579 797 710 835; x_wconf 80' lang='lat' dir='ltr'><em>dicere</em></span> <span class='ocrx_word' id='word_1_47' title='bbox 742 806 804 832; x_wconf 84' lang='lat' dir='ltr'><em>me</em></span> <span class='ocrx_word' id='word_1_48' title='bbox 834 794 995 832; x_wconf 78' lang='lat' dir='ltr'><em>memini</em></span> <span class='ocrx_word' id='word_1_49' title='bbox 1025 805 1144 844; x_wconf 81' lang='lat' dir='ltr'><em>supra</em></span> <span class='ocrx_word' id='word_1_50' title='bbox 1175 799 1201 831; x_wconf 89' lang='lat' dir='ltr'><em>t.</em></span> <span class='ocrx_word' id='word_1_51' title='bbox 1235 797 1248 833; x_wconf 91' lang='grc'><strong>1</strong></span> <span class='ocrx_word' id='word_1_52' title='bbox 1285 807 1320 845; x_wconf 88' lang='lat' dir='ltr'><em>p.</em></span> <span class='ocrx_word' id='word_1_53' title='bbox 1362 795 1424 832; x_wconf 68' lang='grc'><strong>21.</strong></span> 
     </span>
    </p>

    <p class='ocr_par' dir='ltr' id='par_1_3' title="bbox 469 857 1431 2153">
     <span class='ocr_line' id='line_1_10' title="bbox 527 857 1425 908; baseline -0.006 -10"><span class='ocrx_word' id='word_1_54' title='bbox 527 860 545 881; x_wconf 64' lang='lat'><em>⁴*</em></span> <span class='ocrx_word' id='word_1_55' title='bbox 571 861 699 908; x_wconf 70' lang='lat' dir='ltr'><em>Longe</em></span> <span class='ocrx_word' id='word_1_56' title='bbox 729 859 840 908; x_wconf 87' lang='lat' dir='ltr'><em>plura</em></span> <span class='ocrx_word' id='word_1_57' title='bbox 885 857 1046 906; x_wconf 87' lang='lat' dir='ltr'><em>scripsit</em></span> <span class='ocrx_word' id='word_1_58' title='bbox 1082 868 1201 905; x_wconf 80' lang='lat' dir='ltr'><em>quam</em></span> <span class='ocrx_word' id='word_1_59' title='bbox 1232 868 1333 906; x_wconf 85' lang='lat' dir='ltr'><em>quae</em></span> <span class='ocrx_word' id='word_1_60' title='bbox 1364 857 1425 894; x_wconf 85' lang='lat' dir='ltr'><em>bic</em></span> 
     </span>
     <span class='ocr_line' id='line_1_11' title="bbox 473 917 1426 961; baseline -0.006 0"><span class='ocrx_word' id='word_1_61' title='bbox 473 935 492 960; x_wconf 82' lang='lat' dir='ltr'><em>n</em></span> <span class='ocrx_word' id='word_1_62' title='bbox 516 923 689 961; x_wconf 76' lang='lat' dir='ltr'>Fabricio</span> <span class='ocrx_word' id='word_1_63' title='bbox 731 920 987 958; x_wconf 78' lang='lat' dir='ltr'><em>indicantur:</em></span> <span class='ocrx_word' id='word_1_64' title='bbox 1013 917 1121 955; x_wconf 77' lang='lat' dir='ltr'><em>dedit</em></span> <span class='ocrx_word' id='word_1_65' title='bbox 1146 920 1250 955; x_wconf 77' lang='lat' dir='ltr'><em>enini</em></span> <span class='ocrx_word' id='word_1_66' title='bbox 1277 918 1330 955; x_wconf 86' lang='lat' dir='ltr'><em>ad</em></span> <span class='ocrx_word' id='word_1_67' title='bbox 1351 918 1426 956; x_wconf 84' lang='lat' dir='ltr'><em>Ca-</em></span> 
     </span>
     <span class='ocr_line' id='line_1_12' title="bbox 473 979 1425 1030; baseline -0.004 -8"><span class='ocrx_word' id='word_1_68' title='bbox 473 986 617 1023; x_wconf 75' lang='lat' dir='ltr'><em>li.,rlum</em></span> <span class='ocrx_word' id='word_1_69' title='bbox 643 985 663 1022; x_wconf 89' lang='lat' dir='ltr'><em>I</em></span> <span class='ocrx_word' id='word_1_70' title='bbox 667 985 682 1021; x_wconf 89' lang='lat' dir='ltr'><em>l</em></span> <span class='ocrx_word' id='word_1_71' title='bbox 689 984 714 1020; x_wconf 84' lang='lat' dir='ltr'><em>l.</em></span> <span class='ocrx_word' id='word_1_72' title='bbox 740 983 785 1020; x_wconf 69' lang='lat' dir='ltr'><em>«lc</em></span> <span class='ocrx_word' id='word_1_73' title='bbox 806 981 919 1018; x_wconf 72' lang='lat' dir='ltr'><em>clara</em></span> <span class='ocrx_word' id='word_1_74' title='bbox 940 980 1022 1018; x_wconf 82' lang='lat' dir='ltr'><em>vila</em></span> <span class='ocrx_word' id='word_1_75' title='bbox 1047 979 1129 1017; x_wconf 64' lang='lat' dir='ltr'><em>‘livi</em></span> <span class='ocrx_word' id='word_1_76' title='bbox 1149 979 1338 1030; x_wconf 73' lang='lat' dir='ltr'><em>Alplionsi</em></span> <span class='ocrx_word' id='word_1_77' title='bbox 1355 982 1425 1019; x_wconf 83' lang='lat' dir='ltr'><em>Re-</em></span> 
     </span>
     <span class='ocr_line' id='line_1_13' title="bbox 469 1041 1426 1097; baseline -0.005 -14"><span class='ocrx_word' id='word_1_78' title='bbox 469 1047 542 1097; x_wconf 69' lang='lat' dir='ltr'><em>(sis.</em></span> <span class='ocrx_word' id='word_1_79' title='bbox 571 1045 887 1085; x_wconf 70' lang='lat' dir='ltr'><em>cohortator-ium</em></span> <span class='ocrx_word' id='word_1_80' title='bbox 911 1042 965 1080; x_wconf 76' lang='lat' dir='ltr'><em>ad</em></span> <span class='ocrx_word' id='word_1_81' title='bbox 987 1041 1149 1079; x_wconf 78' lang='lat' dir='ltr'><em>eundem</em></span> <span class='ocrx_word' id='word_1_82' title='bbox 1180 1042 1332 1093; x_wconf 83' lang='lat' dir='ltr'><em>Papam</em></span> <span class='ocrx_word' id='word_1_83' title='bbox 1350 1054 1426 1094; x_wconf 81' lang='lat' dir='ltr'><em>pro</em></span> 
     </span>
     <span class='ocr_line' id='line_1_14' title="bbox 474 1103 1426 1158; baseline -0.004 -11"><span class='ocrx_word' id='word_1_84' title='bbox 474 1107 780 1158; x_wconf 82' lang='lat' dir='ltr'><em>Cosl‹·1nlinopoli</em></span> <span class='ocrx_word' id='word_1_85' title='bbox 801 1105 971 1143; x_wconf 80' lang='lat' dir='ltr'><em>metrice.</em></span> <span class='ocrx_word' id='word_1_86' title='bbox 997 1103 1060 1141; x_wconf 70' lang='lat' dir='ltr'><em>Ad</em></span> <span class='ocrx_word' id='word_1_87' title='bbox 1081 1103 1245 1141; x_wconf 73' lang='lat' dir='ltr'><em>eundem</em></span> <span class='ocrx_word' id='word_1_88' title='bbox 1262 1104 1426 1143; x_wconf 66' lang='lat' dir='ltr'><em>Paulae</em></span> 
     </span>
     <span class='ocr_line' id='line_1_15' title="bbox 472 1165 1431 1216; baseline -0.005 -6"><span class='ocrx_word' id='word_1_89' title='bbox 472 1171 584 1210; x_wconf 79' lang='lat' dir='ltr'><em>clara</em></span> <span class='ocrx_word' id='word_1_90' title='bbox 608 1171 690 1209; x_wconf 76' lang='lat' dir='ltr'><em>vila</em></span> <span class='ocrx_word' id='word_1_91' title='bbox 726 1165 1052 1206; x_wconf 57' lang='lat' dir='ltr'><em>excellentissimi</em></span> <span class='ocrx_word' id='word_1_92' title='bbox 1077 1165 1240 1205; x_wconf 72' lang='lat' dir='ltr'><em>Arnolrli</em></span> <span class='ocrx_word' id='word_1_93' title='bbox 1271 1165 1431 1216; x_wconf 81' lang='lat' dir='ltr'><em>Roqerii</em></span> 
     </span>
     <span class='ocr_line' id='line_1_16' title="bbox 471 1227 1426 1271; baseline -0.004 0"><span class='ocrx_word' id='word_1_94' title='bbox 471 1231 745 1271; x_wconf 65' lang='lat' dir='ltr'><em>Alexandriae</em></span> <span class='ocrx_word' id='word_1_95' title='bbox 769 1227 1031 1268; x_wconf 74' lang='lat' dir='ltr'><em>Patriarchae</em></span> <span class='ocrx_word' id='word_1_96' title='bbox 1055 1228 1196 1268; x_wconf 78' lang='lat' dir='ltr'><em>oratio,</em></span> <span class='ocrx_word' id='word_1_97' title='bbox 1214 1230 1269 1267; x_wconf 87' lang='lat' dir='ltr'><em>De</em></span> <span class='ocrx_word' id='word_1_98' title='bbox 1280 1228 1426 1268; x_wconf 80' lang='lat' dir='ltr'><em>laudib.</em></span> 
     </span>
     <span class='ocr_line' id='line_1_17' title="bbox 471 1290 1427 1333; baseline -0.001 -2"><span class='ocrx_word' id='word_1_99' title='bbox 471 1296 581 1333; x_wconf 86' lang='lat' dir='ltr'><em>Sum.</em></span> <span class='ocrx_word' id='word_1_100' title='bbox 607 1295 715 1332; x_wconf 82' lang='lat' dir='ltr'><em>Pont.</em></span> <span class='ocrx_word' id='word_1_101' title='bbox 752 1291 863 1332; x_wconf 53' lang='lat' dir='ltr'><em>Sia-ti</em></span> <span class='ocrx_word' id='word_1_102' title='bbox 900 1291 964 1329; x_wconf 89' lang='lat' dir='ltr'><em>IV.</em></span> <span class='ocrx_word' id='word_1_103' title='bbox 997 1291 1137 1329; x_wconf 65' lang='lat' dir='ltr'><em>oratic.</em></span> <span class='ocrx_word' id='word_1_104' title='bbox 1175 1290 1238 1328; x_wconf 81' lang='lat' dir='ltr'><em>Ad</em></span> <span class='ocrx_word' id='word_1_105' title='bbox 1278 1291 1427 1330; x_wconf 68' lang='lat' dir='ltr'><em>Sisi-um</em></span> 
     </span>
     <span class='ocr_line' id='line_1_18' title="bbox 472 1353 1431 1407; baseline -0.003 -12"><span class='ocrx_word' id='word_1_106' title='bbox 472 1355 693 1407; x_wconf 77' lang='lat' dir='ltr'><em>Pontificem</em></span> <span class='ocrx_word' id='word_1_107' title='bbox 734 1366 908 1393; x_wconf 84' lang='lat' dir='ltr'><em>carmen.</em></span> <span class='ocrx_word' id='word_1_108' title='bbox 946 1353 1002 1393; x_wconf 84' lang='lat' dir='ltr'><em>De</em></span> <span class='ocrx_word' id='word_1_109' title='bbox 1042 1353 1230 1404; x_wconf 80' lang='lat' dir='ltr'><em>passione</em></span> <span class='ocrx_word' id='word_1_110' title='bbox 1276 1354 1431 1392; x_wconf 78' lang='lat' dir='ltr'><em>Domini</em></span> 
     </span>
     <span class='ocr_line' id='line_1_19' title="bbox 472 1416 1420 1468; baseline -0.003 -11"><span class='ocrx_word' id='word_1_111' title='bbox 472 1430 632 1457; x_wconf 84' lang='lat' dir='ltr'><em>carmen</em></span> <span class='ocrx_word' id='word_1_112' title='bbox 667 1419 906 1468; x_wconf 80' lang='lat' dir='ltr'><em>impressum</em></span> <span class='ocrx_word' id='word_1_113' title='bbox 944 1416 1096 1466; x_wconf 84' lang='lat' dir='ltr'><em>absque</em></span> <span class='ocrx_word' id='word_1_114' title='bbox 1132 1427 1237 1454; x_wconf 88' lang='lat' dir='ltr'><em>anno</em></span> <span class='ocrx_word' id='word_1_115' title='bbox 1266 1421 1306 1454; x_wconf 85' lang='lat' dir='ltr'><em>et</em></span> <span class='ocrx_word' id='word_1_116' title='bbox 1329 1416 1420 1454; x_wconf 88' lang='lat' dir='ltr'><em>loco.</em></span> 
     </span>
     <span class='ocr_line' id='line_1_20' title="bbox 473 1477 1428 1530; baseline -0.004 -10"><span class='ocrx_word' id='word_1_117' title='bbox 473 1484 690 1520; x_wconf 78' lang='lat' dir='ltr'><em>tractatum</em></span> <span class='ocrx_word' id='word_1_118' title='bbox 726 1479 772 1518; x_wconf 79' lang='lat' dir='ltr'><em>(le</em></span> <span class='ocrx_word' id='word_1_119' title='bbox 807 1478 965 1530; x_wconf 83' lang='lat' dir='ltr'><em>familia</em></span> <span class='ocrx_word' id='word_1_120' title='bbox 1003 1477 1109 1529; x_wconf 76' lang='lat' dir='ltr'><em>Cybo</em></span> <span class='ocrx_word' id='word_1_121' title='bbox 1149 1478 1354 1516; x_wconf 85' lang='lat' dir='ltr'><em>Genuensi.</em></span> <span class='ocrx_word' id='word_1_122' title='bbox 1383 1480 1428 1516; x_wconf 87' lang='lat' dir='ltr'><em>In</em></span> 
     </span>
     <span class='ocr_line' id='line_1_21' title="bbox 474 1540 1429 1595; baseline -0.003 -13"><span class='ocrx_word' id='word_1_123' title='bbox 474 1542 770 1595; x_wconf 74' lang='lat' dir='ltr'><em>ortoyraphiam</em></span> <span class='ocrx_word' id='word_1_124' title='bbox 798 1541 961 1579; x_wconf 62' lang='lat' dir='ltr'><em>joannis</em></span> <span class='ocrx_word' id='word_1_125' title='bbox 986 1540 1142 1578; x_wconf 77' lang='lat' dir='ltr'><em>Aretini</em></span> <span class='ocrx_word' id='word_1_126' title='bbox 1174 1541 1429 1592; x_wconf 81' lang='lat' dir='ltr'><em>prooemium.</em></span> 
     </span>
     <span class='ocr_line' id='line_1_22' title="bbox 475 1601 1425 1646; baseline -0.004 0"><span class='ocrx_word' id='word_1_127' title='bbox 475 1606 537 1646; x_wconf 89' lang='lat' dir='ltr'><em>De</em></span> <span class='ocrx_word' id='word_1_128' title='bbox 563 1603 746 1644; x_wconf 81' lang='lat' dir='ltr'><em>laudibus</em></span> <span class='ocrx_word' id='word_1_129' title='bbox 770 1605 813 1642; x_wconf 88' lang='lat' dir='ltr'><em>B.</em></span> <span class='ocrx_word' id='word_1_130' title='bbox 832 1603 1032 1643; x_wconf 82' lang='lat' dir='ltr'><em>Cristinae</em></span> <span class='ocrx_word' id='word_1_131' title='bbox 1057 1601 1102 1641; x_wconf 74' lang='lat' dir='ltr'><em>(le</em></span> <span class='ocrx_word' id='word_1_132' title='bbox 1122 1601 1425 1642; x_wconf 72' lang='lat' dir='ltr'><em>vicecomitibus.</em></span> 
     </span>
     <span class='ocr_line' id='line_1_23' title="bbox 472 1665 1426 1719; baseline -0.003 -12"><span class='ocrx_word' id='word_1_133' title='bbox 472 1669 545 1719; x_wconf 81' lang='lat' dir='ltr'><em>Ap.</em></span> <span class='ocrx_word' id='word_1_134' title='bbox 579 1667 841 1706; x_wconf 81' lang='lat' dir='ltr'><em>Bollandistas</em></span> <span class='ocrx_word' id='word_1_135' title='bbox 873 1668 908 1704; x_wconf 91' lang='lat' dir='ltr'><em>in</em></span> <span class='ocrx_word' id='word_1_136' title='bbox 944 1669 1037 1703; x_wconf 81' lang='lat' dir='ltr'><em>torn.</em></span> <span class='ocrx_word' id='word_1_137' title='bbox 1069 1665 1106 1702; x_wconf 80' lang='lat'><em>2.</em></span> <span class='ocrx_word' id='word_1_138' title='bbox 1134 1665 1346 1704; x_wconf 81' lang='lat' dir='ltr'><em>Februarii.</em></span> <span class='ocrx_word' id='word_1_139' title='bbox 1371 1667 1426 1704; x_wconf 88' lang='lat' dir='ltr'><em>De</em></span> 
     </span>
     <span class='ocr_line' id='line_1_24' title="bbox 473 1727 1425 1778; baseline -0.005 -8"><span class='ocrx_word' id='word_1_140' title='bbox 473 1731 605 1771; x_wconf 85' lang='lat' dir='ltr'><em>dolore</em></span> <span class='ocrx_word' id='word_1_141' title='bbox 633 1731 676 1768; x_wconf 89' lang='lat' dir='ltr'><em>B.</em></span> <span class='ocrx_word' id='word_1_142' title='bbox 702 1729 866 1768; x_wconf 85' lang='lat' dir='ltr'><em>Mariae</em></span> <span class='ocrx_word' id='word_1_143' title='bbox 880 1727 1048 1778; x_wconf 58' lang='lat' dir='ltr'><em>viminis</em></span> <span class='ocrx_word' id='word_1_144' title='bbox 1064 1727 1104 1764; x_wconf 87' lang='lat' dir='ltr'><em>in</em></span> <span class='ocrx_word' id='word_1_145' title='bbox 1114 1727 1311 1778; x_wconf 81' lang='lat' dir='ltr'><em>passione.</em></span> <span class='ocrx_word' id='word_1_146' title='bbox 1327 1729 1425 1767; x_wconf 88' lang='lat' dir='ltr'><em>Eius</em></span> 
     </span>
     <span class='ocr_line' id='line_1_25' title="bbox 470 1789 1426 1846; baseline -0.005 -13"><span class='ocrx_word' id='word_1_147' title='bbox 470 1796 616 1846; x_wconf 85' lang='lat' dir='ltr'><em>pariter</em></span> <span class='ocrx_word' id='word_1_148' title='bbox 653 1795 748 1830; x_wconf 85' lang='lat' dir='ltr'><em>sunt</em></span> <span class='ocrx_word' id='word_1_149' title='bbox 790 1790 983 1829; x_wconf 81' lang='lat' dir='ltr'><em>Carmina</em></span> <span class='ocrx_word' id='word_1_150' title='bbox 1032 1793 1174 1827; x_wconf 79' lang='lat' dir='ltr'><em>contra</em></span> <span class='ocrx_word' id='word_1_151' title='bbox 1212 1789 1426 1828; x_wconf 83' lang='lat' dir='ltr'><em>Antonium</em></span> 
     </span>
     <span class='ocr_line' id='line_1_26' title="bbox 473 1851 1428 1896; baseline -0.005 -1"><span class='ocrx_word' id='word_1_152' title='bbox 473 1855 719 1896; x_wconf 82' lang='lat' dir='ltr'><em>Raudensem</em></span> <span class='ocrx_word' id='word_1_153' title='bbox 741 1864 878 1891; x_wconf 84' lang='lat' dir='ltr'><em>acrem</em></span> <span class='ocrx_word' id='word_1_154' title='bbox 902 1851 1100 1891; x_wconf 79' lang='lat' dir='ltr'><em>Laclantii</em></span> <span class='ocrx_word' id='word_1_155' title='bbox 1121 1853 1153 1890; x_wconf 90' lang='lat' dir='ltr'><em>F</em></span> <span class='ocrx_word' id='word_1_156' title='bbox 1157 1851 1323 1890; x_wconf 85' lang='lat' dir='ltr'><em>irmiani</em></span> <span class='ocrx_word' id='word_1_157' title='bbox 1342 1863 1428 1890; x_wconf 88' lang='lat' dir='ltr'><em>cen-</em></span> 
     </span>
     <span class='ocr_line' id='line_1_27' title="bbox 472 1914 1429 1967; baseline -0.005 -10"><span class='ocrx_word' id='word_1_158' title='bbox 472 1929 621 1966; x_wconf 79' lang='lat' dir='ltr'><em>sorem3</em></span> <span class='ocrx_word' id='word_1_159' title='bbox 652 1928 752 1967; x_wconf 85' lang='lat' dir='ltr'><em>quae</em></span> <span class='ocrx_word' id='word_1_160' title='bbox 794 1915 971 1953; x_wconf 86' lang='lat' dir='ltr'><em>carmina</em></span> <span class='ocrx_word' id='word_1_161' title='bbox 1000 1915 1160 1965; x_wconf 85' lang='lat' dir='ltr'><em>saepius</em></span> <span class='ocrx_word' id='word_1_162' title='bbox 1194 1925 1342 1953; x_wconf 81' lang='lat' dir='ltr'><em>excusa</em></span> <span class='ocrx_word' id='word_1_163' title='bbox 1371 1914 1429 1952; x_wconf 93' lang='lat' dir='ltr'><em>lu-</em></span> 
     </span>
     <span class='ocr_line' id='line_1_28' title="bbox 471 1975 1428 2030; baseline -0.006 -11"><span class='ocrx_word' id='word_1_164' title='bbox 471 1993 557 2019; x_wconf 80' lang='lat' dir='ltr'><em>cem</em></span> <span class='ocrx_word' id='word_1_165' title='bbox 576 1981 745 2030; x_wconf 87' lang='lat' dir='ltr'><em>primum</em></span> <span class='ocrx_word' id='word_1_166' title='bbox 768 1976 917 2015; x_wconf 88' lang='lat' dir='ltr'><em>vidisse</em></span> <span class='ocrx_word' id='word_1_167' title='bbox 947 1976 1065 2015; x_wconf 90' lang='lat' dir='ltr'><em>credo</em></span> <span class='ocrx_word' id='word_1_168' title='bbox 1100 1978 1136 2014; x_wconf 93' lang='lat' dir='ltr'><em>in</em></span> <span class='ocrx_word' id='word_1_169' title='bbox 1163 1975 1333 2014; x_wconf 75' lang='lat' dir='ltr'><em>editione</em></span> <span class='ocrx_word' id='word_1_170' title='bbox 1360 1977 1428 2014; x_wconf 86' lang='lat' dir='ltr'><em>La-</em></span> 
     </span>
     <span class='ocr_line' id='line_1_29' title="bbox 471 2039 1424 2083; baseline -0.008 0"><span class='ocrx_word' id='word_1_171' title='bbox 471 2044 605 2083; x_wconf 83' lang='lat' dir='ltr'><em>ctantii</em></span> <span class='ocrx_word' id='word_1_172' title='bbox 628 2043 800 2080; x_wconf 84' lang='lat' dir='ltr'><em>Romana</em></span> <span class='ocrx_word' id='word_1_173' title='bbox 826 2040 942 2080; x_wconf 64' lang='lat'><em>⁴468.</em></span> <span class='ocrx_word' id='word_1_174' title='bbox 974 2039 1070 2078; x_wconf 85' lang='lat' dir='ltr'><em>Vide</em></span> <span class='ocrx_word' id='word_1_175' title='bbox 1101 2041 1141 2078; x_wconf 89' lang='lat' dir='ltr'><em>P.</em></span> <span class='ocrx_word' id='word_1_176' title='bbox 1171 2039 1362 2077; x_wconf 81' lang='lat' dir='ltr'><em>Gandolfo</em></span> <span class='ocrx_word' id='word_1_177' title='bbox 1389 2039 1424 2076; x_wconf 91' lang='lat' dir='ltr'><em>in</em></span> 
     </span>
     <span class='ocr_line' id='line_1_30' title="bbox 472 2102 1190 2153; baseline -0.007 -8"><span class='ocrx_word' id='word_1_178' title='bbox 472 2109 639 2146; x_wconf 84' lang='lat' dir='ltr'><em>Dissert.</em></span> <span class='ocrx_word' id='word_1_179' title='bbox 664 2103 713 2142; x_wconf 82' lang='lat' dir='ltr'><em>de</em></span> <span class='ocrx_word' id='word_1_180' title='bbox 737 2105 812 2143; x_wconf 90' lang='lat' dir='ltr'><em>CC.</em></span> <span class='ocrx_word' id='word_1_181' title='bbox 835 2103 1150 2153; x_wconf 82' lang='lat' dir='ltr'><em>Augustinianis.</em></span> <span class='ocrx_word' id='word_1_182' title='bbox 1170 2102 1190 2125; x_wconf 80' lang='lat'><em>*</em></span> 
     </span>
    </p>

    <p class='ocr_par' dir='ltr' id='par_1_4' title="bbox 471 2162 1428 2269">
     <span class='ocr_line' id='line_1_31' title="bbox 524 2162 1428 2216; baseline -0.004 -10"><span class='ocrx_word' id='word_1_183' title='bbox 524 2166 904 2213; x_wconf 68' lang='lat' dir='ltr'><strong>MONTANAMUS,</strong></span> <span class='ocrx_word' id='word_1_184' title='bbox 937 2164 1031 2203; x_wconf 84' lang='lat' dir='ltr'><em>Vide</em></span> <span class='ocrx_word' id='word_1_185' title='bbox 1063 2175 1183 2216; x_wconf 86' lang='lat' dir='ltr'><em>supra</em></span> <span class='ocrx_word' id='word_1_186' title='bbox 1214 2165 1252 2202; x_wconf 92' lang='lat' dir='ltr'><em>in</em></span> <span class='ocrx_word' id='word_1_187' title='bbox 1279 2162 1428 2202; x_wconf 88' lang='grc' dir='ltr'>ΜΑΧΙ-</span> 
     </span>
     <span class='ocr_line' id='line_1_32' title="bbox 471 2230 642 2269; baseline -0.018 0"><span class='ocrx_word' id='word_1_188' title='bbox 471 2230 642 2269; x_wconf 71' lang='grc' dir='ltr'><strong>ΜΙΑΝΟ.</strong></span> 
     </span>
    </p>

    <p class='ocr_par' dir='ltr' id='par_1_5' title="bbox 473 2288 1439 3080">
     <span class='ocr_line' id='line_1_33' title="bbox 525 2288 1432 2341; baseline -0.006 -10"><span class='ocrx_word' id='word_1_189' title='bbox 525 2291 798 2331; x_wconf 73' lang='lat' dir='ltr'><strong>MONTANUS</strong></span> <span class='ocrx_word' id='word_1_190' title='bbox 808 2291 956 2341; x_wconf 79' lang='lat' dir='ltr'><em>primae</em></span> <span class='ocrx_word' id='word_1_191' title='bbox 973 2289 1081 2328; x_wconf 86' lang='lat' dir='ltr'><em>sedis</em></span> <span class='ocrx_word' id='word_1_192' title='bbox 1097 2289 1322 2340; x_wconf 87' lang='lat' dir='ltr'><em>provinciae</em></span> <span class='ocrx_word' id='word_1_193' title='bbox 1339 2288 1432 2327; x_wconf 89' lang='lat' dir='ltr'><em>Car-</em></span> 
     </span>
     <span class='ocr_line' id='line_1_34' title="bbox 475 2351 1435 2405; baseline -0.005 -12"><span class='ocrx_word' id='word_1_194' title='bbox 475 2356 648 2405; x_wconf 79' lang='lat' dir='ltr'><em>thaginis</em></span> <span class='ocrx_word' id='word_1_195' title='bbox 673 2352 878 2391; x_wconf 81' lang='lat' dir='ltr'><em>Toletanus</em></span> <span class='ocrx_word' id='word_1_196' title='bbox 897 2354 1118 2403; x_wconf 79' lang='lat' dir='ltr'><em>Episcopus</em></span> <span class='ocrx_word' id='word_1_197' title='bbox 1143 2352 1313 2403; x_wconf 80' lang='lat' dir='ltr'><em>praefuit</em></span> <span class='ocrx_word' id='word_1_198' title='bbox 1333 2351 1435 2389; x_wconf 88' lang='lat' dir='ltr'><em>Con—</em></span> 
     </span>
     <span class='ocr_line' id='line_1_35' title="bbox 473 2414 1433 2463; baseline -0.005 -7"><span class='ocrx_word' id='word_1_199' title='bbox 473 2418 561 2456; x_wconf 85' lang='lat' dir='ltr'><em>cilio</em></span> <span class='ocrx_word' id='word_1_200' title='bbox 590 2417 634 2455; x_wconf 81' lang='grc' dir='ltr'><em>ΙΙ,</em></span> <span class='ocrx_word' id='word_1_201' title='bbox 665 2416 852 2453; x_wconf 80' lang='lat' dir='ltr'><em>Toletano</em></span> <span class='ocrx_word' id='word_1_202' title='bbox 876 2414 921 2454; x_wconf 90' lang='grc' dir='ltr'><strong>Α.</strong></span> <span class='ocrx_word' id='word_1_203' title='bbox 949 2414 1037 2453; x_wconf 79' lang='grc'><strong>527.</strong></span> <span class='ocrx_word' id='word_1_204' title='bbox 1064 2414 1138 2463; x_wconf 82' lang='lat' dir='ltr'><em>(al.</em></span> <span class='ocrx_word' id='word_1_205' title='bbox 1172 2415 1260 2452; x_wconf 81' lang='grc'><strong>531.</strong></span> <span class='ocrx_word' id='word_1_206' title='bbox 1292 2414 1433 2451; x_wconf 83' lang='lat' dir='ltr'><em>Miraeo</em></span> 
     </span>
     <span class='ocr_line' id='line_1_36' title="bbox 474 2476 1434 2529; baseline -0.006 -10"><span class='ocrx_word' id='word_1_207' title='bbox 474 2480 591 2529; x_wconf 59' lang='lat'><em>5212.)</em></span> <span class='ocrx_word' id='word_1_208' title='bbox 621 2477 738 2528; x_wconf 85' lang='lat' dir='ltr'><em>cujus</em></span> <span class='ocrx_word' id='word_1_209' title='bbox 768 2477 996 2516; x_wconf 88' lang='lat' dir='ltr'><em>Canonibus</em></span> <span class='ocrx_word' id='word_1_210' title='bbox 1022 2478 1058 2514; x_wconf 87' lang='lat' dir='ltr'><em>in</em></span> <span class='ocrx_word' id='word_1_211' title='bbox 1085 2476 1351 2515; x_wconf 88' lang='lat' dir='ltr'><em>Conciliorum</em></span> <span class='ocrx_word' id='word_1_212' title='bbox 1377 2479 1434 2513; x_wconf 90' lang='lat' dir='ltr'><em>to—</em></span> 
     </span>
     <span class='ocr_line' id='line_1_37' title="bbox 477 2539 1434 2592; baseline -0.005 -11"><span class='ocrx_word' id='word_1_213' title='bbox 477 2545 553 2581; x_wconf 88' lang='lat' dir='ltr'><em>mis</em></span> <span class='ocrx_word' id='word_1_214' title='bbox 583 2547 622 2580; x_wconf 89' lang='lat' dir='ltr'><em>et</em></span> <span class='ocrx_word' id='word_1_215' title='bbox 653 2540 755 2592; x_wconf 85' lang='lat' dir='ltr'><em>apud</em></span> <span class='ocrx_word' id='word_1_216' title='bbox 788 2541 1014 2591; x_wconf 73' lang='lat' dir='ltr'><em>Aguirrium</em></span> <span class='ocrx_word' id='word_1_217' title='bbox 1046 2543 1140 2577; x_wconf 87' lang='lat' dir='ltr'><em>tom.</em></span> <span class='ocrx_word' id='word_1_218' title='bbox 1173 2539 1196 2577; x_wconf 88' lang='grc'><strong>2</strong></span> <span class='ocrx_word' id='word_1_219' title='bbox 1227 2550 1312 2589; x_wconf 74' lang='lat' dir='ltr'><em>pag.</em></span> <span class='ocrx_word' id='word_1_220' title='bbox 1344 2539 1434 2577; x_wconf 86' lang='grc'><strong>296.</strong></span> 
     </span>
     <span class='ocr_line' id='line_1_38' title="bbox 475 2600 1438 2655; baseline -0.006 -12"><span class='ocrx_word' id='word_1_221' title='bbox 475 2617 556 2655; x_wconf 82' lang='lat' dir='ltr'><em>seq.</em></span> <span class='ocrx_word' id='word_1_222' title='bbox 606 2605 711 2642; x_wconf 90' lang='lat' dir='ltr'><em>notis</em></span> <span class='ocrx_word' id='word_1_223' title='bbox 754 2603 875 2641; x_wconf 85' lang='lat' dir='ltr'><em>etiam</em></span> <span class='ocrx_word' id='word_1_224' title='bbox 908 2602 1128 2640; x_wconf 80' lang='lat' dir='ltr'><em>illustratae</em></span> <span class='ocrx_word' id='word_1_225' title='bbox 1171 2600 1438 2650; x_wconf 86' lang='lat' dir='ltr'><em>subjiciuntur</em></span> 
     </span>
     <span class='ocr_line' id='line_1_39' title="bbox 475 2663 1436 2719; baseline -0.006 -14"><span class='ocrx_word' id='word_1_226' title='bbox 475 2664 673 2719; x_wconf 71' lang='lat' dir='ltr'><em>Epis-colae</em></span> <span class='ocrx_word' id='word_1_227' title='bbox 701 2664 829 2712; x_wconf 74' lang='lat' dir='ltr'><em>(luae,</em></span> <span class='ocrx_word' id='word_1_228' title='bbox 862 2674 939 2702; x_wconf 89' lang='lat' dir='ltr'><em>una</em></span> <span class='ocrx_word' id='word_1_229' title='bbox 986 2663 1032 2701; x_wconf 85' lang='lat' dir='ltr'><em>ad</em></span> <span class='ocrx_word' id='word_1_230' title='bbox 1081 2663 1224 2701; x_wconf 83' lang='lat' dir='ltr'><em>fratres</em></span> <span class='ocrx_word' id='word_1_231' title='bbox 1256 2663 1436 2712; x_wconf 79' lang='lat' dir='ltr'><em>[illosque</em></span> 
     </span>
     <span class='ocr_line' id='line_1_40' title="bbox 475 2725 1439 2774; baseline -0.005 -7"><span class='ocrx_word' id='word_1_232' title='bbox 475 2730 657 2767; x_wconf 82' lang='lat' dir='ltr'><em>territorii</em></span> <span class='ocrx_word' id='word_1_233' title='bbox 689 2728 910 2774; x_wconf 76' lang='lat' dir='ltr'><em>Palentini,</em></span> <span class='ocrx_word' id='word_1_234' title='bbox 942 2731 982 2764; x_wconf 80' lang='lat' dir='ltr'><em>et</em></span> <span class='ocrx_word' id='word_1_235' title='bbox 1019 2726 1143 2765; x_wconf 84' lang='lat' dir='ltr'><em>altera</em></span> <span class='ocrx_word' id='word_1_236' title='bbox 1187 2725 1234 2764; x_wconf 87' lang='lat' dir='ltr'><em>ad</em></span> <span class='ocrx_word' id='word_1_237' title='bbox 1279 2725 1439 2764; x_wconf 88' lang='lat' dir='ltr'><em>Theori-</em></span> 
     </span>
     <span class='ocr_line' id='line_1_41' title="bbox 477 2788 1438 2838; baseline -0.005 -8"><span class='ocrx_word' id='word_1_238' title='bbox 477 2792 612 2838; x_wconf 87' lang='lat' dir='ltr'><em>bium,</em></span> <span class='ocrx_word' id='word_1_239' title='bbox 644 2791 729 2828; x_wconf 86' lang='lat' dir='ltr'><em>sive</em></span> <span class='ocrx_word' id='word_1_240' title='bbox 759 2790 964 2828; x_wconf 89' lang='lat' dir='ltr'><em>Turibium</em></span> <span class='ocrx_word' id='word_1_241' title='bbox 1013 2788 1281 2833; x_wconf 88' lang='lat' dir='ltr'><em>monachum,</em></span> <span class='ocrx_word' id='word_1_242' title='bbox 1311 2789 1330 2825; x_wconf 73' lang='lat' dir='ltr'><em>ii</em></span> <span class='ocrx_word' id='word_1_243' title='bbox 1362 2788 1438 2826; x_wconf 89' lang='lat' dir='ltr'><em>Tu-</em></span> 
     </span>
     <span class='ocr_line' id='line_1_42' title="bbox 477 2851 1439 2903; baseline -0.004 -12"><span class='ocrx_word' id='word_1_244' title='bbox 477 2853 572 2891; x_wconf 90' lang='lat' dir='ltr'><em>ribio</em></span> <span class='ocrx_word' id='word_1_245' title='bbox 593 2853 785 2903; x_wconf 83' lang='lat' dir='ltr'><em>Episcopo</em></span> <span class='ocrx_word' id='word_1_246' title='bbox 805 2880 812 2898; x_wconf 80' lang='grc'>,</span> <span class='ocrx_word' id='word_1_247' title='bbox 834 2851 1218 2889; x_wconf 84' lang='lat' dir='ltr'><em>Priscillianistarum</em></span> <span class='ocrx_word' id='word_1_248' title='bbox 1239 2860 1439 2900; x_wconf 72' lang='lat' dir='ltr'><em>oppugna-</em></span> 
     </span>
     <span class='ocr_line' id='line_1_43' title="bbox 477 2912 1437 2955; baseline -0.007 0"><span class='ocrx_word' id='word_1_249' title='bbox 477 2922 560 2955; x_wconf 88' lang='lat' dir='ltr'><em>tore</em></span> <span class='ocrx_word' id='word_1_250' title='bbox 591 2915 808 2952; x_wconf 83' lang='lat' dir='ltr'><em>diversum.</em></span> <span class='ocrx_word' id='word_1_251' title='bbox 833 2912 1039 2951; x_wconf 85' lang='lat' dir='ltr'><em>Videndus</em></span> <span class='ocrx_word' id='word_1_252' title='bbox 1063 2912 1316 2950; x_wconf 84' lang='lat' dir='ltr'><em>llildefonsus</em></span> <span class='ocrx_word' id='word_1_253' title='bbox 1342 2912 1437 2949; x_wconf 90' lang='lat' dir='ltr'><em>libro</em></span> 
     </span>
     <span class='ocr_line' id='line_1_44' title="bbox 477 2975 1437 3024; baseline -0.007 -7"><span class='ocrx_word' id='word_1_254' title='bbox 477 2979 526 3017; x_wconf 88' lang='lat' dir='ltr'><em>de</em></span> <span class='ocrx_word' id='word_1_255' title='bbox 561 2979 599 3017; x_wconf 93' lang='lat' dir='ltr'><em>S.</em></span> <span class='ocrx_word' id='word_1_256' title='bbox 636 2978 681 3016; x_wconf 85' lang='lat' dir='ltr'><em>E.</em></span> <span class='ocrx_word' id='word_1_257' title='bbox 717 2988 750 3014; x_wconf 91' lang='lat' dir='ltr'><em>c.</em></span> <span class='ocrx_word' id='word_1_258' title='bbox 791 2977 824 3015; x_wconf 90' lang='lat'><em>3.</em></span> <span class='ocrx_word' id='word_1_259' title='bbox 851 2979 902 3013; x_wconf 90' lang='lat' dir='ltr'><em>et.</em></span> <span class='ocrx_word' id='word_1_260' title='bbox 938 2975 1261 3024; x_wconf 75' lang='lat' dir='ltr'><em>Martyrologium</em></span> <span class='ocrx_word' id='word_1_261' title='bbox 1302 2975 1437 3024; x_wconf 84' lang='lat' dir='ltr'><em>llispa-</em></span> 
     </span>
     <span class='ocr_line' id='line_1_45' title="bbox 478 3039 805 3080; baseline -0.015 0"><span class='ocrx_word' id='word_1_262' title='bbox 478 3053 573 3080; x_wconf 90' lang='lat' dir='ltr'><em>num</em></span> <span class='ocrx_word' id='word_1_263' title='bbox 599 3040 711 3078; x_wconf 76' lang='lat' dir='ltr'><em>Febr.</em></span> <span class='ocrx_word' id='word_1_264' title='bbox 743 3039 805 3076; x_wconf 91' lang='grc'><strong>23.</strong></span> 
     </span>
    </p>

    <p class='ocr_par' dir='ltr' id='par_1_6' title="bbox 477 3099 1436 3388">
     <span class='ocr_line' id='line_1_46' title="bbox 530 3099 1436 3146; baseline -0.007 -6"><span class='ocrx_word' id='word_1_265' title='bbox 530 3102 799 3141; x_wconf 72' lang='lat' dir='ltr'><strong>MONTANUS</strong></span> <span class='ocrx_word' id='word_1_266' title='bbox 830 3101 1079 3146; x_wconf 75' lang='lat' dir='ltr'><em>haereticus,</em></span> <span class='ocrx_word' id='word_1_267' title='bbox 1109 3103 1246 3137; x_wconf 78' lang='lat' dir='ltr'><em>auctor</em></span> <span class='ocrx_word' id='word_1_268' title='bbox 1286 3099 1436 3136; x_wconf 73' lang='lat' dir='ltr'><em>Monta-</em></span> 
     </span>
     <span class='ocr_line' id='line_1_47' title="bbox 477 3160 1434 3211; baseline -0.006 -9"><span class='ocrx_word' id='word_1_269' title='bbox 477 3166 675 3202; x_wconf 76' lang='lat' dir='ltr'><em>nistarum</em></span> <span class='ocrx_word' id='word_1_270' title='bbox 695 3193 702 3210; x_wconf 84' lang='lat'>,</span> <span class='ocrx_word' id='word_1_271' title='bbox 736 3164 955 3202; x_wconf 77' lang='lat' dir='ltr'><em>Ecclesiam</em></span> <span class='ocrx_word' id='word_1_272' title='bbox 980 3162 1140 3200; x_wconf 82' lang='lat' dir='ltr'><em>turbare</em></span> <span class='ocrx_word' id='word_1_273' title='bbox 1164 3161 1293 3211; x_wconf 88' lang='lat' dir='ltr'><em>coepit</em></span> <span class='ocrx_word' id='word_1_274' title='bbox 1316 3160 1364 3198; x_wconf 85' lang='lat' dir='ltr'><em>ab</em></span> <span class='ocrx_word' id='word_1_275' title='bbox 1388 3160 1434 3196; x_wconf 88' lang='lat' dir='ltr'><em>A.</em></span> 
     </span>
     <span class='ocr_line' id='line_1_48' title="bbox 478 3222 1434 3274; baseline -0.005 -10"><span class='ocrx_word' id='word_1_276' title='bbox 478 3227 520 3265; x_wconf 87' lang='lat' dir='ltr'><em>C.</em></span> <span class='ocrx_word' id='word_1_277' title='bbox 554 3226 642 3264; x_wconf 79' lang='grc'><strong>172.</strong></span> <span class='ocrx_word' id='word_1_278' title='bbox 672 3226 776 3264; x_wconf 83' lang='lat' dir='ltr'><em>nulla</em></span> <span class='ocrx_word' id='word_1_279' title='bbox 808 3231 943 3264; x_wconf 74' lang='lat' dir='ltr'><em>autem</em></span> <span class='ocrx_word' id='word_1_280' title='bbox 974 3223 1061 3274; x_wconf 77' lang='lat' dir='ltr'><em>ejus</em></span> <span class='ocrx_word' id='word_1_281' title='bbox 1106 3224 1252 3274; x_wconf 90' lang='lat' dir='ltr'><em>scripta</em></span> <span class='ocrx_word' id='word_1_282' title='bbox 1282 3222 1331 3262; x_wconf 86' lang='lat' dir='ltr'><em>ad</em></span> <span class='ocrx_word' id='word_1_283' title='bbox 1363 3233 1434 3261; x_wconf 83' lang='lat' dir='ltr'><em>nos</em></span> 
     </span>
     <span class='ocr_line' id='line_1_49' title="bbox 478 3286 1435 3339; baseline -0.003 -14"><span class='ocrx_word' id='word_1_284' title='bbox 478 3292 776 3339; x_wconf 78' lang='lat' dir='ltr'><em>pervenerunt,</em></span> <span class='ocrx_word' id='word_1_285' title='bbox 806 3298 935 3336; x_wconf 85' lang='lat' dir='ltr'><em>neque</em></span> <span class='ocrx_word' id='word_1_286' title='bbox 967 3286 1105 3324; x_wconf 86' lang='lat' dir='ltr'><em>Latine</em></span> <span class='ocrx_word' id='word_1_287' title='bbox 1136 3286 1346 3336; x_wconf 83' lang='lat' dir='ltr'><em>scripsisse</em></span> <span class='ocrx_word' id='word_1_288' title='bbox 1377 3286 1435 3322; x_wconf 93' lang='lat' dir='ltr'><em>vi-</em></span> 
     </span>
     <span class='ocr_line' id='line_1_50' title="bbox 481 3348 889 3388; baseline -0.007 0"><span class='ocrx_word' id='word_1_289' title='bbox 481 3350 598 3388; x_wconf 89' lang='lat' dir='ltr'><em>detur</em></span> <span class='ocrx_word' id='word_1_290' title='bbox 628 3348 697 3386; x_wconf 85' lang='lat' dir='ltr'><em>sed</em></span> <span class='ocrx_word' id='word_1_291' title='bbox 727 3348 889 3386; x_wconf 73' lang='lat' dir='ltr'><em>Graece.</em></span> 
     </span>
    </p>

    <p class='ocr_par' dir='ltr' id='par_1_7' title="bbox 535 3417 1116 3457">
     <span class='ocr_line' id='line_1_51' title="bbox 535 3417 1116 3457; baseline -0.003 -7"><span class='ocrx_word' id='word_1_292' title='bbox 535 3419 567 3457; x_wconf 81' lang='lat' dir='ltr'><em>a)</em></span> <span class='ocrx_word' id='word_1_293' title='bbox 592 3421 670 3452; x_wconf 79' lang='lat' dir='ltr'><em>Acta</em></span> <span class='ocrx_word' id='word_1_294' title='bbox 691 3419 794 3452; x_wconf 81' lang='lat' dir='ltr'><em>Erud.</em></span> <span class='ocrx_word' id='word_1_295' title='bbox 819 3418 912 3450; x_wconf 73' lang='lat'><em>1753.</em></span> <span class='ocrx_word' id='word_1_296' title='bbox 939 3425 1015 3457; x_wconf 78' lang='lat' dir='ltr'><em>pag.</em></span> <span class='ocrx_word' id='word_1_297' title='bbox 1043 3417 1116 3449; x_wconf 77' lang='lat'><em>450.</em></span> 
     </span>
    </p>
   </div>
   <div class='ocr_carea' id='block_1_3' title="bbox 1499 357 2470 2957">
    <p class='ocr_par' dir='ltr' id='par_1_8' title="bbox 1502 357 2450 471">
     <span class='ocr_line' id='line_1_52' title="bbox 1553 357 2450 414; baseline 0.006 -16"><span class='ocrx_word' id='word_1_298' title='bbox 1553 357 1745 398; x_wconf 83' lang='lat' dir='ltr'><em>Antonius</em></span> <span class='ocrx_word' id='word_1_299' title='bbox 1773 358 1820 397; x_wconf 86' lang='lat' dir='ltr'><em>de</em></span> <span class='ocrx_word' id='word_1_300' title='bbox 1846 359 2012 400; x_wconf 81' lang='lat' dir='ltr'><strong>MONTE</strong></span> <span class='ocrx_word' id='word_1_301' title='bbox 2045 360 2231 411; x_wconf 85' lang='lat' dir='ltr'><em>Falcone,</em></span> <span class='ocrx_word' id='word_1_302' title='bbox 2263 362 2390 414; x_wconf 84' lang='lat' dir='ltr'><em>Supra</em></span> <span class='ocrx_word' id='word_1_303' title='bbox 2419 370 2450 404; x_wconf 85' lang='lat' dir='ltr'><em>t.</em></span> 
     </span>
     <span class='ocr_line' id='line_1_53' title="bbox 1502 421 1759 471; baseline -0.012 -11"><span class='ocrx_word' id='word_1_304' title='bbox 1502 423 1515 460; x_wconf 95' lang='grc'><strong>1</strong></span> <span class='ocrx_word' id='word_1_305' title='bbox 1554 433 1639 471; x_wconf 77' lang='lat' dir='ltr'><em>pag.</em></span> <span class='ocrx_word' id='word_1_306' title='bbox 1672 421 1759 460; x_wconf 93' lang='grc'><strong>121.</strong></span> 
     </span>
    </p>

    <p class='ocr_par' dir='ltr' id='par_1_9' title="bbox 1501 480 2448 596">
     <span class='ocr_line' id='line_1_54' title="bbox 1553 480 2448 538; baseline 0.003 -15"><span class='ocrx_word' id='word_1_307' title='bbox 1553 482 1759 523; x_wconf 79' lang='lat' dir='ltr'><em>Conradus</em></span> <span class='ocrx_word' id='word_1_308' title='bbox 1778 480 1824 520; x_wconf 88' lang='lat' dir='ltr'><em>de</em></span> <span class='ocrx_word' id='word_1_309' title='bbox 1846 482 2017 523; x_wconf 88' lang='lat' dir='ltr'><strong>MONTE</strong></span> <span class='ocrx_word' id='word_1_310' title='bbox 2044 485 2273 525; x_wconf 81' lang='lat' dir='ltr'><em>Puellarum</em></span> <span class='ocrx_word' id='word_1_311' title='bbox 2294 515 2303 534; x_wconf 87' lang='lat'>,</span> <span class='ocrx_word' id='word_1_312' title='bbox 2328 497 2448 538; x_wconf 87' lang='lat' dir='ltr'><em>supra</em></span> 
     </span>
     <span class='ocr_line' id='line_1_55' title="bbox 1501 545 1817 596; baseline -0.003 -13"><span class='ocrx_word' id='word_1_313' title='bbox 1501 550 1527 583; x_wconf 90' lang='lat' dir='ltr'><em>t.</em></span> <span class='ocrx_word' id='word_1_314' title='bbox 1560 548 1573 584; x_wconf 79' lang='lat' dir='ltr'><em>l</em></span> <span class='ocrx_word' id='word_1_315' title='bbox 1613 557 1697 596; x_wconf 83' lang='lat' dir='ltr'><em>pag.</em></span> <span class='ocrx_word' id='word_1_316' title='bbox 1728 545 1817 583; x_wconf 77' lang='lat'><em>385.</em></span> 
     </span>
    </p>

    <p class='ocr_par' dir='ltr' id='par_1_10' title="bbox 1502 606 2450 721">
     <span class='ocr_line' id='line_1_56' title="bbox 1556 606 2450 661; baseline 0.004 -16"><span class='ocrx_word' id='word_1_317' title='bbox 1556 607 1680 645; x_wconf 79' lang='lat' dir='ltr'><em>Guiclo</em></span> <span class='ocrx_word' id='word_1_318' title='bbox 1708 606 1754 646; x_wconf 81' lang='lat' dir='ltr'><em>(le</em></span> <span class='ocrx_word' id='word_1_319' title='bbox 1781 607 1949 646; x_wconf 88' lang='lat' dir='ltr'><strong>MONTE</strong></span> <span class='ocrx_word' id='word_1_320' title='bbox 1980 608 2171 660; x_wconf 72' lang='lat' dir='ltr'><em>Roelzeri,</em></span> <span class='ocrx_word' id='word_1_321' title='bbox 2201 620 2323 661; x_wconf 88' lang='lat' dir='ltr'><em>supra</em></span> <span class='ocrx_word' id='word_1_322' title='bbox 2348 613 2378 648; x_wconf 82' lang='lat' dir='ltr'><em>t.</em></span> <span class='ocrx_word' id='word_1_323' title='bbox 2398 611 2450 650; x_wconf 87' lang='lat'><em>111</em></span> 
     </span>
     <span class='ocr_line' id='line_1_57' title="bbox 1502 671 1707 721; baseline -0.005 -13"><span class='ocrx_word' id='word_1_324' title='bbox 1502 682 1589 721; x_wconf 79' lang='lat' dir='ltr'><em>pag.</em></span> <span class='ocrx_word' id='word_1_325' title='bbox 1620 671 1707 709; x_wconf 82' lang='grc'><strong>125.</strong></span> 
     </span>
    </p>

    <p class='ocr_par' dir='ltr' id='par_1_11' title="bbox 1555 731 2398 785">
     <span class='ocr_line' id='line_1_58' title="bbox 1555 731 2398 785; baseline 0.004 -16"><span class='ocrx_word' id='word_1_326' title='bbox 1555 731 1769 772; x_wconf 83' lang='lat' dir='ltr'><em>Guilelmus</em></span> <span class='ocrx_word' id='word_1_327' title='bbox 1798 731 1844 770; x_wconf 73' lang='lat' dir='ltr'><em>(le</em></span> <span class='ocrx_word' id='word_1_328' title='bbox 1871 732 2069 781; x_wconf 88' lang='lat' dir='ltr'><strong>MONTE,</strong></span> <span class='ocrx_word' id='word_1_329' title='bbox 2099 735 2127 776; x_wconf 77' lang='lat' dir='ltr'><em>t.</em></span> <span class='ocrx_word' id='word_1_330' title='bbox 2156 733 2207 772; x_wconf 86' lang='lat'><em>111</em></span> <span class='ocrx_word' id='word_1_331' title='bbox 2237 745 2274 785; x_wconf 89' lang='lat' dir='ltr'><em>p.</em></span> <span class='ocrx_word' id='word_1_332' title='bbox 2307 734 2398 773; x_wconf 73' lang='grc'><strong>146.</strong></span> 
     </span>
    </p>

    <p class='ocr_par' dir='ltr' id='par_1_12' title="bbox 1501 788 2453 907">
     <span class='ocr_line' id='line_1_59' title="bbox 1554 788 2453 835; baseline 0.001 -3"><span class='ocrx_word' id='word_1_333' title='bbox 1554 793 1770 834; x_wconf 82' lang='lat' dir='ltr'><em>Guilelmus</em></span> <span class='ocrx_word' id='word_1_334' title='bbox 1796 795 1843 834; x_wconf 80' lang='lat' dir='ltr'><em>(le</em></span> <span class='ocrx_word' id='word_1_335' title='bbox 1870 794 2041 833; x_wconf 86' lang='lat' dir='ltr'><strong>MONTE</strong></span> <span class='ocrx_word' id='word_1_336' title='bbox 2072 794 2248 834; x_wconf 79' lang='lat' dir='ltr'><em>Serrato.</em></span> <span class='ocrx_word' id='word_1_337' title='bbox 2272 800 2367 835; x_wconf 90' lang='lat' dir='ltr'><em>tom.</em></span> <span class='ocrx_word' id='word_1_338' title='bbox 2397 788 2453 834; x_wconf 80' lang='lat'>111&#39;</span> 
     </span>
     <span class='ocr_line' id='line_1_60' title="bbox 1501 858 1706 907; baseline 0 -13"><span class='ocrx_word' id='word_1_339' title='bbox 1501 868 1586 907; x_wconf 80' lang='lat' dir='ltr'><em>pag.</em></span> <span class='ocrx_word' id='word_1_340' title='bbox 1618 858 1706 896; x_wconf 72' lang='lat'><em>446.</em></span> 
     </span>
    </p>

    <p class='ocr_par' dir='ltr' id='par_1_13' title="bbox 1551 918 2329 970">
     <span class='ocr_line' id='line_1_61' title="bbox 1551 918 2329 970; baseline 0.005 -16"><span class='ocrx_word' id='word_1_341' title='bbox 1551 919 1722 958; x_wconf 67' lang='lat' dir='ltr'><em>,loannes</em></span> <span class='ocrx_word' id='word_1_342' title='bbox 1750 918 1795 958; x_wconf 82' lang='lat' dir='ltr'><em>de</em></span> <span class='ocrx_word' id='word_1_343' title='bbox 1823 919 2009 959; x_wconf 82' lang='lat' dir='ltr'><strong>MONTE.</strong></span> <span class='ocrx_word' id='word_1_344' title='bbox 2039 923 2067 956; x_wconf 88' lang='lat' dir='ltr'><em>t.</em></span> <span class='ocrx_word' id='word_1_345' title='bbox 2098 919 2149 958; x_wconf 89' lang='lat' dir='ltr'><em>IV</em></span> <span class='ocrx_word' id='word_1_346' title='bbox 2178 930 2214 970; x_wconf 87' lang='lat' dir='ltr'><em>p.</em></span> <span class='ocrx_word' id='word_1_347' title='bbox 2240 919 2329 958; x_wconf 89' lang='lat'><em>390.</em></span> 
     </span>
    </p>

    <p class='ocr_par' dir='ltr' id='par_1_14' title="bbox 1499 980 2458 1342">
     <span class='ocr_line' id='line_1_62' title="bbox 1550 980 2456 1021; baseline 0.004 -4"><span class='ocrx_word' id='word_1_348' title='bbox 1550 981 1707 1018; x_wconf 72' lang='lat' dir='ltr'><em>Petrum</em></span> <span class='ocrx_word' id='word_1_349' title='bbox 1717 980 1909 1020; x_wconf 85' lang='lat' dir='ltr'><em>Jacobum</em></span> <span class='ocrx_word' id='word_1_350' title='bbox 1920 980 2349 1021; x_wconf 83' lang='lat' dir='ltr'><strong>MONTEFALCHIUM</strong></span> <span class='ocrx_word' id='word_1_351' title='bbox 2359 981 2456 1021; x_wconf 89' lang='lat' dir='ltr'><em>Vos-</em></span> 
     </span>
     <span class='ocr_line' id='line_1_63' title="bbox 1500 1042 2454 1094; baseline 0.002 -14"><span class='ocrx_word' id='word_1_352' title='bbox 1500 1044 1583 1081; x_wconf 87' lang='lat' dir='ltr'><em>sius</em></span> <span class='ocrx_word' id='word_1_353' title='bbox 1614 1056 1649 1094; x_wconf 83' lang='lat' dir='ltr'><em>p.</em></span> <span class='ocrx_word' id='word_1_354' title='bbox 1681 1044 1770 1082; x_wconf 67' lang='lat'><em>(564.</em></span> <span class='ocrx_word' id='word_1_355' title='bbox 1799 1046 1852 1082; x_wconf 84' lang='lat' dir='ltr'><em>ait</em></span> <span class='ocrx_word' id='word_1_356' title='bbox 1879 1044 2030 1082; x_wconf 81' lang='lat' dir='ltr'><em>clarum</em></span> <span class='ocrx_word' id='word_1_357' title='bbox 2054 1044 2098 1082; x_wconf 85' lang='lat' dir='ltr'><em>A.</em></span> <span class='ocrx_word' id='word_1_358' title='bbox 2127 1042 2242 1082; x_wconf 73' lang='lat'><em>4497.</em></span> <span class='ocrx_word' id='word_1_359' title='bbox 2269 1043 2454 1093; x_wconf 88' lang='lat' dir='ltr'><em>reliquis-</em></span> 
     </span>
     <span class='ocr_line' id='line_1_64' title="bbox 1499 1104 2450 1156; baseline 0.002 -14"><span class='ocrx_word' id='word_1_360' title='bbox 1499 1116 1542 1142; x_wconf 84' lang='lat' dir='ltr'><em>se</em></span> <span class='ocrx_word' id='word_1_361' title='bbox 1571 1116 1670 1155; x_wconf 92' lang='lat' dir='ltr'><em>opus</em></span> <span class='ocrx_word' id='word_1_362' title='bbox 1699 1105 1747 1143; x_wconf 89' lang='lat' dir='ltr'><em>de</em></span> <span class='ocrx_word' id='word_1_363' title='bbox 1779 1106 2023 1152; x_wconf 77' lang='lat' dir='ltr'><em>vicentinis,</em></span> <span class='ocrx_word' id='word_1_364' title='bbox 2052 1104 2194 1143; x_wconf 86' lang='lat' dir='ltr'><em>deinde</em></span> <span class='ocrx_word' id='word_1_365' title='bbox 2238 1105 2450 1156; x_wconf 83' lang='lat' dir='ltr'><em>scripsisse</em></span> 
     </span>
     <span class='ocr_line' id='line_1_65' title="bbox 1500 1166 2458 1217; baseline 0.002 -13"><span class='ocrx_word' id='word_1_366' title='bbox 1500 1166 1548 1204; x_wconf 85' lang='lat' dir='ltr'><em>de</em></span> <span class='ocrx_word' id='word_1_367' title='bbox 1577 1168 1877 1217; x_wconf 69' lang='lat' dir='ltr'><em>cognominibus</em></span> <span class='ocrx_word' id='word_1_368' title='bbox 1903 1168 2074 1206; x_wconf 86' lang='lat' dir='ltr'><em>Deorum</em></span> <span class='ocrx_word' id='word_1_369' title='bbox 2100 1178 2145 1206; x_wconf 86' lang='lat' dir='ltr'><em>ac</em></span> <span class='ocrx_word' id='word_1_370' title='bbox 2170 1166 2218 1206; x_wconf 91' lang='lat' dir='ltr'><em>de</em></span> <span class='ocrx_word' id='word_1_371' title='bbox 2244 1167 2369 1206; x_wconf 85' lang='lat' dir='ltr'><em>sacris</em></span> <span class='ocrx_word' id='word_1_372' title='bbox 2394 1177 2458 1206; x_wconf 87' lang='lat' dir='ltr'><em>ce-</em></span> 
     </span>
     <span class='ocr_line' id='line_1_66' title="bbox 1502 1228 2458 1280; baseline 0.002 -14"><span class='ocrx_word' id='word_1_373' title='bbox 1502 1229 1761 1268; x_wconf 76' lang='lat' dir='ltr'><em>lebritatibus.</em></span> <span class='ocrx_word' id='word_1_374' title='bbox 1780 1228 1952 1267; x_wconf 76' lang='lat' dir='ltr'><em>Libellus</em></span> <span class='ocrx_word' id='word_1_375' title='bbox 1969 1228 2016 1267; x_wconf 88' lang='lat' dir='ltr'><em>de</em></span> <span class='ocrx_word' id='word_1_376' title='bbox 2034 1229 2336 1280; x_wconf 81' lang='lat' dir='ltr'><em>cognominibus</em></span> <span class='ocrx_word' id='word_1_377' title='bbox 2360 1230 2458 1268; x_wconf 91' lang='lat' dir='ltr'><em>Deo-</em></span> 
     </span>
     <span class='ocr_line' id='line_1_67' title="bbox 1503 1291 2134 1342; baseline 0 -12"><span class='ocrx_word' id='word_1_378' title='bbox 1503 1303 1591 1330; x_wconf 89' lang='lat' dir='ltr'><em>rum</em></span> <span class='ocrx_word' id='word_1_379' title='bbox 1626 1291 1770 1342; x_wconf 86' lang='lat' dir='ltr'><em>prodiit</em></span> <span class='ocrx_word' id='word_1_380' title='bbox 1802 1291 1987 1329; x_wconf 81' lang='lat' dir='ltr'><em>Perusiae</em></span> <span class='ocrx_word' id='word_1_381' title='bbox 2019 1292 2134 1330; x_wconf 85' lang='grc'><strong>1525.</strong></span> 
     </span>
    </p>

    <p class='ocr_par' dir='ltr' id='par_1_15' title="bbox 1500 1351 2458 1715">
     <span class='ocr_line' id='line_1_68' title="bbox 1557 1351 2457 1404; baseline 0.001 -13"><span class='ocrx_word' id='word_1_382' title='bbox 1557 1355 1699 1392; x_wconf 79' lang='lat' dir='ltr'><em>Petrus</em></span> <span class='ocrx_word' id='word_1_383' title='bbox 1728 1351 1774 1391; x_wconf 76' lang='lat' dir='ltr'><em>cle</em></span> <span class='ocrx_word' id='word_1_384' title='bbox 1802 1352 1998 1401; x_wconf 89' lang='lat' dir='ltr'><strong>MONTE,</strong></span> <span class='ocrx_word' id='word_1_385' title='bbox 2028 1353 2230 1400; x_wconf 82' lang='lat' dir='ltr'><em>Venetus,</em></span> <span class='ocrx_word' id='word_1_386' title='bbox 2261 1364 2330 1404; x_wconf 88' lang='lat' dir='ltr'><em>pro</em></span> <span class='ocrx_word' id='word_1_387' title='bbox 2374 1353 2457 1392; x_wconf 91' lang='lat' dir='ltr'><em>Eu-</em></span> 
     </span>
     <span class='ocr_line' id='line_1_69' title="bbox 1501 1414 2453 1468; baseline -0.003 -13"><span class='ocrx_word' id='word_1_388' title='bbox 1501 1418 1616 1468; x_wconf 79' lang='lat' dir='ltr'><em>genio</em></span> <span class='ocrx_word' id='word_1_389' title='bbox 1645 1417 1705 1455; x_wconf 89' lang='lat' dir='ltr'><em>IV.</em></span> <span class='ocrx_word' id='word_1_390' title='bbox 1737 1417 1896 1467; x_wconf 88' lang='lat' dir='ltr'><em>scripsit</em></span> <span class='ocrx_word' id='word_1_391' title='bbox 1924 1417 2027 1455; x_wconf 89' lang='lat' dir='ltr'><em>circa</em></span> <span class='ocrx_word' id='word_1_392' title='bbox 2056 1414 2102 1454; x_wconf 87' lang='grc' dir='ltr'><strong>Α.</strong></span> <span class='ocrx_word' id='word_1_393' title='bbox 2136 1415 2250 1454; x_wconf 78' lang='grc'><strong>1432.</strong></span> <span class='ocrx_word' id='word_1_394' title='bbox 2283 1415 2320 1452; x_wconf 87' lang='lat' dir='ltr'><em>in</em></span> <span class='ocrx_word' id='word_1_395' title='bbox 2350 1415 2453 1454; x_wconf 89' lang='lat' dir='ltr'><em>Con-</em></span> 
     </span>
     <span class='ocr_line' id='line_1_70' title="bbox 1501 1477 2458 1518; baseline -0.002 -1"><span class='ocrx_word' id='word_1_396' title='bbox 1501 1480 1589 1518; x_wconf 86' lang='lat' dir='ltr'><em>cilio</em></span> <span class='ocrx_word' id='word_1_397' title='bbox 1619 1478 1833 1517; x_wconf 82' lang='lat' dir='ltr'><em>Basileensi</em></span> <span class='ocrx_word' id='word_1_398' title='bbox 1866 1477 2011 1516; x_wconf 92' lang='lat' dir='ltr'><em>librum</em></span> <span class='ocrx_word' id='word_1_399' title='bbox 2041 1478 2103 1516; x_wconf 92' lang='lat' dir='ltr'><em>cui</em></span> <span class='ocrx_word' id='word_1_400' title='bbox 2135 1477 2277 1516; x_wconf 85' lang='lat' dir='ltr'><em>titulus</em></span> <span class='ocrx_word' id='word_1_401' title='bbox 2300 1477 2458 1516; x_wconf 82' lang='lat' dir='ltr'><em>Monar-</em></span> 
     </span>
     <span class='ocr_line' id='line_1_71' title="bbox 1502 1537 2458 1580; baseline -0.002 0"><span class='ocrx_word' id='word_1_402' title='bbox 1502 1540 1590 1580; x_wconf 79' lang='lat' dir='ltr'><em>chia</em></span> <span class='ocrx_word' id='word_1_403' title='bbox 1618 1551 1813 1580; x_wconf 82' lang='lat' dir='ltr'><em>excusum</em></span> <span class='ocrx_word' id='word_1_404' title='bbox 1839 1541 1984 1578; x_wconf 86' lang='lat' dir='ltr'><em>Romae</em></span> <span class='ocrx_word' id='word_1_405' title='bbox 2010 1537 2125 1578; x_wconf 88' lang='grc'><strong>1537.</strong></span> <span class='ocrx_word' id='word_1_406' title='bbox 2153 1543 2192 1577; x_wconf 88' lang='lat' dir='ltr'><em>et</em></span> <span class='ocrx_word' id='word_1_407' title='bbox 2217 1540 2254 1577; x_wconf 93' lang='lat' dir='ltr'><em>in</em></span> <span class='ocrx_word' id='word_1_408' title='bbox 2285 1543 2458 1578; x_wconf 85' lang='lat' dir='ltr'><em>tractatu</em></span> 
     </span>
     <span class='ocr_line' id='line_1_72' title="bbox 1502 1601 2455 1652; baseline -0.003 -10"><span class='ocrx_word' id='word_1_409' title='bbox 1502 1607 1716 1642; x_wconf 84' lang='lat' dir='ltr'><em>tractatum</em></span> <span class='ocrx_word' id='word_1_410' title='bbox 1748 1603 1834 1640; x_wconf 84' lang='lat' dir='ltr'><em>sive</em></span> <span class='ocrx_word' id='word_1_411' title='bbox 1863 1602 2021 1641; x_wconf 84' lang='lat' dir='ltr'><em>Oceano</em></span> <span class='ocrx_word' id='word_1_412' title='bbox 2043 1601 2152 1640; x_wconf 85' lang='lat' dir='ltr'><em>Juris</em></span> <span class='ocrx_word' id='word_1_413' title='bbox 2177 1605 2204 1640; x_wconf 87' lang='lat' dir='ltr'><em>t.</em></span> <span class='ocrx_word' id='word_1_414' title='bbox 2231 1601 2278 1640; x_wconf 89' lang='grc'><em>13</em></span> <span class='ocrx_word' id='word_1_415' title='bbox 2304 1612 2338 1652; x_wconf 92' lang='lat' dir='ltr'><em>p.</em></span> <span class='ocrx_word' id='word_1_416' title='bbox 2366 1601 2455 1640; x_wconf 74' lang='grc'><strong>144.</strong></span> 
     </span>
     <span class='ocr_line' id='line_1_73' title="bbox 1500 1664 2097 1715; baseline -0.005 -10"><span class='ocrx_word' id='word_1_417' title='bbox 1500 1666 1594 1705; x_wconf 83' lang='lat' dir='ltr'><em>Vide</em></span> <span class='ocrx_word' id='word_1_418' title='bbox 1623 1665 1768 1704; x_wconf 90' lang='lat' dir='ltr'><em>Oudin.</em></span> <span class='ocrx_word' id='word_1_419' title='bbox 1798 1669 1826 1703; x_wconf 90' lang='lat' dir='ltr'><em>t.</em></span> <span class='ocrx_word' id='word_1_420' title='bbox 1857 1665 1881 1704; x_wconf 89' lang='grc'><strong>3</strong></span> <span class='ocrx_word' id='word_1_421' title='bbox 1912 1676 1948 1715; x_wconf 90' lang='lat' dir='ltr'><em>p.</em></span> <span class='ocrx_word' id='word_1_422' title='bbox 1977 1664 2097 1704; x_wconf 78' lang='lat'><em>2378.</em></span> 
     </span>
    </p>

    <p class='ocr_par' dir='ltr' id='par_1_16' title="bbox 1502 1725 2467 1892">
     <span class='ocr_line' id='line_1_74' title="bbox 1553 1725 2467 1766; baseline -0.001 0"><span class='ocrx_word' id='word_1_423' title='bbox 1553 1728 1573 1750; x_wconf 80' lang='lat'><em>*</em></span> <span class='ocrx_word' id='word_1_424' title='bbox 1597 1727 1682 1766; x_wconf 89' lang='lat' dir='ltr'><em>Non</em></span> <span class='ocrx_word' id='word_1_425' title='bbox 1704 1727 1805 1766; x_wconf 88' lang='lat' dir='ltr'><em>alius</em></span> <span class='ocrx_word' id='word_1_426' title='bbox 1826 1731 1888 1765; x_wconf 88' lang='lat' dir='ltr'><em>est</em></span> <span class='ocrx_word' id='word_1_427' title='bbox 1907 1726 1956 1765; x_wconf 86' lang='lat' dir='ltr'><em>ab</em></span> <span class='ocrx_word' id='word_1_428' title='bbox 1979 1738 2025 1765; x_wconf 91' lang='lat' dir='ltr'><em>eo</em></span> <span class='ocrx_word' id='word_1_429' title='bbox 2049 1727 2164 1765; x_wconf 85' lang='lat' dir='ltr'><em>Petro</em></span> <span class='ocrx_word' id='word_1_430' title='bbox 2187 1726 2236 1766; x_wconf 85' lang='lat' dir='ltr'><em>de</em></span> <span class='ocrx_word' id='word_1_431' title='bbox 2256 1727 2388 1766; x_wconf 80' lang='lat' dir='ltr'><em>Monte</em></span> <span class='ocrx_word' id='word_1_432' title='bbox 2409 1725 2467 1765; x_wconf 78' lang='lat' dir='ltr'><em>de-</em></span> 
     </span>
     <span class='ocr_line' id='line_1_75' title="bbox 1503 1788 2461 1842; baseline -0.004 -12"><span class='ocrx_word' id='word_1_433' title='bbox 1503 1803 1581 1842; x_wconf 86' lang='lat' dir='ltr'><em>quo</em></span> <span class='ocrx_word' id='word_1_434' title='bbox 1607 1790 1808 1829; x_wconf 82' lang='lat' dir='ltr'><em>Fabricius</em></span> <span class='ocrx_word' id='word_1_435' title='bbox 1830 1789 1942 1829; x_wconf 74' lang='lat' dir='ltr'><em>intra.</em></span> <span class='ocrx_word' id='word_1_436' title='bbox 1964 1789 2061 1830; x_wconf 87' lang='lat' dir='ltr'><em>Vide</em></span> <span class='ocrx_word' id='word_1_437' title='bbox 2083 1789 2226 1828; x_wconf 91' lang='lat' dir='ltr'><em>ibidem</em></span> <span class='ocrx_word' id='word_1_438' title='bbox 2243 1788 2461 1828; x_wconf 86' lang='lat' dir='ltr'><em>adnotatio-</em></span> 
     </span>
     <span class='ocr_line' id='line_1_76' title="bbox 1502 1863 1760 1892; baseline -0.012 0"><span class='ocrx_word' id='word_1_439' title='bbox 1502 1865 1592 1892; x_wconf 89' lang='lat' dir='ltr'><em>nem</em></span> <span class='ocrx_word' id='word_1_440' title='bbox 1617 1863 1760 1891; x_wconf 81' lang='lat' dir='ltr'><em>meam.</em></span> 
     </span>
    </p>

    <p class='ocr_par' dir='ltr' id='par_1_17' title="bbox 1502 1912 2467 2648">
     <span class='ocr_line' id='line_1_77' title="bbox 1554 1912 2458 1967; baseline -0.002 -13"><span class='ocrx_word' id='word_1_441' title='bbox 1554 1914 1759 1967; x_wconf 81' lang='lat' dir='ltr'><em>Philippus</em></span> <span class='ocrx_word' id='word_1_442' title='bbox 1779 1913 1827 1952; x_wconf 88' lang='lat' dir='ltr'><em>de</em></span> <span class='ocrx_word' id='word_1_443' title='bbox 1851 1914 1980 1953; x_wconf 85' lang='lat' dir='ltr'><em>Janua</em></span> <span class='ocrx_word' id='word_1_444' title='bbox 2005 1924 2091 1953; x_wconf 83' lang='lat' dir='ltr'><em>sive</em></span> <span class='ocrx_word' id='word_1_445' title='bbox 2115 1912 2162 1952; x_wconf 85' lang='lat' dir='ltr'><em>de</em></span> <span class='ocrx_word' id='word_1_446' title='bbox 2185 1912 2355 1952; x_wconf 87' lang='lat' dir='ltr'><strong>MONTE</strong></span> <span class='ocrx_word' id='word_1_447' title='bbox 2381 1912 2458 1953; x_wconf 90' lang='lat' dir='ltr'><em>Ca-</em></span> 
     </span>
     <span class='ocr_line' id='line_1_78' title="bbox 1503 1976 2462 2027; baseline -0.002 -10"><span class='ocrx_word' id='word_1_448' title='bbox 1503 1978 1599 2017; x_wconf 89' lang='lat' dir='ltr'><em>lerio</em></span> <span class='ocrx_word' id='word_1_449' title='bbox 1630 1979 1667 2015; x_wconf 87' lang='lat' dir='ltr'><em>in</em></span> <span class='ocrx_word' id='word_1_450' title='bbox 1699 1977 1945 2027; x_wconf 86' lang='lat' dir='ltr'><em>subalpinis,</em></span> <span class='ocrx_word' id='word_1_451' title='bbox 1976 1976 2114 2016; x_wconf 90' lang='lat' dir='ltr'><em>Ordin.</em></span> <span class='ocrx_word' id='word_1_452' title='bbox 2157 1976 2294 2016; x_wconf 90' lang='lat' dir='ltr'><em>Minor.</em></span> <span class='ocrx_word' id='word_1_453' title='bbox 2337 1977 2462 2027; x_wconf 84' lang='lat' dir='ltr'><em>Papae</em></span> 
     </span>
     <span class='ocr_line' id='line_1_79' title="bbox 1502 2037 2463 2079; baseline -0.003 0"><span class='ocrx_word' id='word_1_454' title='bbox 1502 2039 1702 2079; x_wconf 79' lang='lat' dir='ltr'><em>Benedicti</em></span> <span class='ocrx_word' id='word_1_455' title='bbox 1733 2040 1799 2077; x_wconf 86' lang='lat' dir='ltr'><em>XI.</em></span> <span class='ocrx_word' id='word_1_456' title='bbox 1829 2040 1934 2077; x_wconf 87' lang='lat' dir='ltr'><em>circa</em></span> <span class='ocrx_word' id='word_1_457' title='bbox 1963 2037 2009 2078; x_wconf 88' lang='grc' dir='ltr'><strong>Α.</strong></span> <span class='ocrx_word' id='word_1_458' title='bbox 2041 2038 2157 2078; x_wconf 87' lang='grc'><strong>1336.</strong></span> <span class='ocrx_word' id='word_1_459' title='bbox 2197 2037 2463 2077; x_wconf 88' lang='lat' dir='ltr'><em>Poenitentia-</em></span> 
     </span>
     <span class='ocr_line' id='line_1_80' title="bbox 1503 2099 2463 2151; baseline -0.001 -11"><span class='ocrx_word' id='word_1_460' title='bbox 1503 2103 1613 2149; x_wconf 80' lang='lat' dir='ltr'><em>rius,</em></span> <span class='ocrx_word' id='word_1_461' title='bbox 1644 2102 1802 2151; x_wconf 82' lang='lat' dir='ltr'><em>scripsit</em></span> <span class='ocrx_word' id='word_1_462' title='bbox 1830 2100 2127 2140; x_wconf 83' lang='lat' dir='ltr'><em>Commentaria</em></span> <span class='ocrx_word' id='word_1_463' title='bbox 2156 2099 2198 2139; x_wconf 85' lang='lat' dir='ltr'><em>in</em></span> <span class='ocrx_word' id='word_1_464' title='bbox 2227 2099 2394 2139; x_wconf 83' lang='lat' dir='ltr'><em>Genesin</em></span> <span class='ocrx_word' id='word_1_465' title='bbox 2422 2104 2463 2139; x_wconf 86' lang='lat' dir='ltr'><em>et</em></span> 
     </span>
     <span class='ocr_line' id='line_1_81' title="bbox 1503 2163 2463 2214; baseline -0.002 -12"><span class='ocrx_word' id='word_1_466' title='bbox 1503 2165 1603 2202; x_wconf 88' lang='lat' dir='ltr'><em>alias</em></span> <span class='ocrx_word' id='word_1_467' title='bbox 1632 2163 1825 2212; x_wconf 78' lang='lat' dir='ltr'><em>quasdam</em></span> <span class='ocrx_word' id='word_1_468' title='bbox 1871 2164 1909 2202; x_wconf 86' lang='lat' dir='ltr'><em>S.</em></span> <span class='ocrx_word' id='word_1_469' title='bbox 1951 2163 2179 2214; x_wconf 73' lang='lat' dir='ltr'><em>Scripturas</em></span> <span class='ocrx_word' id='word_1_470' title='bbox 2217 2166 2380 2214; x_wconf 83' lang='lat' dir='ltr'><em>partes:</em></span> <span class='ocrx_word' id='word_1_471' title='bbox 2425 2163 2463 2200; x_wconf 92' lang='lat' dir='ltr'><em>in</em></span> 
     </span>
     <span class='ocr_line' id='line_1_82' title="bbox 1504 2223 2465 2277; baseline -0.003 -12"><span class='ocrx_word' id='word_1_472' title='bbox 1504 2224 1711 2265; x_wconf 81' lang='lat' dir='ltr'><em>Postillam</em></span> <span class='ocrx_word' id='word_1_473' title='bbox 1734 2235 1856 2277; x_wconf 81' lang='lat' dir='ltr'><em>super</em></span> <span class='ocrx_word' id='word_1_474' title='bbox 1881 2223 2102 2276; x_wconf 71' lang='lat' dir='ltr'><em>Evanqelia</em></span> <span class='ocrx_word' id='word_1_475' title='bbox 2125 2223 2388 2264; x_wconf 79' lang='lat' dir='ltr'><em>Dominicalia</em></span> <span class='ocrx_word' id='word_1_476' title='bbox 2411 2226 2465 2262; x_wconf 81' lang='lat' dir='ltr'><em>to-</em></span> 
     </span>
     <span class='ocr_line' id='line_1_83' title="bbox 1507 2286 2466 2339; baseline -0.001 -13"><span class='ocrx_word' id='word_1_477' title='bbox 1507 2288 1585 2327; x_wconf 82' lang='lat' dir='ltr'><em>tius</em></span> <span class='ocrx_word' id='word_1_478' title='bbox 1615 2287 1736 2335; x_wconf 73' lang='lat' dir='ltr'><em>anni,</em></span> <span class='ocrx_word' id='word_1_479' title='bbox 1764 2289 1801 2325; x_wconf 91' lang='lat' dir='ltr'><em>in</em></span> <span class='ocrx_word' id='word_1_480' title='bbox 1826 2287 2106 2339; x_wconf 86' lang='lat' dir='ltr'><em>compendium</em></span> <span class='ocrx_word' id='word_1_481' title='bbox 2139 2289 2304 2327; x_wconf 91' lang='lat' dir='ltr'><em>missam</em></span> <span class='ocrx_word' id='word_1_482' title='bbox 2328 2288 2349 2326; x_wconf 74' lang='lat' dir='ltr'><em>a</em></span> <span class='ocrx_word' id='word_1_483' title='bbox 2371 2286 2466 2325; x_wconf 83' lang='lat' dir='ltr'><em>Jan-</em></span> 
     </span>
     <span class='ocr_line' id='line_1_84' title="bbox 1508 2349 2463 2402; baseline -0.003 -13"><span class='ocrx_word' id='word_1_484' title='bbox 1508 2351 1632 2389; x_wconf 90' lang='lat' dir='ltr'><em>selmo</em></span> <span class='ocrx_word' id='word_1_485' title='bbox 1662 2350 1849 2397; x_wconf 85' lang='lat' dir='ltr'><em>Canova,</em></span> <span class='ocrx_word' id='word_1_486' title='bbox 1881 2350 1975 2389; x_wconf 91' lang='lat' dir='ltr'><em>Ord.</em></span> <span class='ocrx_word' id='word_1_487' title='bbox 2005 2351 2142 2389; x_wconf 89' lang='lat' dir='ltr'><em>Minor.</em></span> <span class='ocrx_word' id='word_1_488' title='bbox 2188 2349 2312 2402; x_wconf 82' lang='lat' dir='ltr'><em>Lugd.</em></span> <span class='ocrx_word' id='word_1_489' title='bbox 2347 2349 2463 2388; x_wconf 84' lang='grc'><strong>1510.</strong></span> 
     </span>
     <span class='ocr_line' id='line_1_85' title="bbox 1510 2410 2466 2463; baseline -0.004 -11"><span class='ocrx_word' id='word_1_490' title='bbox 1510 2413 1623 2452; x_wconf 77' lang='grc'><strong>1515.</strong></span> <span class='ocrx_word' id='word_1_491' title='bbox 1650 2412 1763 2450; x_wconf 54' lang='lat' dir='ltr'><em>ltili.</em></span> <span class='ocrx_word' id='word_1_492' title='bbox 1791 2416 1877 2450; x_wconf 87' lang='lat' dir='ltr'><em>tum</em></span> <span class='ocrx_word' id='word_1_493' title='bbox 1905 2410 2276 2463; x_wconf 72' lang='lat' dir='ltr'><em>Quadraqesimale,</em></span> <span class='ocrx_word' id='word_1_494' title='bbox 2299 2415 2339 2450; x_wconf 88' lang='lat' dir='ltr'><em>et</em></span> <span class='ocrx_word' id='word_1_495' title='bbox 2363 2411 2466 2450; x_wconf 86' lang='lat' dir='ltr'><em>Con-</em></span> 
     </span>
     <span class='ocr_line' id='line_1_86' title="bbox 1508 2472 2467 2522; baseline -0.001 -10"><span class='ocrx_word' id='word_1_496' title='bbox 1508 2477 1642 2513; x_wconf 85' lang='lat' dir='ltr'><em>cioncs</em></span> <span class='ocrx_word' id='word_1_497' title='bbox 1671 2473 1717 2511; x_wconf 79' lang='lat' dir='ltr'><em>cle</em></span> <span class='ocrx_word' id='word_1_498' title='bbox 1749 2473 2032 2522; x_wconf 79' lang='lat' dir='ltr'><em>Eucharistia,</em></span> <span class='ocrx_word' id='word_1_499' title='bbox 2063 2476 2270 2515; x_wconf 82' lang='lat' dir='ltr'><em>Sermones</em></span> <span class='ocrx_word' id='word_1_500' title='bbox 2295 2472 2341 2513; x_wconf 81' lang='lat' dir='ltr'><em>de</em></span> <span class='ocrx_word' id='word_1_501' title='bbox 2364 2473 2467 2513; x_wconf 85' lang='lat' dir='ltr'><em>San-</em></span> 
     </span>
     <span class='ocr_line' id='line_1_87' title="bbox 1509 2535 2461 2587; baseline -0.002 -12"><span class='ocrx_word' id='word_1_502' title='bbox 1509 2536 1592 2575; x_wconf 75' lang='lat' dir='ltr'><em>ctis.</em></span> <span class='ocrx_word' id='word_1_503' title='bbox 1626 2536 1720 2574; x_wconf 89' lang='lat' dir='ltr'><em>Vide</em></span> <span class='ocrx_word' id='word_1_504' title='bbox 1751 2535 2018 2586; x_wconf 81' lang='lat' dir='ltr'><em>Waddingum</em></span> <span class='ocrx_word' id='word_1_505' title='bbox 2050 2548 2087 2587; x_wconf 88' lang='lat' dir='ltr'><em>p.</em></span> <span class='ocrx_word' id='word_1_506' title='bbox 2116 2537 2207 2577; x_wconf 61' lang='lat'><em>29&#39;4.</em></span> <span class='ocrx_word' id='word_1_507' title='bbox 2255 2540 2298 2576; x_wconf 75' lang='lat' dir='ltr'><em>et</em></span> <span class='ocrx_word' id='word_1_508' title='bbox 2339 2535 2461 2575; x_wconf 81' lang='lat' dir='ltr'><em>Oudi-</em></span> 
     </span>
     <span class='ocr_line' id='line_1_88' title="bbox 1511 2598 2466 2648; baseline -0.006 -9"><span class='ocrx_word' id='word_1_509' title='bbox 1511 2612 1606 2639; x_wconf 87' lang='lat' dir='ltr'><em>num</em></span> <span class='ocrx_word' id='word_1_510' title='bbox 1637 2603 1662 2636; x_wconf 88' lang='lat' dir='ltr'><em>t.</em></span> <span class='ocrx_word' id='word_1_511' title='bbox 1695 2600 1716 2637; x_wconf 86' lang='lat'>3</span> <span class='ocrx_word' id='word_1_512' title='bbox 1748 2610 1782 2648; x_wconf 92' lang='lat' dir='ltr'><em>p.</em></span> <span class='ocrx_word' id='word_1_513' title='bbox 1815 2598 1905 2636; x_wconf 79' lang='lat'><em>896.</em></span> <span class='ocrx_word' id='word_1_514' title='bbox 2463 2645 2466 2647; x_wconf 66' lang='lat'>‚</span> 
     </span>
    </p>

    <p class='ocr_par' dir='ltr' id='par_1_18' title="bbox 1510 2659 2467 2773">
     <span class='ocr_line' id='line_1_89' title="bbox 1563 2659 2467 2711; baseline 0.002 -14"><span class='ocrx_word' id='word_1_515' title='bbox 1563 2662 1732 2699; x_wconf 81' lang='lat' dir='ltr'><em>Joannes</em></span> <span class='ocrx_word' id='word_1_516' title='bbox 1760 2659 2123 2700; x_wconf 86' lang='lat' dir='ltr'><strong>MONTESONIUS.</strong></span> <span class='ocrx_word' id='word_1_517' title='bbox 2153 2661 2280 2711; x_wconf 87' lang='lat' dir='ltr'><em>Supra</em></span> <span class='ocrx_word' id='word_1_518' title='bbox 2322 2659 2467 2699; x_wconf 88' lang='lat' dir='ltr'><strong>JOAN-</strong></span> 
     </span>
     <span class='ocr_line' id='line_1_90' title="bbox 1510 2722 1926 2773; baseline -0.01 -9"><span class='ocrx_word' id='word_1_519' title='bbox 1510 2725 1606 2764; x_wconf 78' lang='lat' dir='ltr'><em>NES</em></span> <span class='ocrx_word' id='word_1_520' title='bbox 1635 2728 1659 2762; x_wconf 85' lang='lat' dir='ltr'><em>t.</em></span> <span class='ocrx_word' id='word_1_521' title='bbox 1692 2723 1739 2761; x_wconf 92' lang='lat' dir='ltr'><em>IV</em></span> <span class='ocrx_word' id='word_1_522' title='bbox 1773 2735 1806 2773; x_wconf 90' lang='lat' dir='ltr'><em>p.</em></span> <span class='ocrx_word' id='word_1_523' title='bbox 1838 2722 1926 2760; x_wconf 85' lang='grc'><strong>390.</strong></span> 
     </span>
    </p>

    <p class='ocr_par' dir='ltr' id='par_1_19' title="bbox 1512 2783 2470 2957">
     <span class='ocr_line' id='line_1_91' title="bbox 1567 2783 2466 2832; baseline -0.004 -8"><span class='ocrx_word' id='word_1_524' title='bbox 1567 2783 1755 2824; x_wconf 82' lang='lat' dir='ltr'><em>Nicolaus</em></span> <span class='ocrx_word' id='word_1_525' title='bbox 1797 2783 2128 2832; x_wconf 80' lang='lat' dir='ltr'><strong>MONTIGNIUS‚</strong></span> <span class='ocrx_word' id='word_1_526' title='bbox 2176 2795 2227 2822; x_wconf 85' lang='lat' dir='ltr'><em>ex</em></span> <span class='ocrx_word' id='word_1_527' title='bbox 2270 2783 2466 2823; x_wconf 82' lang='lat' dir='ltr'><em>Canonico</em></span> 
     </span>
     <span class='ocr_line' id='line_1_92' title="bbox 1512 2846 2470 2895; baseline -0.002 -9"><span class='ocrx_word' id='word_1_528' title='bbox 1512 2848 1760 2886; x_wconf 78' lang='lat' dir='ltr'><em>viconiensis</em></span> <span class='ocrx_word' id='word_1_529' title='bbox 1789 2846 1995 2885; x_wconf 82' lang='lat' dir='ltr'><em>Ecclesiae</em></span> <span class='ocrx_word' id='word_1_530' title='bbox 2026 2847 2063 2884; x_wconf 91' lang='lat' dir='ltr'><em>in</em></span> <span class='ocrx_word' id='word_1_531' title='bbox 2095 2847 2326 2895; x_wconf 87' lang='lat' dir='ltr'><em>Hannonia,</em></span> <span class='ocrx_word' id='word_1_532' title='bbox 2357 2847 2470 2885; x_wconf 85' lang='lat' dir='ltr'><em>Prae-</em></span> 
     </span>
     <span class='ocr_line' id='line_1_93' title="bbox 1514 2907 2468 2957; baseline -0.002 -10"><span class='ocrx_word' id='word_1_533' title='bbox 1514 2913 1821 2947; x_wconf 73' lang='lat' dir='ltr'><em>monstratensis</em></span> <span class='ocrx_word' id='word_1_534' title='bbox 1850 2908 2033 2957; x_wconf 84' lang='lat' dir='ltr'><em>Ordinis,</em></span> <span class='ocrx_word' id='word_1_535' title='bbox 2065 2908 2194 2947; x_wconf 82' lang='lat' dir='ltr'><em>fuctus</em></span> <span class='ocrx_word' id='word_1_536' title='bbox 2232 2907 2365 2947; x_wconf 81' lang='lat' dir='ltr'><em>Abbas</em></span> <span class='ocrx_word' id='word_1_537' title='bbox 2392 2908 2468 2947; x_wconf 88' lang='grc' dir='ltr'><em>Μο-</em></span> 
     </span>
    </p>
   </div>
   <div class='ocr_carea' id='block_1_4' title="bbox 1511 2966 2533 3083">
    <p class='ocr_par' dir='ltr' id='par_1_20' title="bbox 1511 2966 2533 3083">
     <span class='ocr_line' id='line_1_94' title="bbox 1514 2966 2533 3021; baseline 0 -12"><span class='ocrx_word' id='word_1_538' title='bbox 1514 2971 1672 3009; x_wconf 79' lang='lat' dir='ltr'><em>nasterii</em></span> <span class='ocrx_word' id='word_1_539' title='bbox 1698 2970 1746 3007; x_wconf 77' lang='lat' dir='ltr'><em>de.</em></span> <span class='ocrx_word' id='word_1_540' title='bbox 1771 2970 1942 3008; x_wconf 79' lang='lat' dir='ltr'><em>Castello</em></span> <span class='ocrx_word' id='word_1_541' title='bbox 1963 2971 2001 3010; x_wconf 88' lang='lat' dir='ltr'><em>S.</em></span> <span class='ocrx_word' id='word_1_542' title='bbox 2026 2971 2178 3009; x_wconf 83' lang='lat' dir='ltr'><em>Martini</em></span> <span class='ocrx_word' id='word_1_543' title='bbox 2202 2969 2250 3009; x_wconf 80' lang='lat' dir='ltr'><em>ad</em></span> <span class='ocrx_word' id='word_1_544' title='bbox 2276 2970 2468 3021; x_wconf 84' lang='lat' dir='ltr'><em>Scarpum</em></span> <span class='ocrx_word' id='word_1_545' title='bbox 2532 2966 2533 3020; x_wconf 69' lang='lat' dir='ltr'>j</span> 
     </span>
     <span class='ocr_line' id='line_1_95' title="bbox 1511 3033 2533 3083; baseline 0 -13"><span class='ocrx_word' id='word_1_546' title='bbox 1511 3034 1676 3071; x_wconf 77' lang='lat' dir='ltr'><em>fluvium</em></span> <span class='ocrx_word' id='word_1_547' title='bbox 1710 3043 1828 3082; x_wconf 79' lang='lat' dir='ltr'><em>prope</em></span> <span class='ocrx_word' id='word_1_548' title='bbox 1872 3033 2165 3083; x_wconf 78' lang='lat' dir='ltr'><em>Montigneam,</em></span> <span class='ocrx_word' id='word_1_549' title='bbox 2207 3033 2469 3071; x_wconf 85' lang='lat' dir='ltr'><em>Tornacensis</em></span> <span class='ocrx_word' id='word_1_550' title='bbox 2531 3045 2533 3066; x_wconf 62' lang='lat'>1</span> 
     </span>
    </p>
   </div>
   <div class='ocr_carea' id='block_1_5' title="bbox 1510 3093 2470 3146">
    <p class='ocr_par' dir='ltr' id='par_1_21' title="bbox 1510 3093 2470 3146">
     <span class='ocr_line' id='line_1_96' title="bbox 1510 3093 2470 3146; baseline -0.002 -13"><span class='ocrx_word' id='word_1_551' title='bbox 1510 3095 1729 3141; x_wconf 68' lang='lat' dir='ltr'><em>dioecesis,</em></span> <span class='ocrx_word' id='word_1_552' title='bbox 1761 3096 1920 3145; x_wconf 80' lang='lat' dir='ltr'><em>scripsit</em></span> <span class='ocrx_word' id='word_1_553' title='bbox 1948 3093 2124 3133; x_wconf 86' lang='lat' dir='ltr'><em>Annales</em></span> <span class='ocrx_word' id='word_1_554' title='bbox 2167 3093 2346 3146; x_wconf 83' lang='lat' dir='ltr'><em>ejusdem</em></span> <span class='ocrx_word' id='word_1_555' title='bbox 2389 3093 2470 3134; x_wconf 85' lang='lat' dir='ltr'><em>Mo-</em></span> 
     </span>
    </p>
   </div>
   <div class='ocr_carea' id='block_1_6' title="bbox 1510 3156 2472 3208">
    <p class='ocr_par' dir='ltr' id='par_1_22' title="bbox 1510 3156 2472 3208">
     <span class='ocr_line' id='line_1_97' title="bbox 1510 3156 2472 3208; baseline 0 -14"><span class='ocrx_word' id='word_1_556' title='bbox 1510 3158 1678 3196; x_wconf 67' lang='lat' dir='ltr'><em>nascerii</em></span> <span class='ocrx_word' id='word_1_557' title='bbox 1710 3157 1944 3197; x_wconf 64' lang='lat' dir='ltr'><em>Via-oniensis</em></span> <span class='ocrx_word' id='word_1_558' title='bbox 1962 3189 1973 3206; x_wconf 88' lang='lat'><em>,</em></span> <span class='ocrx_word' id='word_1_559' title='bbox 2003 3162 2044 3196; x_wconf 80' lang='lat' dir='ltr'><em>et</em></span> <span class='ocrx_word' id='word_1_560' title='bbox 2074 3156 2293 3197; x_wconf 74' lang='lat' dir='ltr'><em>Historiam</em></span> <span class='ocrx_word' id='word_1_561' title='bbox 2322 3159 2472 3208; x_wconf 79' lang='lat' dir='ltr'><em>marty-</em></span> 
     </span>
    </p>
   </div>
   <div class='ocr_carea' id='block_1_7' title="bbox 1508 3217 2470 3397">
    <p class='ocr_par' dir='ltr' id='par_1_23' title="bbox 1508 3217 2470 3397">
     <span class='ocr_line' id='line_1_98' title="bbox 1510 3217 2469 3260; baseline -0.001 -3"><span class='ocrx_word' id='word_1_562' title='bbox 1510 3219 1568 3258; x_wconf 86' lang='lat' dir='ltr'><em>rii</em></span> <span class='ocrx_word' id='word_1_563' title='bbox 1609 3224 1646 3259; x_wconf 85' lang='lat' dir='ltr'><em>et</em></span> <span class='ocrx_word' id='word_1_564' title='bbox 1688 3219 1960 3260; x_wconf 77' lang='lat' dir='ltr'><em>translationis</em></span> <span class='ocrx_word' id='word_1_565' title='bbox 2007 3223 2239 3259; x_wconf 84' lang='lat' dir='ltr'><em>sanctarum</em></span> <span class='ocrx_word' id='word_1_566' title='bbox 2288 3217 2469 3257; x_wconf 87' lang='lat' dir='ltr'><em>undecim</em></span> 
     </span>
     <span class='ocr_line' id='line_1_99' title="bbox 1509 3279 2470 3333; baseline -0.001 -14"><span class='ocrx_word' id='word_1_567' title='bbox 1509 3281 1676 3321; x_wconf 82' lang='lat' dir='ltr'><em>millium</em></span> <span class='ocrx_word' id='word_1_568' title='bbox 1713 3282 1926 3333; x_wconf 64' lang='lat' dir='ltr'><em>Vii⁴9iiium.</em></span> <span class='ocrx_word' id='word_1_569' title='bbox 1959 3283 2016 3321; x_wconf 87' lang='lat' dir='ltr'><em>De</em></span> <span class='ocrx_word' id='word_1_570' title='bbox 2045 3280 2252 3321; x_wconf 86' lang='lat' dir='ltr'><em>miraculis</em></span> <span class='ocrx_word' id='word_1_571' title='bbox 2294 3281 2333 3320; x_wconf 90' lang='lat' dir='ltr'><em>S.</em></span> <span class='ocrx_word' id='word_1_572' title='bbox 2378 3279 2470 3319; x_wconf 88' lang='lat' dir='ltr'><em>Bla—</em></span> 
     </span>
     <span class='ocr_line' id='line_1_100' title="bbox 1508 3342 2470 3397; baseline -0.001 -14"><span class='ocrx_word' id='word_1_573' title='bbox 1508 3344 1568 3383; x_wconf 81' lang='lat' dir='ltr'><em>sii.</em></span> <span class='ocrx_word' id='word_1_574' title='bbox 1595 3343 1822 3384; x_wconf 85' lang='lat' dir='ltr'><em>lllemoriale</em></span> <span class='ocrx_word' id='word_1_575' title='bbox 1842 3344 2113 3397; x_wconf 78' lang='lat' dir='ltr'><em>reliquiarum</em></span> <span class='ocrx_word' id='word_1_576' title='bbox 2140 3342 2381 3384; x_wconf 84' lang='lat' dir='ltr'><em>Viconiensis</em></span> <span class='ocrx_word' id='word_1_577' title='bbox 2395 3343 2470 3382; x_wconf 86' lang='lat' dir='ltr'><em>Ec-</em></span> 
     </span>
    </p>
   </div>
  </div>
 </body>
</html>
