2533 4009
494 214 514 240 -)

463 214 628 320 :saum
665 275 762 312 1711.
797 273 838 308 P.
876 271 924 307 JI.
963 248 1135 305 Carmen
1173 260 1218 298 de
1256 258 1338 298 vita
1377 257 1419 293 D.

1232 184 1682 228 liunuhvuus

1549 252 1717 292 Luciani
1737 252 1783 290 cle
1814 263 1887 290 non
1914 250 2031 303 facile
2060 248 2265 289 credendis
2302 247 2462 293 delatio-

463 339 611 379 Judoci.
636 337 749 374 Anna
773 326 912 369 Mater.
941 322 1150 376 Epiceclion
1184 322 1224 358 in
1259 322 1422 356 mortem
1496 312 1612 352 nibus
1637 311 1790 351 libellus
1812 324 1895 363 pag.
1927 313 2016 351 246.

466 399 626 441 Comitis
654 389 917 444 Speyelberyi.
955 387 1134 436 Hymnus
1165 380 1212 419 ile
1240 377 1423 417 omnibus

462 457 627 500 Sanctis.
659 451 878 495 Carmina,
919 444 1131 498 Epitaphia
1168 439 1425 491 flntwerpiae

464 521 576 560 4514.
609 517 647 554 in
678 516 711 552 4.
744 510 921 550 'l‘andem
941 506 1186 556 conjunctim
1207 503 1311 541 edila
1330 504 1426 539 sunt

460 581 508 618 ab
550 575 693 616 Alardo
738 569 1060 611 Amstelredamo
1106 565 1290 605 Coloniae
1319 561 1422 612 apud

461 639 699 677 {lvmnicum
721 664 728 680 ,
760 633 874 672 4539.
909 631 941 668 4.
970 635 1010 668 et
1035 630 1072 666 in
1095 627 1199 678 duos
1219 630 1348 664 tomos
1369 623 1426 661 di-

462 681 641 738 stributa.
673 696 791 734 Priori
824 694 920 732 haec
952 693 1116 730 insunt·

515 761 570 797 De
591 756 810 796 inventione
841 752 1056 791 Dialectica
1095 748 1192 788 libri
1223 748 1297 786 III.
1335 757 1426 786 cum

462 820 620 859 scholiis
649 816 812 864 Alardi,
845 828 880 866 p.
913 817 946 854 4.
980 813 1141 851 Lovanii
1174 821 1244 860 per
1273 807 1428 847 Theod.

460 883 672 922 Martinum
705 879 820 918 4545.
844 877 906 915 fol.
929 877 1030 915 Cum
1057 873 1218 912 scholiis
1243 873 1301 909 Jo.
1335 871 1429 908 Mat-

461 944 567 982 thaei
593 941 842 985 Phrissomii,
866 939 985 976 Paris.
1011 934 1114 985 apud
1150 934 1243 972 Sim.
1276 931 1429 970 Colina-

461 1016 579 1051 cum,
612 1002 726 1041 4529.
759 1001 794 1039 Le.
827 999 917 1037 ibid.
949 996 1052 1047 apud
1085 994 1199 1034 Mich.
1240 994 1426 1031 vascosa-

461 1077 558 1105 num
594 1066 605 1102 4
619 1064 693 1102 533
713 1063 749 1099 8.
767 1061 900 1099 Colon.
928 1058 1040 1097 4527.
1068 1059 1106 1095 4.
1129 1057 1268 1094 Versio
1296 1054 1427 1092 Italica

463 1127 608 1166 Horatii
636 1122 894 1163 Tuscanoliao
915 1120 1058 1171 prodiit
1085 1119 1226 1157 Venet.
1257 1115 1372 1155 4567.
1390 1114 1425 1152 Ii..

460 1189 642 1239 Epitome
654 1186 792 1224 horum
806 1182 1194 1222 Commentariorum
1213 1190 1283 1230 per
1293 1176 1426 1216 Barth.

461 1251 669 1288 Latomum
688 1247 954 1286 Arlunensem
974 1242 1116 1294 prodiit
1137 1239 1373 1280 Basi1A537.
1392 1239 1428 1276 8.

464 1311 559 1361 Lips
604 1308 717 1348 4538.
749 1309 772 1346 8
819 1307 925 1345 Paris
957 1308 970 1344 4
983 1305 1074 1344 542.
1105 1304 1139 1342 8.

516 1369 750 1421 Sinyulares
767 1366 974 1419 aliquotcle
994 1363 1292 1404 universalibus
1303 1374 1427 1415 quae—

464 1434 633 1479 stiones,
664 1434 839 1469 inserlao
871 1435 965 1468 sunt
992 1441 1027 1478 p.
1061 1428 1122 1465 37.

514 1493 649 1533 Alardi
688 1491 1068 1543 Propaesleomatum
1108 1485 1346 1525 Dialecticae
1373 1486 1430 1522 in-

464 1554 653 1595 ventionis
677 1552 909 1604 opusculum
933 1551 982 1589 ad
1008 1551 1113 1588 locos
1137 1548 1341 1598 Agricolae
1366 1557 1429 1584 ac-

466 1615 788 1662 commodatum,
820 1615 1008 1651 inseritur
1034 1623 1070 1661 p.
1100 1611 1190 1648 319,

515 1675 671 1716 Scholia
698 1677 737 1714 in
763 1678 875 1714 Orat.
891 1685 967 1725 pro
986 1674 1081 1722 Leqe
1102 1670 1328 1720 Matidiam.
1342 1669 1407 1707 464
1421 1697 1429 1705 .

852 1764 975 1800 Tomo
1007 1762 1053 1799 ll.

518 1842 702 1893 Aphtonii
726 1842 1080 1892 Proqymnasmata
1118 1837 1236 1876 latine
1264 1847 1384 1876 versa
1413 1848 1433 1873 a

463 1905 562 1945 Rud.
594 1904 804 1954 Agricola,
830 1913 920 1941 cum
954 1901 1114 1939 scholiis
1143 1899 1305 1946 Alardi,
1331 1910 1367 1947 p.
1397 1898 1430 1935 4.

520 1964 723 2004 Prisciani
749 1962 1181 2008 Praeeoeercitamenta,
1203 1972 1251 1998 ex
1274 1961 1435 1998 llermo⁴

467 2039 568 2078 gene
593 2026 798 2069 translata,
823 2036 914 2064 cum
941 2024 1073 2062 scoliis
1097 2022 1289 2073 Ejusdem
1306 2032 1341 2071 p.
1367 2019 1432 2058 77.

521 2089 561 2127 L.
578 2087 734 2125 Annaei
747 2088 916 2125 Senecae
939 2083 1245 2123 Declamationes
1265 2081 1430 2133 aliquot,

467 2160 561 2189 cum
594 2148 755 2187 scholiis
786 2147 1015 2197 Agricolae,
1046 2147 1109 2182 90.
1126 2146 1240 2183 Basil.
1262 2145 1377 2183 4529.
1393 2144 1428 2182 8.

467 2210 569 2261 apud
601 2209 817 2248 Bebelium.

523 2270 659 2309 Oratio
688 2270 734 2308 (Ie
759 2269 953 2307 charitate
979 2267 1145 2316 Christi,
1169 2279 1204 2317 p.
1236 2269 1323 2306 448.

522 2332 660 2370 Oratio
690 2331 729 2369 in
755 2330 911 2369 laudern
938 2329 1130 2369 Matthiae
1155 2328 1321 2379 Richili,
1344 2340 1428 2380 pag.

467 2393 555 2433 438.
586 2394 722 2432 Colon.
754 2393 869 2431 4529.
899 2393 935 2430 8.

522 2454 657 2493 Oratio
687 2454 726 2492 in
752 2453 907 2492 laudem
934 2452 1209 2505 Philosophiae
1233 2484 1241 2501 ,
1273 2465 1307 2503 p.
1341 2452 1429 2492 444.

519 2515 656 2554 Oratio
669 2514 943 2566 yratulatoria
957 2544 963 2561 ,
979 2526 1054 2566 pro
1073 2515 1223 2553 Joanne
1242 2514 1433 2554 Camera-

466 2576 531 2614 rio
583 2575 798 2627 Dalburgyio
821 2608 829 2624 ,
877 2576 1066 2627 Episcopo
1124 2575 1405 2616 Wormatiensi
1424 2607 1432 2623 ,

467 2637 572 2677 (licta
595 2638 815 2676 Innocentio
844 2638 948 2676 VIII.
977 2639 1016 2676 P.
1044 2639 1094 2676 M.
1119 2650 1154 2688 p.
1183 2638 1268 2677 463.
1292 2648 1432 2676 omnes

466 2711 557 2738 cum
589 2699 752 2738 scholiis
782 2699 927 2738 Alardi.

519 2760 581 2799 Ad
605 2760 884 2799 Aleoeandrum
911 2761 1067 2800 Maced.
1106 2763 1247 2811 Reqem
1274 2762 1430 2800 Demos-

469 2821 595 2861 thenis
619 2827 658 2861 et
701 2821 903 2861 AEschinis
941 2821 1215 2862 oratiunculae
1256 2821 1430 2874 aliquot,

469 2884 589 2922 latine
622 2895 789 2932 versae,
822 2896 858 2934 p.
891 2884 979 2924 474.

522 2944 722 2995 Epistolae
750 2945 797 2984 ad
830 2946 1041 2993 diversos,
1073 2957 1107 2996 p.
1142 2947 1229 2984 474.

524 3006 712 3046 Isocratis
753 3006 808 3044 act
855 3006 1106 3046 Demonicum
1160 3006 1398 3046 Paraenesis
1422 3038 1429 3052 ,

471 3065 536 3102 lat.
570 3077 683 3106 versa
705 3098 714 3115 ,
744 3080 780 3117 p·
806 3069 897 3108 225.
927 3079 1019 3107 cum
1046 3068 1232 3108 llistichis
1259 3069 1432 3108 Catonis.

472 3129 511 3161 et
552 3126 637 3164 aliis
681 3128 906 3179 hujusmodi
953 3131 1124 3181 scriptis.
1167 3130 1286 3169 Paris.
1329 3129 1430 3180 apud

476 3184 707 3226 Asc-ensium
734 3190 847 3228 4533.
879 3192 913 3229 8.

532 3244 625 3289 Ejus
643 3247 794 3288 libellus
811 3251 856 3289 (lc
874 3264 991 3299 reqno
1007 3252 1060 3290 ad
1077 3252 1428 3303 .v2'coctem,1›.236.

1554 372 1733 412 Platonis
1773 372 2007 421 Aoeiochus,
2046 373 2092 411 de
2137 383 2213 410 non
2255 369 2464 410 metuenda

1499 438 1642 481 morte,
1673 445 1758 484 pag.
1789 433 1879 472 258.

1530 494 1695 534 Luciani
1719 493 1884 541 Gallus,
1915 505 1953 544 p.
1981 494 2076 534 276.
2116 495 2212 534 haec
2255 494 2330 532 tria
2370 503 2462 533 oum

1500 556 1660 595 scholiis
1689 554 1835 594 Alardi.

1560 615 1773 663 Carmina,
1805 626 1889 666 pag.
1920 615 2010 658 294.

1559 677 1693 717 Scolia
1723 676 1762 716 in
1792 676 2014 726 Boethium,
2041 689 2140 729 quae
2169 679 2252 719 Val.
2287 678 2468 719 Andreas

1502 744 1721 785 memorat,
1768 739 1805 776 in
1839 738 1899 776 his
1928 739 2111 789 operibus
2141 751 2218 783 non
2249 733 2460 783 habentur.

1503 801 1638 840 Colon.
1653 812 1713 851 ap.
1732 800 2036 848 Cervicornum,
2053 801 2332 845 ⁴535.8.Basii.
2351 802 2468 842 4570.

1564 861 1783 903 Historiola
1827 861 1873 900 de
1925 872 2139 913 conyressu.
2178 863 2376 905 Fridericz·
2398 863 2470 902 ῙΙΙ.

1510 925 1607 974 Imp.
1648 927 1685 962 et
1718 922 1854 963 Caroli
1899 922 2153 974 Burqundine
2202 924 2320 968 Ducis
2361 922 2504 976 apud'

1515 986 1706 1025 Treveros
1739 997 1773 1024 a.
1814 984 1928 1024 4474.
1958 997 1978 1023 e
2008 985 2155 1031 Gallico
2192 996 2309 1027 versa
2337 989 2470 1025 exstat

1505 1047 1610 1098 apud
1641 1047 1858 1086 Freherum
1891 1047 1929 1086 S.
1958 1048 2003 1086 R.
2031 1046 2165 1085 Germ.
2196 1047 2353 1098 t*11.p.
2380 1048 2470 1086 455.

1564 1108 1650 1147 Vita
1673 1109 1713 1147 S.
1738 1107 1899 1155 Jocloci,
1925 1108 2103 1147 carmine
2135 1107 2320 1154 heroico,
2349 1111 2390 1148 et
2418 1107 2472 1146 al-

1501 1176 1585 1209 tera
1615 1171 1653 1210 S.
1680 1169 1818 1208 Annae
1847 1170 2023 1207 carmine
2055 1169 2237 1220 elegiaco
2259 1168 2471 1220 descripta,

1499 1233 1644 1281 legitur
1674 1235 1843 1280 utraque
1873 1229 1976 1280 apud
2007 1230 2235 1269 Cornelium
2269 1230 2473 1270 Schultin-

1500 1294 1606 1344 glum
1638 1292 1820 1331 Biblioth.
1853 1292 2004 1330 Eccles.
2036 1295 2130 1330 tom.
2161 1291 2209 1332 ΙΙ.

1560 1355 1644 1393 Vita
1688 1352 1904 1392 Francisci
1946 1352 2188 1406 Petrarohae
2216 1384 2227 1402 ,
2286 1352 2335 1392 ad
2378 1351 2472 1395 Ant.

1502 1416 1771 1467 Sirophinium
1791 1416 1931 1465 Papiae
1949 1426 1982 1454 a.
2004 1413 2117 1454 4477.
2136 1415 2283 1464 scripta
2296 1445 2305 1462 ,
2325 1414 2471 1464 legitur

1503 1479 1540 1515 in
1571 1478 1745 1526 Collegio
1767 1477 1878 1526 Viglii
1910 1476 2107 1516 Zuiohemi
2140 1476 2328 1524 Lovanii,
2357 1479 2401 1515 ut
2429 1479 2469 1513 ct

1505 1539 1693 1577 nonnulla
1719 1539 1792 1576 alia
1819 1537 1998 1587 ejusdem
2029 1536 2236 1587 Rudolphi.

1556 1599 1678 1638 Addit
1703 1599 1950 1638 Trithemius
1980 1599 2150 1637 vertisse
2189 1609 2236 1636 ex
2286 1597 2473 1641 Hebraico

1505 1660 1769 1700 psalterium:
1799 1673 1846 1699 ex
1894 1659 2046 1699 Graeco
2085 1657 2264 1710 Dionysii
2296 1658 2472 1709 Areopa-

1499 1722 1604 1772 91'tae
1628 1733 1768 1772 opera,
1794 1722 1862 1760 sed
1887 1725 2012 1760 morte
2037 1724 2300 1771 praeventum
2326 1731 2370 1758 ea
2398 1720 2469 1757 im-

1503 1783 1676 1833 perfecta
1701 1783 1923 1832 reliquisse.
1950 1783 2053 1821 Haec
2070 1781 2153 1819 Val.
2177 1780 2384 1829 Andreas,
2404 1791 2473 1820 cu-

1499 1843 1568 1894 jus
1610 1843 1710 1882 addo
1755 1843 1852 1883 Bibl.
1905 1843 2100 1894 Belgicam
2146 1841 2252 1885 MSS.
2301 1853 2337 1892 p.
2382 1841 2473 1881 244.

1509 1903 1740 1945 Familiares
1786 1902 1962 1955 Epistola
2002 1901 2286 1954 Antverpiensi
2319 1901 2474 1942 scholae

1510 1964 1856 2013 abrenunciantes,
1893 1966 2072 2016 Hymnus
2095 1962 2142 2002 de
2162 1961 2343 2008 omnibus
2373 1965 2474 2008 San-

1510 2026 1594 2074 ctis,
1615 2030 1652 2064 et
1671 2028 1808 2065 Sermo
1828 2025 2019 2078 prolia-us
2040 2024 2095 2063 ad
2111 2024 2272 2067 Clarum
2291 2025 2332 2067 in
2356 2025 2473 2079 Capi-2

1509 2087 1589 2126 tulo
1609 2093 1750 2126 extant
1780 2089 1817 2125 in
1850 2088 1946 2127 Bibl.
1983 2086 2159 2126 coenobii
2197 2088 2403 2129 parcensis
2433 2089 2470 2126 iu

1508 2150 1665 2199 Belgio,
1708 2154 1812 2188 teste
1854 2148 1992 2193 eodem
2025 2149 2070 2187 ll.
2100 2160 2135 2198 p.
2178 2147 2265 2187 472.
2296 2148 2472 2199 Epistola

1507 2210 1554 2249 (le
1581 2209 1792 2263 formando
1829 2209 1958 2251 studio
1987 2221 2020 2249 a.
2054 2210 2168 2250 4484.
2202 2206 2355 2260 Scripta
2387 2221 2474 2260 pro-

1508 2272 1580 2310 diit
1622 2284 1712 2311 cum
1758 2271 2048 2312 Melancthonis
2085 2269 2134 2309 de
2179 2274 2263 2309 arte
2292 2269 2472 2319 dicendi,

1507 2340 1548 2372 et
1567 2335 1654 2373 aliis
1672 2332 1900 2384 hujusmodi
1918 2327 2146 2383 opuseulis,
2170 2331 2334 2372 witieb.
2358 2330 2473 2373 4524.

1510 2396 1692 2444 45328.
1724 2395 1840 2434 Basil.
1868 2394 1983 2434 4534.
2016 2394 2052 2432 8.
2084 2394 2204 2437 Paris.
2242 2393 2346 2445 apud
2377 2393 2472 2437 Rob.

1508 2458 1758 2508 Stephanum
1791 2456 1906 2495 4527.
1937 2457 1974 2494 8.
2002 2455 2065 2500 ubi
2087 2455 2230 2500 titulus
2249 2459 2312 2494 est
2325 2454 2372 2495 de
2391 2453 2475 2507 for-

1508 2517 1665 2558 mandis
1680 2516 1836 2557 studiis.
1847 2519 1964 2556 Porro
1972 2515 2108 2556 Colon.
2120 2528 2190 2568 per
2199 2516 2475 2557 Euchar.cer-

1511 2581 1732 2628 vicornum,
1752 2579 1867 2618 4532.
1883 2579 2099 2628 8.separat.
2115 2577 2421 2629 Lugdunii539.
2441 2579 2475 2617 4.

1562 2639 1865 2680 RUDOLPHUS
1906 2638 2093 2690 Ayricola
2120 2639 2282 2689 junior,
2314 2640 2473 2685 natione

1509 2704 1686 2743 Rhaetus
1704 2733 1714 2752 ,
1743 2703 1861 2741 Poeta
1891 2702 2125 2740 Laureatus.
2154 2700 2254 2752 Ejus
2295 2704 2385 2740 nota
2413 2704 2478 2745 est,

1509 2763 1687 2814 Epistola
1715 2763 1762 2802 ad
1789 2761 1923 2801 Joaoh.
1956 2760 2180 2807 Vadianum
2223 2761 2270 2806 de
2302 2760 2477 2802 locorum
2532 2800 2533 2805 ,

1507 2824 1786 2864 nonnullorum
1821 2821 2065 2863 obscuritate
2095 2834 2187 2863 oum
2219 2824 2477 2874 responsione
2532 2859 2533 2863 ,

1509 2885 1698 2934 vadiani,
1730 2885 1844 2925 4545.
1878 2885 1914 2924 4.
1942 2886 2027 2923 sine
2059 2885 2157 2924 loco.
2188 2885 2288 2925 Cum
2315 2885 2480 2934 Pompo—
2532 2912 2533 2927 2

1510 2948 1574 2984 nio
1602 2947 1698 2985 Mola
1717 2975 1726 2993 ,
1753 2947 1880 2985 Lutot.
1917 2946 2031 2984 4530.
2065 2946 2127 2990 fol.
2174 2944 2476 2996 Conqratulatio
2531 2935 2533 2986 f

1508 3006 1561 3045 ad
1607 3005 1902 3057 Sissismumlum
1946 3005 1992 3045 cle
2029 3004 2276 3058 Ebersteyn,
2309 3008 2473 3055 (verum

1510 3079 1653 3108 nomen
1685 3072 1748 3106 est
1770 3066 2050 3116 I-Ierberstein)
2078 3066 2365 3112 Consiliarium
2394 3066 2476 3106 Ma*

1507 3128 1708 3168 oeimiIiani
1735 3129 1927 3169 Caesaris
1945 3161 1955 3178 ,
1979 3128 2152 3180 feliciter
2175 3128 2346 3174 Moschis
2366 3137 2476 3166 reve-

1509 3203 1595 3229 sum
1612 3223 1622 3239 ,
1648 3192 1862 3230 Crncovino
1894 3192 2009 3234 4548.

1564 3253 1860 3292 nunom‘llus
1887 3251 1932 3290 de
1958 3249 2227 3302 Brninswyclt
2263 3249 2301 3290 in
2325 3248 2473 3288 Psalle-
