2533 4009
434 286 485 324 96

478 355 786 399 NEVELONIS.
818 350 1073 400 Corbejensis
1089 351 1291 399 Monaclii,
1318 364 1385 390 va-

427 421 481 456 ria
510 420 666 456 l'atrum
694 417 773 454 loca
801 416 836 451 in
865 412 962 451 Bibl.
989 413 1382 463 Sangormannianae

425 480 566 518 Codice
597 478 684 516 39'4.
708 478 807 514 lecta
840 476 876 511 in
908 472 1064 523 Cangio.

479 541 499 562 ¹⁵
527 540 693 587 Scripsit
723 538 870 586 pariter
901 535 1225 585 Martyrologium
1262 536 1379 574 simul

426 609 465 640 et
495 600 766 647 Necrologium
799 599 835 634 in
866 608 944 646 quo
969 598 1127 634 nomina
1153 607 1289 635 eorum
1317 608 1382 648 ap-

423 649 590 714 parent]
619 661 685 709 qui
730 659 927 697 abbatiam
969 658 1250 697 Corbeiensem
1296 660 1379 698 suis

423 721 695 768 largitionibus
725 720 916 759 ditarunt.
937 720 1258 769 Martyrologium
1285 731 1379 758 vero

426 785 522 822 nihil
549 795 638 821 esse
667 782 771 821 aliud
804 793 923 832 qnam
955 782 1154 831 epitomen
1177 782 1378 831 amplioris

425 846 690 895 martyrologii
717 843 868 883 Adonis
896 843 1132 881 Viennensis
1158 843 1379 890 affirmanii⁷

423 908 570 958 quibus
599 907 808 945 consulere
840 907 877 942 in
908 907 984 943 MS.
1028 903 1172 943 Codice
1207 915 1307 953 opus
1339 905 1381 941 il-

425 969 490 1008 lud
521 969 657 1007 datum
699 968 783 1006 fuit.
814 966 910 1004 Vide
954 966 1149 1004 Auctores
1191 966 1382 1003 Historiae

424 1033 543 1070 litter.
584 1031 757 1069 Gallicae
800 1030 898 1066 Vlll.
931 1029 1019 1066 594.
1051 1027 1117 1076 qui
1149 1030 1189 1063 et
1220 1030 1383 1064 monent

425 1095 575 1132 vixisse
605 1092 847 1132 Neveloncm
878 1091 981 1128 circa
1011 1088 1083 1126 An.
1115 1088 1230 1126 4096.
1255 1087 1276 1109 ³*

476 1153 710 1194 Ambrosius
740 1151 996 1191 MCANDER
1034 1151 1251 1188 Toletanus
1280 1161 1387 1189 com-

424 1218 633 1256 mentitius
672 1217 790 1253 Poeta
834 1215 927 1251 noni
974 1216 1018 1251 ut
1064 1212 1220 1261 fingunt
1263 1213 1386 1251 seculi

423 1285 462 1316 et
491 1279 661 1328 scriptor
690 1275 880 1327 martyrii
902 1276 942 1314 S.
962 1273 1190 1325 Cyriacide
1209 1285 1287 1324 quo
1304 1275 1385 1312 Nic.

424 1341 622 1379 Antonius
652 1342 688 1377 in
720 1339 819 1378 Bibl.
850 1349 951 1376 nova
983 1338 1153 1387 llispana
1184 1341 1210 1373 t.
1247 1337 1260 1374 4
1299 1347 1387 1386 pag.

425 1404 487 1442 53.
518 1414 600 1452 seq.
632 1405 671 1439 et
698 1401 846 1438 veteris
876 1404 971 1436 tom.
1004 1400 1037 1436 4.
1070 1408 1156 1448 pag.
1188 1397 1278 1435 372.
1303 1408 1386 1447 seq.

425 1466 487 1503 ubi
517 1461 805 1502 hecatostichon
836 1461 890 1499 illi
920 1460 1141 1498 tributum.
1189 1458 1237 1497 de
1281 1458 1380 1497 aede

426 1525 657 1564 Lauretina.

475 1587 708 1626 MCASIUS
752 1585 799 1624 de
846 1585 994 1632 Voerd,
1040 1585 1126 1622 sive
1173 1581 1382 1621 Vordanus

422 1649 716 1688 Mecbliniensis
762 1648 1055 1692 Brabantinus,
1104 1647 1206 1683 inter
1248 1654 1388 1682 coecos

421 1710 602 1748 eruditos
632 1708 928 1755 memorabilis,
961 1706 1162 1746 Sacerdos
1193 1710 1233 1743 et
1264 1705 1390 1742 Theo-

423 1773 545 1821 logiae
566 1782 610 1809 ac
639 1770 748 1808 Juris
777 1770 966 1807 Canonici
998 1770 1141 1807 Doctor
1170 1767 1388 1805 defunctus

423 1834 607 1871 Coloniae
633 1832 708 1870 An.
740 1831 858 1870 4492.
886 1832 942 1869 De
972 1842 1018 1868 eo
1043 1829 1287 1867 Tritbemius
1303 1839 1391 1878 cap.

423 1895 512 1933 876.
544 1894 592 1932 de
624 1895 661 1933 S.
693 1894 736 1932 F..
769 1898 809 1931 et
845 1892 894 1930 de
925 1891 1196 1931 luminaribus
1225 1890 1389 1928 Germa-

426 1957 511 1994 niae
542 1967 626 2005 cap.
656 1954 746 1994 234.
778 1954 958 1993 Valerius
991 1952 1181 1992 Andreas
1211 1964 1248 2002 p.
1297 1950 1385 1988 678.

424 2019 648 2056 Sweertius
679 2028 766 2067 pag.
797 2016 886 2055 574.
931 2021 1006 2053 etc.
1045 2016 1144 2064 EJ‘us
1188 2024 1313 2052 casus
1352 2016 1390 2051 et

421 2077 695 2118 commentarii
716 2078 756 2115 in
780 2079 801 2116 I
807 2079 845 2117 V.
892 2076 1014 2116 libros
1053 2075 1384 2122 Institutionum,

423 2152 524 2192 quos
553 2141 737 2180 Coloniae
763 2144 927 2178 centum
965 2140 1140 2189 amplius
1188 2137 1389 2177 auditores

422 2216 471 2242 ex
501 2204 589 2253 ejus
618 2215 683 2241 ore
714 2214 933 2253 excepere,
967 2201 1203 2252 prodierunt
1248 2198 1389 2238 Colon.

425 2267 538 2304 4493.
570 2267 723 2315 Lipsiae
755 2266 870 2303 4544.
905 2264 1026 2310 Lugd.
1054 2263 1172 2302 4566.
1195 2261 1257 2299 fol.
1277 2259 1386 2298 Idem

422 2329 582 2366 Lovanii
613 2327 829 2377 explicavit
848 2326 916 2364 IV.
938 2323 1062 2363 libros
1081 2322 1387 2363 Sententiarum.

423 2394 460 2428 et
488 2389 743 2438 Quaestiones
772 2388 914 2427 varias
944 2387 1168 2437 disputavit
1198 2386 1235 2422 in
1268 2383 1390 2421 Scho-

424 2453 498 2499 iis,
552 2452 762 2500 variosque
807 2451 1017 2489 Sermones
1059 2458 1195 2486 sacros
1238 2445 1388 2483 habuit.

423 2511 557 2551 Arbor
589 2511 985 2562 Consanquznitatis,
1028 2508 1262 2563 affinitatis,
1303 2518 1392 2544 con-

422 2574 782 2625 sanquinitatzsque
815 2571 1042 2623 spiritualis
1083 2582 1174 2610 cum
1223 2568 1386 2620 apostil—

485 2753 517 2788 a‘,
542 2752 683 2782 Panlino
707 2756 738 2782 et
762 2752 834 2783 aliis
849 2775 860 2789 ,
885 2753 986 2782 etiam
1002 2753 1034 2781 in
1050 2748 1220 2781 nonnullis
1238 2747 1399 2780 Gennadii

429 2801 607 2832 codicibus
636 2803 760 2832 rectius
783 2802 943 2832 Nicetes.
965 2800 1046 2830 Vide
1059 2799 1305 2830 Tillemoutium
1320 2801 1400 2828 tom.

427 2853 464 2882 X.
491 2852 696 2881 memoriam.
721 2858 796 2890 pag.
820 2849 892 2880 621.
920 2857 987 2887 seq.
1011 2851 1090 2879 Acta
1112 2850 1264 2879 sanctor.
1304 2850 1328 2877 t.
1364 2845 1396 2876 4.

429 2905 506 2932 lun.
530 2900 582 2930 22.
611 2908 686 2940 pag.
710 2899 782 2931 945.

490 2950 525 2986 h)
549 2950 787 2981 Romacianam
810 2949 931 2979 Dociae
954 2947 1214 2978 mediterraneae
1250 2943 1398 2982 intellige

429 3000 523 3039 cujus
548 3002 584 3029 ut
603 3003 634 3030 et
657 3000 777 3030 Daciae
803 2998 957 3037 Ripensis
980 2997 1162 3034 Episcopus
1185 2994 1313 3024 Nicetas
1338 2995 1399 3022 An.

428 3048 502 3079 59-2.
529 3048 681 3079 interfuit
698 3047 970 3080 condemnationi
989 3044 1108 3075 Bonosi
1123 3042 1205 3073 Vide
1224 3041 1400 3072 Tillemon-

427 3099 510 3128 tium
538 3105 612 3136 pag.
637 3097 710 3128 62:²2.
735 3100 768 3127 ct
788 3097 928 3134 Pagium
953 3093 992 3124 ad
1016 3096 1076 3123 An.
1104 3090 1179 3123 569.
1196 3091 1248 3120 Vl.
1269 3097 1338 3128 seq.

487 3147 519 3183 c)
544 3148 788 3186 Competentes
813 3152 853 3176 ex
877 3142 1147 3175 catechumensis
1171 3143 1272 3178 atque
1295 3137 1399 3168 Audi-

430 3195 562 3225 entibus
586 3196 805 3233 dicebantur,
833 3195 890 3233 qui
919 3196 993 3232 post
1022 3191 1262 3222 intructionem
1303 3185 1398 3217 Fidei

423 3244 490 3282 jam
513 3248 607 3274 erant
630 3245 792 3283 Baptismi
822 3242 1010 3274 Candidati.
1048 3241 1129 3271 Vide
1165 3239 1327 3277 Cangium
1363 3239 1395 3266 et

426 3292 557 3330 soscphi
585 3294 798 3324 vicecomitis
821 3293 860 3322 de
878 3291 998 3321 ritibus
1022 3290 1179 3328 Baptismi
1206 3287 1261 3318 lib.
1278 3287 1297 3316 ‘2
1320 3293 1396 3323 cap.

429 3340 440 3371 1
463 3348 531 3380 seq.
547 3342 676 3373 Nicetae
692 3341 794 3372 libelii
810 3339 906 3370 hodie
924 3347 990 3370 non
1005 3341 1146 3369 exstant:
1162 3337 1320 3368 habemus
1337 3342 1399 3365 au-

428 3395 493 3420 tem
516 3389 660 3429 ejusdem
683 3391 867 3430 argumenti
899 3388 1091 3419 catecheses
1127 3384 1239 3423 cyrilli
1276 3385 1392 3414 Hiero-

1212 280 1648 320 NEVELONis

1460 351 1672 391 lationibus
1703 349 1815 399 May.
1837 350 2027 392 Johamzis
2057 352 2226 392 Stehelin
2247 383 2255 403 ‚
2273 353 2415 404 prodiit

1458 415 1591 454 Colon.
1624 412 1739 451 4508.
1774 412 1807 449 4.
1838 416 1879 450 et
1892 415 1976 452 sine
1991 426 2094 454 anno
2111 426 2155 453 ac
2180 416 2283 462 loco,
2304 425 2416 465 prae-

1458 477 1626 514 missum
1657 475 1833 512 auctoris
1856 475 2102 525 epitaphium
2133 477 2417 515 habensaRu-

1457 536 1594 587 dolplio
1624 534 1782 585 Lanqi0.
1814 535 1983 584 Scripsit
2015 544 2055 576 et
2085 538 2132 577 ad
2167 549 2255 585 me,
2287 538 2416 587 inquit

1457 599 1721 645 Trithemius,
1752 596 1946 646 quasdam
1968 609 2044 635 non
2062 601 2307 649 inelegantes
2324 599 2417 649 Epi-

1455 660 1601 703 stolas‚
1633 661 1670 696 in
1702 669 1881 709 quarum
1913 668 1993 696 una
2023 661 2120 698 satis
2147 662 2303 711 copiosa
2333 671 2415 698 om-

1451 732 1539 758 nem
1571 721 1776 758 historiam
1809 720 1991 758 fortunae.-
2039 731 2137 759 suae
2183 723 2413 770 contexuit,

1453 787 1494 819 et
1522 784 1552 820 si
1584 782 1785 832 praedicta
1815 781 2011 831 opuscula
2042 781 2230 830 fecisset,
2251 785 2417 821 interro-

1454 847 1568 892 gatus
1586 843 1737 893 pridem
1753 844 1774 881 a
1793 853 1869 891 me⁷
1888 842 2092 881 humiliter
2106 843 2312 882 confessus
2330 845 2415 882 fuit.

1509 904 1704 952 NlCEAS,
1723 905 1756 953 a)
1776 904 2042 944 Romacianae
2063 905 2100 953 b)
2123 903 2305 944 Civitatis
2325 907 2418 957 Epi-

1460 975 1602 1016 scopus
1629 994 1637 1013 ,
1669 965 1888 1016 composuit
1913 964 2086 1016 simplici
2120 968 2157 1003 et
2187 965 2308 1004 nitido
2336 978 2419 1006 ser-

1459 1037 1570 1064 mone
1594 1027 1915 1076 competentibus
1947 1026 1994 1065 ad
2028 1027 2275 1077 Baptismum
2301 1028 2334 1076 c)
2359 1029 2421 1066 ln-

1461 1089 1694 1126 struetionis
1737 1088 1890 1126 libellos
1937 1099 2034 1127 sex:
2069 1089 2110 1126 in
2132 1087 2276 1139 quibus
2304 1089 2422 1127 conti·

1460 1154 1524 1187 net
1541 1151 1692 1199 primus
1711 1148 1885 1201 qualiter
1903 1160 1944 1188 se
1963 1147 2132 1188 debeant
2146 1147 2292 1189 habere
2310 1149 2422 1189 Com-

1456 1215 1629 1263 petentes
1649 1212 1720 1262 qui
1741 1210 1795 1248 ad
1824 1210 2020 1261 Baptismi
2039 1211 2216 1262 qratiam
2254 1211 2418 1263 cupiunt

1456 1272 1680 1323 pervenire.
1708 1273 1917 1312 Secundus
1956 1276 2017 1310 est
2048 1272 2094 1310 de
2126 1272 2333 1312 Gentilatis
2361 1284 2424 1311 er-

1461 1332 1653 1372 roribus:
1686 1334 1724 1372 in
1751 1345 1827 1385 quo
1857 1333 1952 1372 dicit
1978 1345 2049 1372 suo
2083 1345 2210 1385 paene
2253 1337 2423 1386 tempore

1464 1395 1680 1434 Melodium
1703 1395 1739 1443 d)
1764 1394 1960 1446 quendam
1975 1407 2146 1446 paerem
2169 1394 2347 1447 familias
2376 1393 2423 1432 ob

1463 1455 1749 1503 liberalitatem,
1768 1460 1807 1494 et
1833 1455 2046 1495 Gadarium
2067 1455 2265 1495 rusticum
2281 1454 2328 1494 ob
2340 1454 2423 1508 for-

1464 1517 1621 1556 tidinem
1648 1517 1699 1556 ab
1725 1517 1900 1556 Ethnicis
1932 1529 2016 1557 esse
2046 1517 2150 1556 inter
2180 1519 2279 1557 Deos
2316 1521 2426 1557 tran-

1464 1579 1598 1619 slatos.
1614 1581 1772 1618 Tertius
1799 1577 1899 1618 liber
1920 1579 1966 1618 (le
1985 1579 2062 1631 sicle
2085 1579 2227 1619 unicae
2240 1580 2425 1631 Majesta-

1465 1641 1525 1680 tis.
1545 1643 1720 1688 Quartus
1738 1640 1934 1680 adversus
1953 1640 2288 1692 Genetlzloloqiam
2303 1642 2426 1688 Quin-

1467 1707 1532 1741 tus
1561 1702 1607 1741 sle
1638 1702 1818 1754 symbolo
1847 1704 1881 1751 e)
1909 1704 2056 1742 Sextus
2074 1703 2122 1742 de
2141 1705 2230 1754 agni
2259 1703 2427 1742 Pascha-

1467 1765 1514 1802 lis
1542 1764 1717 1802 victima.
1748 1763 1883 1803 Edidit
1911 1764 2016 1803 etad
2048 1765 2198 1815 lapsam
2229 1765 2423 1816 virginem

1463 1823 1636 1863 libellum
1655 1826 1670 1863 f
1682 1827 1690 1874 )
1705 1836 1832 1875 paene
1848 1823 2026 1863 omnibus
2043 1824 2283 1873 labentibus,
2299 1837 2427 1864 emen-

1470 1886 1640 1926 dationis
1669 1886 1922 1926 zncentivum.
1941 1888 2044 1926 Haec
2068 1887 2116 1925 de
2140 1888 2255 1926 Nicea
2271 1885 2430 1925 Genna-

1465 1948 1556 1987 dius
1586 1960 1618 1987 e.
1650 1950 1711 1988 22.
1745 1953 1865 1999 atquc
1895 1960 1943 1987 ex
1977 1960 2022 1987 eo
2051 1949 2246 1988 Honorius
2270 1948 2317 1987 11.
2359 1948 2425 1988 22.

1463 2015 1503 2049 et
1532 2011 1777 2049 Tritbemius
1806 2022 1890 2060 cap.
1924 2011 1985 2050 48.

1516 2071 1738 2111 NlCETAS
1783 2071 2054 2126 Aquileiensis
2093 2072 2340 2123 Episcopus,
2377 2072 2427 2111 ad

1463 2146 1582 2184 quem
1612 2135 1791 2184 Epistola
1823 2132 2017 2173 LXXVll.
2045 2133 2190 2172 Leoms
2214 2134 2339 2184 Magni
2355 2133 2426 2173 da-

1464 2200 1503 2234 ta
1529 2196 1602 2233 An.
1631 2197 1718 2234 458.
1746 2195 1836 2234 vide
1860 2195 2122 2241 Quesnellum
2154 2194 2202 2234 ad
2229 2196 2427 2234 Leonnem

1464 2263 1504 2296 et
1527 2258 1666 2296 Norisii
1698 2257 1792 2294 hist.
1823 2257 2075 2308 pelagianam
2101 2257 2155 2295 lib
2194 2257 2218 2295 2
2249 2267 2333 2307 cap.
2364 2256 2427 2295 42.

1465 2331 1549 2370 pag.
1578 2319 1667 2358 406.

1518 2380 1739 2420 NlCETAS
1756 2380 1978 2429 Dacianus,
2000 2379 2135 2418 itidem
2160 2391 2252 2418 cum
2273 2378 2427 2419 NICEA

1464 2441 1512 2479 de
1543 2452 1622 2491 quo
1648 2452 1786 2491 supra.

1518 2502 1735 2542 NlCETAS
1751 2503 1991 2553 Episcopus,
2008 2500 2126 2552 cujus
2142 2502 2288 2551 scripta
2305 2511 2426 2551 quae-

1467 2565 1557 2603 dam
1585 2576 1706 2603 manu
1735 2568 1896 2603 exarata
1935 2565 1974 2601 in
2007 2562 2143 2603 codice
2182 2562 2428 2613 Pomposiani

1464 2744 1525 2775 soi.
1549 2747 1582 2774 et
1606 2744 1746 2774 loannis
1770 2742 2007 2780 chrysostomi.

1521 2793 1555 2830 d)
1579 2791 1627 2822 Al.
1651 2791 1882 2824 Meichidium
1902 2813 1911 2828 ‚
1934 2788 2116 2828 Lelyidum
2142 2787 2372 2826 ,Meladium

1523 2842 1558 2877 e)
1580 2841 1741 2872 Videntur
1755 2839 1821 2870 salli
1837 2841 1893 2877 qui
1917 2839 2006 2869 hunc
2029 2841 2149 2876 putant
2170 2845 2240 2868 esse
2255 2837 2376 2869 librum
2394 2838 2434 2870 de

1466 2890 1619 2929 symbolo
1639 2912 1649 2927 ‚
1673 2890 1730 2928 qui
1756 2887 1877 2927 legitur
1896 2889 1929 2918 in
1954 2886 2139 2926 appendice
2157 2885 2198 2918 ad
2220 2891 2349 2919 tomum
2385 2895 2439 2919 se-

1464 2939 1610 2970 cundum
1633 2940 1777 2977 Operum
1801 2939 1833 2969 S.
1851 2936 2016 2968 Ambrosii
2042 2944 2116 2976 pag.
2139 2935 2305 2968 52¹.edit.
2327 2939 2436 2968 Bene-

1464 2987 1627 3019 nedictin.

1522 3036 1557 3074 s)
1583 3036 1725 3067 Libellus
1749 3036 1847 3067 huius
1871 3036 2059 3075 argumenti
2083 3038 2190 3067 exstat
2214 3035 2300 3066 inter
2314 3036 2344 3066 S.
2362 3037 2434 3066 Hie-

1463 3086 1593 3124 ronymi
1622 3086 1734 3124 Opera
1756 3089 1789 3116 et
1812 3087 1839 3115 S.
1866 3084 2031 3115 Ambrosii
2057 3088 2142 3115 tom.
2174 3084 2207 3114 2.
2245 3091 2322 3123 pag.
2359 3084 2422 3115 505

1464 3135 1536 3166 Sed.
1561 3136 1750 3173 Hieronymi
1774 3142 1844 3166 esse
1868 3133 1920 3165 illc
1943 3142 2010 3165 non
2034 3137 2166 3173 potest,
2192 3141 2269 3165 cum
2303 3136 2433 3165 auctor.

1461 3193 1495 3214 se
1520 3185 1636 3223 prodat
1657 3185 1871 3223 Episcopum.
1894 3186 1925 3215 S.
1953 3182 2163 3215 Ambrosium
2185 3182 2269 3213 nihil
2284 3186 2374 3213 vetat
2390 3182 2431 3214 de

1461 3233 1574 3264 eodem
1595 3237 1791 3272 argumento
1814 3234 1994 3272 scripsisse
2012 3255 2022 3270 ‚
2046 3233 2096 3263 uti
2112 3231 2189 3263 seclt
2207 3233 2308 3263 etiam
2325 3234 2355 3262 S.
2374 3234 2434 3263 Ba-

1459 3282 1565 3313 silius.
1590 3284 1715 3313 Omitto
1739 3281 1828 3321 quod
1853 3282 2095 3313 Novatianismi
2135 3281 2289 3320 arguitur
2331 3280 2432 3321 hujus

1463 3335 1578 3362 auctor
1604 3331 1701 3362 libelli
1726 3329 1742 3361 a
1767 3333 1945 3363 possevino
1972 3334 2004 3362 et
2027 3329 2101 3361 aliis
2123 3328 2204 3361 Vide
2221 3328 2330 3361 oudin
2346 3333 2431 3362 tom.

1462 3380 1472 3410 1
1494 3388 1565 3420 pag.
1592 3380 1683 3412 1949.
1709 3381 1799 3412 1950.
