<?xml version="1.0" encoding="UTF-8"?>
<!DOCTYPE html PUBLIC "-//W3C//DTD XHTML 1.0 Transitional//EN"
    "http://www.w3.org/TR/xhtml1/DTD/xhtml1-transitional.dtd">
<html xmlns="http://www.w3.org/1999/xhtml" xml:lang="en" lang="en">
 <head>
  <title>
</title>
<meta http-equiv="Content-Type" content="text/html;charset=utf-8" />
  <meta name='ocr-system' content='tesseract 3.04.00' />
  <meta name='ocr-capabilities' content='ocr_page ocr_carea ocr_par ocr_line ocrx_word'/>
</head>
<body>
  <div class='ocr_page' id='page_1' title='image "./bibliothecalatin05fabruoft/bibliothecalatin05fabruoft_0557.png"; bbox 0 0 2517 4009; ppageno 0'>
   <div class='ocr_carea' id='block_1_1' title="bbox 950 216 1243 259">
    <p class='ocr_par' dir='ltr' id='par_1_1' title="bbox 950 216 1243 259">
     <span class='ocr_line' id='line_1_1' title="bbox 950 216 1243 259; baseline -0.003 -1"><span class='ocrx_word' id='word_1_1' title='bbox 950 216 1243 259; x_wconf 82' lang='lat' dir='ltr'><strong>TiloMAS</strong></span> 
     </span>
    </p>
   </div>
   <div class='ocr_carea' id='block_1_2' title="bbox 48 288 1077 3353">
    <p class='ocr_par' dir='ltr' id='par_1_2' title="bbox 99 288 1060 407">
     <span class='ocr_line' id='line_1_2' title="bbox 99 288 1060 345; baseline -0.002 -13"><span class='ocrx_word' id='word_1_2' title='bbox 99 293 227 333; x_wconf 85' lang='lat' dir='ltr'><strong>micus</strong></span> <span class='ocrx_word' id='word_1_3' title='bbox 251 292 356 333; x_wconf 87' lang='lat' dir='ltr'><strong>circa</strong></span> <span class='ocrx_word' id='word_1_4' title='bbox 379 302 412 332; x_wconf 91' lang='lat' dir='ltr'><strong>a.</strong></span> <span class='ocrx_word' id='word_1_5' title='bbox 440 288 544 330; x_wconf 85' lang='grc'><strong>1477</strong></span> <span class='ocrx_word' id='word_1_6' title='bbox 565 290 725 341; x_wconf 85' lang='lat' dir='ltr'><strong>scripsit</strong></span> <span class='ocrx_word' id='word_1_7' title='bbox 744 290 790 332; x_wconf 83' lang='lat' dir='ltr'><strong>de</strong></span> <span class='ocrx_word' id='word_1_8' title='bbox 812 289 940 345; x_wconf 81' lang='lat' dir='ltr'><strong>lapide</strong></span> <span class='ocrx_word' id='word_1_9' title='bbox 967 290 1060 330; x_wconf 77' lang='lat' dir='ltr'><strong>Phi-</strong></span> 
     </span>
     <span class='ocr_line' id='line_1_3' title="bbox 99 352 1058 407; baseline -0.002 -13"><span class='ocrx_word' id='word_1_10' title='bbox 99 354 310 407; x_wconf 80' lang='lat' dir='ltr'><strong>tosopln‘co,</strong></span> <span class='ocrx_word' id='word_1_11' title='bbox 335 353 539 407; x_wconf 85' lang='lat' dir='ltr'><strong>Epitomen</strong></span> <span class='ocrx_word' id='word_1_12' title='bbox 562 352 802 406; x_wconf 75' lang='lat' dir='ltr'><strong>Alchymiae,</strong></span> <span class='ocrx_word' id='word_1_13' title='bbox 821 359 861 393; x_wconf 88' lang='lat' dir='ltr'><strong>et</strong></span> <span class='ocrx_word' id='word_1_14' title='bbox 881 353 927 393; x_wconf 84' lang='lat' dir='ltr'><strong>de</strong></span> <span class='ocrx_word' id='word_1_15' title='bbox 951 357 1058 393; x_wconf 86' lang='lat' dir='ltr'><strong>tran-</strong></span> 
     </span>
    </p>

    <p class='ocr_par' dir='ltr' id='par_1_3' title="bbox 96 414 1059 531">
     <span class='ocr_line' id='line_1_4' title="bbox 96 414 1059 457; baseline -0.001 -1"><span class='ocrx_word' id='word_1_16' title='bbox 96 417 335 456; x_wconf 83' lang='lat' dir='ltr'><strong>smutatione</strong></span> <span class='ocrx_word' id='word_1_17' title='bbox 358 414 621 455; x_wconf 78' lang='lat' dir='ltr'><strong>metallorum.</strong></span> <span class='ocrx_word' id='word_1_18' title='bbox 656 417 824 457; x_wconf 87' lang='lat' dir='ltr'><strong>Balaeus</strong></span> <span class='ocrx_word' id='word_1_19' title='bbox 848 418 964 457; x_wconf 88' lang='lat' dir='ltr'><strong>Cent.</strong></span> <span class='ocrx_word' id='word_1_20' title='bbox 989 417 1059 456; x_wconf 88' lang='lat' dir='ltr'><strong>Xi.</strong></span> 
     </span>
     <span class='ocr_line' id='line_1_5' title="bbox 98 478 523 531; baseline -0.007 -12"><span class='ocrx_word' id='word_1_21' title='bbox 98 479 164 519; x_wconf 84' lang='grc'><strong>66.</strong></span> <span class='ocrx_word' id='word_1_22' title='bbox 190 481 344 519; x_wconf 82' lang='lat' dir='ltr'><strong>Pitseus</strong></span> <span class='ocrx_word' id='word_1_23' title='bbox 370 491 406 531; x_wconf 88' lang='lat' dir='ltr'><strong>p.</strong></span> <span class='ocrx_word' id='word_1_24' title='bbox 432 478 523 517; x_wconf 73' lang='grc'><strong>876,</strong></span> 
     </span>
    </p>

    <p class='ocr_par' dir='ltr' id='par_1_4' title="bbox 95 539 1065 844">
     <span class='ocr_line' id='line_1_6' title="bbox 148 539 1059 594; baseline 0 -13"><span class='ocrx_word' id='word_1_25' title='bbox 148 541 358 582; x_wconf 86' lang='lat' dir='ltr'><strong>THOMAS</strong></span> <span class='ocrx_word' id='word_1_26' title='bbox 389 539 640 591; x_wconf 82' lang='lat' dir='ltr'><strong>Norwodus,</strong></span> <span class='ocrx_word' id='word_1_27' title='bbox 684 542 861 594; x_wconf 79' lang='lat' dir='ltr'><strong>Angius,</strong></span> <span class='ocrx_word' id='word_1_28' title='bbox 899 540 1059 581; x_wconf 82' lang='lat' dir='ltr'><strong>Ordinis</strong></span> 
     </span>
     <span class='ocr_line' id='line_1_7' title="bbox 95 603 1060 653; baseline -0.003 -8"><span class='ocrx_word' id='word_1_29' title='bbox 95 603 434 653; x_wconf 67' lang='lat' dir='ltr'><strong>praedicatorum,</strong></span> <span class='ocrx_word' id='word_1_30' title='bbox 459 615 494 643; x_wconf 90' lang='lat' dir='ltr'><strong>a.</strong></span> <span class='ocrx_word' id='word_1_31' title='bbox 531 603 634 644; x_wconf 76' lang='lat'><strong>1320</strong></span> <span class='ocrx_word' id='word_1_32' title='bbox 669 609 967 644; x_wconf 84' lang='lat' dir='ltr'><strong>commentatus</strong></span> <span class='ocrx_word' id='word_1_33' title='bbox 997 608 1060 643; x_wconf 89' lang='lat' dir='ltr'><strong>est</strong></span> 
     </span>
     <span class='ocr_line' id='line_1_8' title="bbox 95 665 1061 720; baseline -0.001 -14"><span class='ocrx_word' id='word_1_34' title='bbox 95 666 138 706; x_wconf 86' lang='lat' dir='ltr'><strong>in</strong></span> <span class='ocrx_word' id='word_1_35' title='bbox 171 665 394 720; x_wconf 77' lang='lat' dir='ltr'><strong>Epistolam</strong></span> <span class='ocrx_word' id='word_1_36' title='bbox 429 665 484 705; x_wconf 83' lang='lat' dir='ltr'><strong>ad</strong></span> <span class='ocrx_word' id='word_1_37' title='bbox 517 666 716 706; x_wconf 83' lang='lat' dir='ltr'><strong>Romanos</strong></span> <span class='ocrx_word' id='word_1_38' title='bbox 754 672 794 707; x_wconf 89' lang='lat' dir='ltr'><strong>et</strong></span> <span class='ocrx_word' id='word_1_39' title='bbox 824 667 1061 719; x_wconf 69' lang='lat' dir='ltr'><strong>Alaqz&#39;strzcm</strong></span> 
     </span>
     <span class='ocr_line' id='line_1_9' title="bbox 95 729 1065 776; baseline -0.002 -6"><span class='ocrx_word' id='word_1_40' title='bbox 95 729 391 770; x_wconf 77' lang='lat' dir='ltr'><em>Sententiarum</em></span> <span class='ocrx_word' id='word_1_41' title='bbox 418 729 576 769; x_wconf 90' lang='lat' dir='ltr'><strong>Pitseus</strong></span> <span class='ocrx_word' id='word_1_42' title='bbox 615 742 650 770; x_wconf 90' lang='lat' dir='ltr'><strong>c.</strong></span> <span class='ocrx_word' id='word_1_43' title='bbox 686 730 778 769; x_wconf 90' lang='grc'><strong>479.</strong></span> <span class='ocrx_word' id='word_1_44' title='bbox 814 731 894 769; x_wconf 88' lang='lat' dir='ltr'><strong>Jac.</strong></span> <span class='ocrx_word' id='word_1_45' title='bbox 927 730 1065 776; x_wconf 81' lang='lat' dir='ltr'><strong>Quetif</strong></span> 
     </span>
     <span class='ocr_line' id='line_1_10' title="bbox 95 791 1061 844; baseline -0.001 -12"><span class='ocrx_word' id='word_1_46' title='bbox 95 791 146 832; x_wconf 89' lang='lat' dir='ltr'><strong>de</strong></span> <span class='ocrx_word' id='word_1_47' title='bbox 165 792 434 844; x_wconf 72' lang='lat' dir='ltr'><strong>scriptoribus</strong></span> <span class='ocrx_word' id='word_1_48' title='bbox 452 792 547 833; x_wconf 92' lang='lat' dir='ltr'><strong>Ord.</strong></span> <span class='ocrx_word' id='word_1_49' title='bbox 564 793 885 833; x_wconf 80' lang='lat' dir='ltr'><strong>Praedieatorum</strong></span> <span class='ocrx_word' id='word_1_50' title='bbox 912 798 1004 832; x_wconf 82' lang='lat' dir='ltr'><strong>tom.</strong></span> <span class='ocrx_word' id='word_1_51' title='bbox 1032 791 1061 831; x_wconf 90' lang='lat'><strong>1.</strong></span> 
     </span>
    </p>

    <p class='ocr_par' dir='ltr' id='par_1_5' title="bbox 98 853 638 908">
     <span class='ocr_line' id='line_1_11' title="bbox 98 853 638 908; baseline -0.002 -12"><span class='ocrx_word' id='word_1_52' title='bbox 98 867 138 908; x_wconf 79' lang='lat' dir='ltr'><strong>p,</strong></span> <span class='ocrx_word' id='word_1_53' title='bbox 161 853 253 896; x_wconf 83' lang='lat'><strong>531.</strong></span> <span class='ocrx_word' id='word_1_54' title='bbox 279 854 488 896; x_wconf 86' lang='lat' dir='ltr'><strong>Altamura</strong></span> <span class='ocrx_word' id='word_1_55' title='bbox 516 869 551 908; x_wconf 91' lang='lat' dir='ltr'><strong>p.</strong></span> <span class='ocrx_word' id='word_1_56' title='bbox 573 857 638 896; x_wconf 88' lang='grc'><strong>99.</strong></span> 
     </span>
    </p>

    <p class='ocr_par' dir='ltr' id='par_1_6' title="bbox 48 917 1065 1534">
     <span class='ocr_line' id='line_1_12' title="bbox 48 917 1060 972; baseline 0.002 -15"><span class='ocrx_word' id='word_1_57' title='bbox 48 935 54 940; x_wconf 89' lang='grc'><em>·</em></span> <span class='ocrx_word' id='word_1_58' title='bbox 149 918 353 959; x_wconf 84' lang='lat' dir='ltr'><strong>THOMAS</strong></span> <span class='ocrx_word' id='word_1_59' title='bbox 379 917 550 970; x_wconf 83' lang='lat' dir='ltr'><strong>Ocleffus</strong></span> <span class='ocrx_word' id='word_1_60' title='bbox 575 920 637 959; x_wconf 90' lang='lat' dir='ltr'><strong>vel</strong></span> <span class='ocrx_word' id='word_1_61' title='bbox 657 918 877 971; x_wconf 84' lang='lat' dir='ltr'><strong>Hocleffus‚</strong></span> <span class='ocrx_word' id='word_1_62' title='bbox 894 919 1060 972; x_wconf 80' lang='lat' dir='ltr'><strong>Anglus,</strong></span> 
     </span>
     <span class='ocr_line' id='line_1_13' title="bbox 97 980 1061 1033; baseline -0.001 -11"><span class='ocrx_word' id='word_1_63' title='bbox 97 980 216 1022; x_wconf 85' lang='lat' dir='ltr'><strong>claris</strong></span> <span class='ocrx_word' id='word_1_64' title='bbox 239 981 473 1033; x_wconf 87' lang='lat' dir='ltr'><strong>parentibus</strong></span> <span class='ocrx_word' id='word_1_65' title='bbox 496 986 634 1031; x_wconf 87' lang='lat' dir='ltr'><strong>ortus,</strong></span> <span class='ocrx_word' id='word_1_66' title='bbox 668 981 840 1022; x_wconf 79' lang='lat' dir='ltr'><strong>Gaiiredi</strong></span> <span class='ocrx_word' id='word_1_67' title='bbox 867 983 1061 1023; x_wconf 83' lang='lat' dir='ltr'><strong>Chauceri</strong></span> 
     </span>
     <span class='ocr_line' id='line_1_14' title="bbox 97 1042 1064 1097; baseline 0.001 -14"><span class='ocrx_word' id='word_1_68' title='bbox 97 1042 344 1096; x_wconf 88' lang='lat' dir='ltr'><strong>discipulus,</strong></span> <span class='ocrx_word' id='word_1_69' title='bbox 369 1046 537 1084; x_wconf 71' lang='lat' dir='ltr'><strong>poeseos</strong></span> <span class='ocrx_word' id='word_1_70' title='bbox 574 1046 728 1096; x_wconf 86' lang='lat' dir='ltr'><strong>cultor,</strong></span> <span class='ocrx_word' id='word_1_71' title='bbox 761 1047 986 1097; x_wconf 81' lang='lat' dir='ltr'><strong>Berengarii</strong></span> <span class='ocrx_word' id='word_1_72' title='bbox 1023 1051 1064 1085; x_wconf 91' lang='lat' dir='ltr'><strong>et</strong></span> 
     </span>
     <span class='ocr_line' id='line_1_15' title="bbox 98 1107 1064 1160; baseline 0 -13"><span class='ocrx_word' id='word_1_73' title='bbox 98 1107 256 1147; x_wconf 83' lang='lat' dir='ltr'><strong>wiclefi</strong></span> <span class='ocrx_word' id='word_1_74' title='bbox 303 1111 478 1148; x_wconf 81' lang='lat' dir='ltr'>sectator</span> <span class='ocrx_word' id='word_1_75' title='bbox 513 1109 617 1148; x_wconf 85' lang='lat' dir='ltr'><strong>circa</strong></span> <span class='ocrx_word' id='word_1_76' title='bbox 656 1121 691 1149; x_wconf 86' lang='lat' dir='ltr'><strong>a.</strong></span> <span class='ocrx_word' id='word_1_77' title='bbox 736 1108 853 1148; x_wconf 97' lang='grc'><strong>1410.</strong></span> <span class='ocrx_word' id='word_1_78' title='bbox 897 1110 1064 1160; x_wconf 82' lang='lat' dir='ltr'><strong>Scripsit</strong></span> 
     </span>
     <span class='ocr_line' id='line_1_16' title="bbox 99 1171 1064 1222; baseline 0.001 -13"><span class='ocrx_word' id='word_1_79' title='bbox 99 1172 243 1222; x_wconf 86' lang='lat' dir='ltr'><strong>partim</strong></span> <span class='ocrx_word' id='word_1_80' title='bbox 284 1172 448 1219; x_wconf 86' lang='lat' dir='ltr'><strong>Latino,</strong></span> <span class='ocrx_word' id='word_1_81' title='bbox 485 1172 628 1222; x_wconf 86' lang='lat' dir='ltr'><strong>partim</strong></span> <span class='ocrx_word' id='word_1_82' title='bbox 670 1171 836 1221; x_wconf 77' lang='lat' dir='ltr'><strong>Anglico</strong></span> <span class='ocrx_word' id='word_1_83' title='bbox 879 1183 1064 1211; x_wconf 85' lang='lat' dir='ltr'><strong>sermone</strong></span> 
     </span>
     <span class='ocr_line' id='line_1_17' title="bbox 101 1231 1063 1287; baseline 0.001 -15"><span class='ocrx_word' id='word_1_84' title='bbox 101 1231 149 1272; x_wconf 89' lang='lat' dir='ltr'><strong>de</strong></span> <span class='ocrx_word' id='word_1_85' title='bbox 173 1231 332 1272; x_wconf 83' lang='lat' dir='ltr'><strong>coelesti</strong></span> <span class='ocrx_word' id='word_1_86' title='bbox 349 1232 588 1282; x_wconf 85' lang='lat' dir='ltr'><em>Jerusalem,</em></span> <span class='ocrx_word' id='word_1_87' title='bbox 611 1232 823 1272; x_wconf 72' lang='lat' dir='ltr'><strong>Plancium</strong></span> <span class='ocrx_word' id='word_1_88' title='bbox 839 1234 1063 1287; x_wconf 82' lang='lat' dir='ltr'><strong>proprium,</strong></span> 
     </span>
     <span class='ocr_line' id='line_1_18' title="bbox 99 1293 1064 1349; baseline 0.001 -15"><span class='ocrx_word' id='word_1_89' title='bbox 99 1295 148 1334; x_wconf 88' lang='lat' dir='ltr'><strong>de</strong></span> <span class='ocrx_word' id='word_1_90' title='bbox 171 1293 341 1347; x_wconf 83' lang='lat' dir='ltr'><strong>quodam</strong></span> <span class='ocrx_word' id='word_1_91' title='bbox 366 1294 550 1343; x_wconf 82' lang='lat' dir='ltr'><strong>Jonatha‚</strong></span> <span class='ocrx_word' id='word_1_92' title='bbox 575 1293 621 1334; x_wconf 84' lang='lat' dir='ltr'><strong>de</strong></span> <span class='ocrx_word' id='word_1_93' title='bbox 641 1296 832 1348; x_wconf 76' lang='lat' dir='ltr'><strong>reyimine</strong></span> <span class='ocrx_word' id='word_1_94' title='bbox 849 1296 1064 1349; x_wconf 72' lang='lat' dir='ltr'><strong>principis,</strong></span> 
     </span>
     <span class='ocr_line' id='line_1_19' title="bbox 100 1356 1065 1412; baseline 0.001 -15"><span class='ocrx_word' id='word_1_95' title='bbox 100 1357 309 1410; x_wconf 76' lang='lat' dir='ltr'><strong>Dialoyum</strong></span> <span class='ocrx_word' id='word_1_96' title='bbox 327 1357 384 1397; x_wconf 85' lang='lat' dir='ltr'><strong>ad</strong></span> <span class='ocrx_word' id='word_1_97' title='bbox 404 1358 596 1406; x_wconf 80' lang='lat' dir='ltr'><strong>amicum,</strong></span> <span class='ocrx_word' id='word_1_98' title='bbox 623 1356 670 1397; x_wconf 87' lang='lat' dir='ltr'><strong>de</strong></span> <span class='ocrx_word' id='word_1_99' title='bbox 695 1359 870 1411; x_wconf 83' lang='lat' dir='ltr'><strong>quadam</strong></span> <span class='ocrx_word' id='word_1_100' title='bbox 890 1360 1065 1412; x_wconf 83' lang='lat' dir='ltr'><strong>Impera-</strong></span> 
     </span>
     <span class='ocr_line' id='line_1_20' title="bbox 102 1420 1064 1471; baseline 0 -10"><span class='ocrx_word' id='word_1_101' title='bbox 102 1420 218 1471; x_wconf 83' lang='lat' dir='ltr'><strong>trice,</strong></span> <span class='ocrx_word' id='word_1_102' title='bbox 243 1420 290 1461; x_wconf 88' lang='lat' dir='ltr'><strong>de</strong></span> <span class='ocrx_word' id='word_1_103' title='bbox 323 1423 412 1460; x_wconf 87' lang='lat' dir='ltr'><strong>arte</strong></span> <span class='ocrx_word' id='word_1_104' title='bbox 444 1420 648 1460; x_wconf 84' lang='lat' dir='ltr'><strong>moriendi.</strong></span> <span class='ocrx_word' id='word_1_105' title='bbox 688 1423 861 1463; x_wconf 85' lang='lat' dir='ltr'><strong>Balaeus</strong></span> <span class='ocrx_word' id='word_1_106' title='bbox 899 1424 1064 1464; x_wconf 85' lang='lat' dir='ltr'><strong>Centur.</strong></span> 
     </span>
     <span class='ocr_line' id='line_1_21' title="bbox 102 1483 630 1534; baseline -0.002 -10"><span class='ocrx_word' id='word_1_107' title='bbox 102 1483 191 1534; x_wconf 87' lang='lat' dir='ltr'><strong>Vll,</strong></span> <span class='ocrx_word' id='word_1_108' title='bbox 211 1483 276 1524; x_wconf 82' lang='grc'><strong>40.</strong></span> <span class='ocrx_word' id='word_1_109' title='bbox 298 1484 454 1524; x_wconf 88' lang='lat' dir='ltr'><strong>Pitseus</strong></span> <span class='ocrx_word' id='word_1_110' title='bbox 479 1496 512 1524; x_wconf 91' lang='lat' dir='ltr'><strong>c.</strong></span> <span class='ocrx_word' id='word_1_111' title='bbox 538 1483 630 1523; x_wconf 76' lang='lat'><strong>747.</strong></span> 
     </span>
    </p>

    <p class='ocr_par' dir='ltr' id='par_1_7' title="bbox 100 1544 1066 2161">
     <span class='ocr_line' id='line_1_22' title="bbox 152 1544 1066 1599; baseline 0.001 -14"><span class='ocrx_word' id='word_1_112' title='bbox 152 1547 357 1587; x_wconf 81' lang='lat' dir='ltr'><strong>THOMAS</strong></span> <span class='ocrx_word' id='word_1_113' title='bbox 380 1544 673 1594; x_wconf 81' lang='lat' dir='ltr'><strong>Olterburnus,</strong></span> <span class='ocrx_word' id='word_1_114' title='bbox 713 1545 869 1599; x_wconf 83' lang='lat' dir='ltr'><strong>Angius</strong></span> <span class='ocrx_word' id='word_1_115' title='bbox 909 1548 1066 1587; x_wconf 87' lang='lat' dir='ltr'><strong>Franci-</strong></span> 
     </span>
     <span class='ocr_line' id='line_1_23' title="bbox 100 1609 1065 1662; baseline 0.002 -14"><span class='ocrx_word' id='word_1_116' title='bbox 100 1619 262 1659; x_wconf 83' lang='lat' dir='ltr'><strong>scanuS,</strong></span> <span class='ocrx_word' id='word_1_117' title='bbox 287 1621 408 1661; x_wconf 90' lang='lat' dir='ltr'><strong>quem</strong></span> <span class='ocrx_word' id='word_1_118' title='bbox 444 1609 491 1649; x_wconf 91' lang='lat' dir='ltr'><strong>ad</strong></span> <span class='ocrx_word' id='word_1_119' title='bbox 527 1621 565 1649; x_wconf 97' lang='grc'><strong>3.</strong></span> <span class='ocrx_word' id='word_1_120' title='bbox 599 1609 699 1648; x_wconf 89' lang='grc'><strong>1411</strong></span> <span class='ocrx_word' id='word_1_121' title='bbox 738 1611 930 1650; x_wconf 87' lang='lat' dir='ltr'><strong>referunt.</strong></span> <span class='ocrx_word' id='word_1_122' title='bbox 966 1610 1065 1662; x_wconf 89' lang='lat' dir='ltr'><strong>Ejus</strong></span> 
     </span>
     <span class='ocr_line' id='line_1_24' title="bbox 103 1671 1064 1724; baseline 0.001 -13"><span class='ocrx_word' id='word_1_123' title='bbox 103 1676 201 1712; x_wconf 90' lang='lat' dir='ltr'><strong>sunt</strong></span> <span class='ocrx_word' id='word_1_124' title='bbox 235 1671 419 1712; x_wconf 84' lang='lat' dir='ltr'><strong>Historia</strong></span> <span class='ocrx_word' id='word_1_125' title='bbox 441 1683 581 1711; x_wconf 87' lang='lat' dir='ltr'><strong>rerum</strong></span> <span class='ocrx_word' id='word_1_126' title='bbox 606 1671 886 1724; x_wconf 72' lang='lat' dir='ltr'><strong>Anyticaram,</strong></span> <span class='ocrx_word' id='word_1_127' title='bbox 912 1673 957 1712; x_wconf 82' lang='lat' dir='ltr'><strong>de</strong></span> <span class='ocrx_word' id='word_1_128' title='bbox 977 1684 1064 1712; x_wconf 83' lang='lat' dir='ltr'><strong>suc·</strong></span> 
     </span>
     <span class='ocr_line' id='line_1_25' title="bbox 100 1733 1065 1787; baseline 0 -13"><span class='ocrx_word' id='word_1_129' title='bbox 100 1733 275 1774; x_wconf 79' lang='lat' dir='ltr'><strong>cessione</strong></span> <span class='ocrx_word' id='word_1_130' title='bbox 307 1734 505 1776; x_wconf 82' lang='lat' dir='ltr'><strong>Comitum</strong></span> <span class='ocrx_word' id='word_1_131' title='bbox 527 1733 860 1786; x_wconf 79' lang='lat' dir='ltr'><strong>Nerthumbriae,</strong></span> <span class='ocrx_word' id='word_1_132' title='bbox 884 1741 924 1775; x_wconf 87' lang='lat' dir='ltr'><strong>et</strong></span> <span class='ocrx_word' id='word_1_133' title='bbox 961 1736 1065 1787; x_wconf 80' lang='lat' dir='ltr'><strong>Opu-</strong></span> 
     </span>
     <span class='ocr_line' id='line_1_26' title="bbox 101 1793 1065 1839; baseline 0.001 -3"><span class='ocrx_word' id='word_1_134' title='bbox 101 1793 228 1837; x_wconf 82' lang='lat' dir='ltr'><strong>scuta.</strong></span> <span class='ocrx_word' id='word_1_135' title='bbox 245 1797 414 1837; x_wconf 86' lang='lat' dir='ltr'><strong>Balaeus</strong></span> <span class='ocrx_word' id='word_1_136' title='bbox 430 1798 646 1839; x_wconf 83' lang='lat' dir='ltr'><strong>Cent.V11.</strong></span> <span class='ocrx_word' id='word_1_137' title='bbox 665 1799 728 1837; x_wconf 80' lang='lat'><strong>55.</strong></span> <span class='ocrx_word' id='word_1_138' title='bbox 748 1800 905 1838; x_wconf 89' lang='lat' dir='ltr'><strong>Pitseus</strong></span> <span class='ocrx_word' id='word_1_139' title='bbox 922 1810 956 1838; x_wconf 84' lang='grc'><strong>0.</strong></span> <span class='ocrx_word' id='word_1_140' title='bbox 973 1798 1065 1837; x_wconf 83' lang='grc'><strong>761.</strong></span> 
     </span>
     <span class='ocr_line' id='line_1_27' title="bbox 102 1859 1064 1912; baseline 0.002 -14"><span class='ocrx_word' id='word_1_141' title='bbox 102 1859 301 1900; x_wconf 85' lang='lat' dir='ltr'><strong>Leiandus</strong></span> <span class='ocrx_word' id='word_1_142' title='bbox 317 1871 353 1899; x_wconf 87' lang='lat' dir='ltr'><strong>c.</strong></span> <span class='ocrx_word' id='word_1_143' title='bbox 363 1859 454 1899; x_wconf 89' lang='grc'><strong>394.</strong></span> <span class='ocrx_word' id='word_1_144' title='bbox 470 1860 722 1911; x_wconf 86' lang='lat' dir='ltr'><strong>Waddingus</strong></span> <span class='ocrx_word' id='word_1_145' title='bbox 737 1860 786 1900; x_wconf 90' lang='lat' dir='ltr'><strong>de</strong></span> <span class='ocrx_word' id='word_1_146' title='bbox 803 1861 1064 1912; x_wconf 83' lang='lat' dir='ltr'><strong>scriptoribus</strong></span> 
     </span>
     <span class='ocr_line' id='line_1_28' title="bbox 101 1919 1064 1974; baseline 0.001 -14"><span class='ocrx_word' id='word_1_147' title='bbox 101 1919 196 1960; x_wconf 86' lang='lat' dir='ltr'><strong>Ord.</strong></span> <span class='ocrx_word' id='word_1_148' title='bbox 215 1922 409 1961; x_wconf 89' lang='lat' dir='ltr'><strong>Minorum</strong></span> <span class='ocrx_word' id='word_1_149' title='bbox 438 1934 475 1973; x_wconf 87' lang='lat' dir='ltr'><strong>p.</strong></span> <span class='ocrx_word' id='word_1_150' title='bbox 498 1922 588 1962; x_wconf 74' lang='lat'><strong>326.</strong></span> <span class='ocrx_word' id='word_1_151' title='bbox 614 1922 798 1962; x_wconf 78' lang='lat' dir='ltr'><strong>Historia</strong></span> <span class='ocrx_word' id='word_1_152' title='bbox 830 1922 996 1974; x_wconf 73' lang='lat' dir='ltr'><strong>Anylica</strong></span> <span class='ocrx_word' id='word_1_153' title='bbox 1017 1923 1064 1962; x_wconf 78' lang='lat' dir='ltr'><strong>eb</strong></span> 
     </span>
     <span class='ocr_line' id='line_1_29' title="bbox 100 1984 1064 2036; baseline 0.002 -14"><span class='ocrx_word' id='word_1_154' title='bbox 100 1984 250 2035; x_wconf 83' lang='lat' dir='ltr'><strong>origine</strong></span> <span class='ocrx_word' id='word_1_155' title='bbox 289 1985 421 2036; x_wconf 84' lang='lat' dir='ltr'><strong>gentis</strong></span> <span class='ocrx_word' id='word_1_156' title='bbox 462 1996 590 2036; x_wconf 87' lang='lat' dir='ltr'><strong>usque</strong></span> <span class='ocrx_word' id='word_1_157' title='bbox 638 1986 684 2025; x_wconf 87' lang='lat' dir='ltr'><strong>ad</strong></span> <span class='ocrx_word' id='word_1_158' title='bbox 727 1985 962 2025; x_wconf 89' lang='lat' dir='ltr'><strong>Eduardum</strong></span> <span class='ocrx_word' id='word_1_159' title='bbox 1001 1986 1064 2026; x_wconf 92' lang='lat' dir='ltr'><strong>IV.</strong></span> 
     </span>
     <span class='ocr_line' id='line_1_30' title="bbox 100 2047 1064 2098; baseline 0.003 -13"><span class='ocrx_word' id='word_1_160' title='bbox 100 2056 194 2086; x_wconf 88' lang='lat' dir='ltr'><strong>cum</strong></span> <span class='ocrx_word' id='word_1_161' title='bbox 224 2047 375 2086; x_wconf 88' lang='lat' dir='ltr'><strong>Joaune</strong></span> <span class='ocrx_word' id='word_1_162' title='bbox 397 2059 419 2087; x_wconf 82' lang='lat' dir='ltr'><strong>e</strong></span> <span class='ocrx_word' id='word_1_163' title='bbox 445 2047 800 2098; x_wconf 87' lang='lat' dir='ltr'><strong>Whethamstade,</strong></span> <span class='ocrx_word' id='word_1_164' title='bbox 826 2048 932 2088; x_wconf 88' lang='lat' dir='ltr'><strong>edita</strong></span> <span class='ocrx_word' id='word_1_165' title='bbox 957 2053 1019 2089; x_wconf 87' lang='lat' dir='ltr'><strong>est</strong></span> <span class='ocrx_word' id='word_1_166' title='bbox 1043 2061 1064 2088; x_wconf 87' lang='lat' dir='ltr'><strong>a</strong></span> 
     </span>
     <span class='ocr_line' id='line_1_31' title="bbox 101 2108 798 2161; baseline 0.004 -13"><span class='ocrx_word' id='word_1_167' title='bbox 101 2108 251 2149; x_wconf 90' lang='lat' dir='ltr'><strong>Thoma</strong></span> <span class='ocrx_word' id='word_1_168' title='bbox 274 2110 448 2158; x_wconf 87' lang='lat' dir='ltr'><strong>Hearne,</strong></span> <span class='ocrx_word' id='word_1_169' title='bbox 470 2110 588 2150; x_wconf 88' lang='lat' dir='ltr'><strong>Lond.</strong></span> <span class='ocrx_word' id='word_1_170' title='bbox 614 2112 734 2161; x_wconf 82' lang='lat'><strong>1733,</strong></span> <span class='ocrx_word' id='word_1_171' title='bbox 759 2111 798 2151; x_wconf 88' lang='grc'><strong>8.</strong></span> 
     </span>
    </p>

    <p class='ocr_par' dir='ltr' id='par_1_8' title="bbox 80 2163 1068 2599">
     <span class='ocr_line' id='line_1_32' title="bbox 80 2163 1066 2226; baseline 0.003 -16"><span class='ocrx_word' id='word_1_172' title='bbox 80 2163 81 2166; x_wconf 35' lang='grc'><strong>“</strong></span> <span class='ocrx_word' id='word_1_173' title='bbox 163 2170 186 2195; x_wconf 77' lang='lat'><em>*</em></span> <span class='ocrx_word' id='word_1_174' title='bbox 208 2170 248 2211; x_wconf 91' lang='lat' dir='ltr'><strong>Si</strong></span> <span class='ocrx_word' id='word_1_175' title='bbox 270 2172 444 2212; x_wconf 85' lang='lat' dir='ltr'><strong>Thomas</strong></span> <span class='ocrx_word' id='word_1_176' title='bbox 469 2174 544 2212; x_wconf 80' lang='lat' dir='ltr'><strong>iste</strong></span> <span class='ocrx_word' id='word_1_177' title='bbox 567 2173 709 2225; x_wconf 80' lang='lat' dir='ltr'><strong>Anglia</strong></span> <span class='ocrx_word' id='word_1_178' title='bbox 736 2175 897 2226; x_wconf 80' lang='lat' dir='ltr'><strong>genitus</strong></span> <span class='ocrx_word' id='word_1_179' title='bbox 921 2179 1002 2220; x_wconf 91' lang='lat' dir='ltr'><strong>est,</strong></span> <span class='ocrx_word' id='word_1_180' title='bbox 1027 2179 1066 2213; x_wconf 86' lang='lat' dir='ltr'><strong>et</strong></span> 
     </span>
     <span class='ocr_line' id='line_1_33' title="bbox 104 2234 1066 2288; baseline 0.003 -15"><span class='ocrx_word' id='word_1_181' title='bbox 104 2234 144 2273; x_wconf 87' lang='lat' dir='ltr'><strong>in</strong></span> <span class='ocrx_word' id='word_1_182' title='bbox 166 2234 249 2274; x_wconf 88' lang='lat' dir='ltr'><strong>ord.</strong></span> <span class='ocrx_word' id='word_1_183' title='bbox 274 2236 470 2276; x_wconf 84' lang='lat' dir='ltr'><strong>Minorum</strong></span> <span class='ocrx_word' id='word_1_184' title='bbox 498 2238 659 2285; x_wconf 88' lang='lat' dir='ltr'><strong>meruit,</strong></span> <span class='ocrx_word' id='word_1_185' title='bbox 685 2238 858 2288; x_wconf 86' lang='lat' dir='ltr'><strong>profecto</strong></span> <span class='ocrx_word' id='word_1_186' title='bbox 879 2238 980 2276; x_wconf 85' lang='lat' dir='ltr'><strong>alius</strong></span> <span class='ocrx_word' id='word_1_187' title='bbox 1004 2243 1066 2276; x_wconf 86' lang='lat' dir='ltr'><strong>est</strong></span> 
     </span>
     <span class='ocr_line' id='line_1_34' title="bbox 100 2296 1065 2339; baseline 0.002 -2"><span class='ocrx_word' id='word_1_188' title='bbox 100 2308 124 2337; x_wconf 84' lang='lat' dir='ltr'><strong>a</strong></span> <span class='ocrx_word' id='word_1_189' title='bbox 147 2297 186 2336; x_wconf 90' lang='lat' dir='ltr'><strong>F.</strong></span> <span class='ocrx_word' id='word_1_190' title='bbox 202 2296 354 2336; x_wconf 87' lang='lat' dir='ltr'><strong>Thoma</strong></span> <span class='ocrx_word' id='word_1_191' title='bbox 369 2297 710 2339; x_wconf 85' lang='lat' dir='ltr'><strong>Ochsenbrunner</strong></span> <span class='ocrx_word' id='word_1_192' title='bbox 734 2301 952 2339; x_wconf 84' lang='lat' dir='ltr'><strong>Basileensi</strong></span> <span class='ocrx_word' id='word_1_193' title='bbox 978 2300 1065 2339; x_wconf 90' lang='lat' dir='ltr'><strong>ord.</strong></span> 
     </span>
     <span class='ocr_line' id='line_1_35' title="bbox 102 2359 1068 2413; baseline 0.002 -14"><span class='ocrx_word' id='word_1_194' title='bbox 102 2359 438 2410; x_wconf 79' lang='lat' dir='ltr'><strong>praedicatorum,</strong></span> <span class='ocrx_word' id='word_1_195' title='bbox 460 2362 527 2411; x_wconf 89' lang='lat' dir='ltr'><strong>qui</strong></span> <span class='ocrx_word' id='word_1_196' title='bbox 553 2362 714 2413; x_wconf 88' lang='lat' dir='ltr'><strong>scripsit</strong></span> <span class='ocrx_word' id='word_1_197' title='bbox 735 2362 912 2402; x_wconf 87' lang='lat' dir='ltr'><strong>libellum</strong></span> <span class='ocrx_word' id='word_1_198' title='bbox 935 2361 982 2401; x_wconf 83' lang='lat' dir='ltr'><strong>de</strong></span> <span class='ocrx_word' id='word_1_199' title='bbox 1001 2374 1068 2401; x_wconf 86' lang='lat' dir='ltr'><strong>ae-</strong></span> 
     </span>
     <span class='ocr_line' id='line_1_36' title="bbox 104 2420 1066 2476; baseline 0.002 -14"><span class='ocrx_word' id='word_1_200' title='bbox 104 2420 254 2462; x_wconf 78' lang='lat' dir='ltr'><strong>tatibus</strong></span> <span class='ocrx_word' id='word_1_201' title='bbox 278 2421 420 2475; x_wconf 82' lang='lat' dir='ltr'><strong>Populi</strong></span> <span class='ocrx_word' id='word_1_202' title='bbox 435 2423 613 2473; x_wconf 78' lang='lat' dir='ltr'><strong>Romani,</strong></span> <span class='ocrx_word' id='word_1_203' title='bbox 633 2436 754 2476; x_wconf 89' lang='lat' dir='ltr'><strong>quem</strong></span> <span class='ocrx_word' id='word_1_204' title='bbox 779 2425 904 2464; x_wconf 84' lang='lat' dir='ltr'><strong>edidit</strong></span> <span class='ocrx_word' id='word_1_205' title='bbox 922 2427 1066 2464; x_wconf 84' lang='lat' dir='ltr'><strong>Romae</strong></span> 
     </span>
     <span class='ocr_line' id='line_1_37' title="bbox 102 2484 1068 2538; baseline 0 -13"><span class='ocrx_word' id='word_1_206' title='bbox 102 2495 167 2525; x_wconf 85' lang='grc'><strong>33.</strong></span> <span class='ocrx_word' id='word_1_207' title='bbox 189 2484 291 2525; x_wconf 82' lang='grc'><strong>1493</strong></span> <span class='ocrx_word' id='word_1_208' title='bbox 316 2487 354 2524; x_wconf 90' lang='lat' dir='ltr'><strong>in</strong></span> <span class='ocrx_word' id='word_1_209' title='bbox 379 2485 416 2524; x_wconf 89' lang='grc'><strong>4.</strong></span> <span class='ocrx_word' id='word_1_210' title='bbox 440 2485 667 2538; x_wconf 82' lang='lat' dir='ltr'><strong>direxitque</strong></span> <span class='ocrx_word' id='word_1_211' title='bbox 703 2487 820 2526; x_wconf 82' lang='lat' dir='ltr'><strong>Paulo</strong></span> <span class='ocrx_word' id='word_1_212' title='bbox 846 2487 894 2525; x_wconf 90' lang='lat' dir='ltr'><strong>de</strong></span> <span class='ocrx_word' id='word_1_213' title='bbox 919 2487 1068 2538; x_wconf 82' lang='lat' dir='ltr'><strong>Campo</strong></span> 
     </span>
     <span class='ocr_line' id='line_1_38' title="bbox 104 2548 919 2599; baseline 0.001 -13"><span class='ocrx_word' id='word_1_214' title='bbox 104 2548 275 2599; x_wconf 85' lang='lat' dir='ltr'><strong>Fregoso</strong></span> <span class='ocrx_word' id='word_1_215' title='bbox 296 2550 357 2587; x_wconf 88' lang='lat' dir='ltr'><strong>tit.</strong></span> <span class='ocrx_word' id='word_1_216' title='bbox 376 2549 418 2588; x_wconf 90' lang='lat' dir='ltr'><strong>S.</strong></span> <span class='ocrx_word' id='word_1_217' title='bbox 439 2549 542 2587; x_wconf 90' lang='lat' dir='ltr'><strong>Xisti</strong></span> <span class='ocrx_word' id='word_1_218' title='bbox 568 2548 686 2588; x_wconf 90' lang='lat' dir='ltr'><strong>Card.</strong></span> <span class='ocrx_word' id='word_1_219' title='bbox 707 2548 919 2589; x_wconf 82' lang='lat' dir='ltr'><strong>Genuensi.</strong></span> 
     </span>
    </p>

    <p class='ocr_par' dir='ltr' id='par_1_9' title="bbox 106 2609 1070 2714">
     <span class='ocr_line' id='line_1_39' title="bbox 158 2609 1070 2665; baseline 0.001 -15"><span class='ocrx_word' id='word_1_220' title='bbox 158 2609 364 2651; x_wconf 86' lang='lat' dir='ltr'><strong>THOMAS</strong></span> <span class='ocrx_word' id='word_1_221' title='bbox 385 2610 663 2661; x_wconf 77' lang='lat' dir='ltr'><strong>Palmeranus,</strong></span> <span class='ocrx_word' id='word_1_222' title='bbox 683 2612 773 2652; x_wconf 85' lang='lat' dir='ltr'><strong>vide</strong></span> <span class='ocrx_word' id='word_1_223' title='bbox 791 2624 910 2665; x_wconf 86' lang='lat' dir='ltr'><strong>supra</strong></span> <span class='ocrx_word' id='word_1_224' title='bbox 928 2611 1070 2652; x_wconf 81' lang='lat' dir='ltr'><strong>Hiber-</strong></span> 
     </span>
     <span class='ocr_line' id='line_1_40' title="bbox 106 2684 234 2714; baseline 0.008 -1"><span class='ocrx_word' id='word_1_225' title='bbox 106 2684 234 2714; x_wconf 76' lang='lat' dir='ltr'><strong>nicus.</strong></span> 
     </span>
    </p>

    <p class='ocr_par' dir='ltr' id='par_1_10' title="bbox 105 2734 1073 2980">
     <span class='ocr_line' id='line_1_41' title="bbox 157 2734 1072 2787; baseline -0.001 -11"><span class='ocrx_word' id='word_1_226' title='bbox 157 2734 362 2778; x_wconf 81' lang='lat' dir='ltr'><strong>THOMAS</strong></span> <span class='ocrx_word' id='word_1_227' title='bbox 387 2737 615 2787; x_wconf 81' lang='lat' dir='ltr'><strong>Palmerus,</strong></span> <span class='ocrx_word' id='word_1_228' title='bbox 647 2737 865 2778; x_wconf 85' lang='lat' dir='ltr'><strong>monachus</strong></span> <span class='ocrx_word' id='word_1_229' title='bbox 898 2739 1072 2778; x_wconf 86' lang='lat' dir='ltr'><strong>Domini—</strong></span> 
     </span>
     <span class='ocr_line' id='line_1_42' title="bbox 105 2792 1072 2850; baseline 0 -10"><span class='ocrx_word' id='word_1_230' title='bbox 105 2792 260 2850; x_wconf 66' lang='lat' dir='ltr'><strong>canus,</strong></span> <span class='ocrx_word' id='word_1_231' title='bbox 285 2801 522 2841; x_wconf 87' lang='lat' dir='ltr'><strong>Conventus</strong></span> <span class='ocrx_word' id='word_1_232' title='bbox 562 2802 825 2840; x_wconf 87' lang='lat' dir='ltr'><strong>Londinensis</strong></span> <span class='ocrx_word' id='word_1_233' title='bbox 865 2803 999 2850; x_wconf 82' lang='lat' dir='ltr'><strong>Prior,</strong></span> <span class='ocrx_word' id='word_1_234' title='bbox 1033 2807 1072 2840; x_wconf 78' lang='lat' dir='ltr'><strong>et</strong></span> 
     </span>
     <span class='ocr_line' id='line_1_43' title="bbox 106 2862 1070 2915; baseline 0.001 -12"><span class='ocrx_word' id='word_1_235' title='bbox 106 2862 341 2915; x_wconf 76' lang='lat' dir='ltr'><strong>&#39;theologiae</strong></span> <span class='ocrx_word' id='word_1_236' title='bbox 365 2865 537 2915; x_wconf 88' lang='lat' dir='ltr'><strong>Doctor‚</strong></span> <span class='ocrx_word' id='word_1_237' title='bbox 569 2867 672 2904; x_wconf 82' lang='lat' dir='ltr'><strong>circa</strong></span> <span class='ocrx_word' id='word_1_238' title='bbox 712 2876 745 2903; x_wconf 85' lang='lat' dir='ltr'><strong>a.</strong></span> <span class='ocrx_word' id='word_1_239' title='bbox 787 2863 904 2903; x_wconf 88' lang='grc'><strong>1410.</strong></span> <span class='ocrx_word' id='word_1_240' title='bbox 942 2866 1070 2915; x_wconf 81' lang='lat' dir='ltr'><strong>Opera</strong></span> 
     </span>
     <span class='ocr_line' id='line_1_44' title="bbox 108 2923 1073 2980; baseline 0.001 -16"><span class='ocrx_word' id='word_1_241' title='bbox 108 2923 197 2976; x_wconf 89' lang='lat' dir='ltr'><strong>ejus</strong></span> <span class='ocrx_word' id='word_1_242' title='bbox 221 2931 330 2975; x_wconf 86' lang='lat' dir='ltr'><strong>suut,</strong></span> <span class='ocrx_word' id='word_1_243' title='bbox 349 2938 470 2980; x_wconf 80' lang='lat' dir='ltr'><strong>super</strong></span> <span class='ocrx_word' id='word_1_244' title='bbox 493 2927 633 2967; x_wconf 84' lang='lat' dir='ltr'><strong>unione</strong></span> <span class='ocrx_word' id='word_1_245' title='bbox 652 2925 859 2980; x_wconf 80' lang='lat' dir='ltr'><strong>facienda,</strong></span> <span class='ocrx_word' id='word_1_246' title='bbox 883 2926 929 2966; x_wconf 84' lang='lat' dir='ltr'><strong>de</strong></span> <span class='ocrx_word' id='word_1_247' title='bbox 953 2926 1073 2979; x_wconf 71' lang='lat' dir='ltr'><strong>orz&#39;yi-</strong></span> 
     </span>
    </p>

    <p class='ocr_par' dir='ltr' id='par_1_11' title="bbox 109 2986 1077 3353">
     <span class='ocr_line' id='line_1_45' title="bbox 111 2986 1074 3042; baseline 0.002 -16"><span class='ocrx_word' id='word_1_248' title='bbox 111 2986 195 3027; x_wconf 70' lang='lat' dir='ltr'><strong>nali</strong></span> <span class='ocrx_word' id='word_1_249' title='bbox 212 2993 388 3042; x_wconf 80' lang='lat' dir='ltr'><strong>peccata,</strong></span> <span class='ocrx_word' id='word_1_250' title='bbox 425 2989 472 3029; x_wconf 86' lang='lat' dir='ltr'><strong>de</strong></span> <span class='ocrx_word' id='word_1_251' title='bbox 495 2990 727 3030; x_wconf 80' lang='lat' dir='ltr'><strong>adoratione</strong></span> <span class='ocrx_word' id='word_1_252' title='bbox 764 2989 1002 3041; x_wconf 62' lang='lat' dir='ltr'><strong>ortwinum,</strong></span> <span class='ocrx_word' id='word_1_253' title='bbox 1028 2988 1074 3028; x_wconf 76' lang='lat' dir='ltr'><strong>cle</strong></span> 
     </span>
     <span class='ocr_line' id='line_1_46' title="bbox 109 3051 1072 3104; baseline 0.001 -14"><span class='ocrx_word' id='word_1_254' title='bbox 109 3051 367 3091; x_wconf 84' lang='lat' dir='ltr'><strong>veneratione</strong></span> <span class='ocrx_word' id='word_1_255' title='bbox 389 3053 648 3102; x_wconf 83' lang='lat' dir='ltr'><strong>Sanctorum,</strong></span> <span class='ocrx_word' id='word_1_256' title='bbox 670 3052 717 3091; x_wconf 86' lang='lat' dir='ltr'><strong>de</strong></span> <span class='ocrx_word' id='word_1_257' title='bbox 727 3051 1072 3104; x_wconf 70' lang='lat' dir='ltr'><strong>pereyriiiatz&#39;oize,</strong></span> 
     </span>
     <span class='ocr_line' id='line_1_47' title="bbox 114 3110 1075 3164; baseline 0.004 -14"><span class='ocrx_word' id='word_1_258' title='bbox 114 3110 162 3151; x_wconf 87' lang='lat' dir='ltr'><strong>de</strong></span> <span class='ocrx_word' id='word_1_259' title='bbox 181 3111 448 3164; x_wconf 74' lang='lat' dir='ltr'><strong>indulyentiis.</strong></span> <span class='ocrx_word' id='word_1_260' title='bbox 474 3116 643 3154; x_wconf 81' lang='lat' dir='ltr'><strong>Balaeus</strong></span> <span class='ocrx_word' id='word_1_261' title='bbox 669 3116 783 3154; x_wconf 83' lang='lat' dir='ltr'><strong>Cent.</strong></span> <span class='ocrx_word' id='word_1_262' title='bbox 810 3113 890 3153; x_wconf 78' lang='lat' dir='ltr'><strong>Vll.</strong></span> <span class='ocrx_word' id='word_1_263' title='bbox 916 3113 980 3154; x_wconf 92' lang='grc'><strong>47.</strong></span> <span class='ocrx_word' id='word_1_264' title='bbox 1001 3117 1075 3154; x_wconf 87' lang='lat' dir='ltr'><strong>Pit-</strong></span> 
     </span>
     <span class='ocr_line' id='line_1_48' title="bbox 114 3177 1076 3229; baseline 0.004 -16"><span class='ocrx_word' id='word_1_265' title='bbox 114 3185 210 3214; x_wconf 90' lang='lat' dir='ltr'><strong>seus</strong></span> <span class='ocrx_word' id='word_1_266' title='bbox 246 3186 279 3214; x_wconf 92' lang='lat' dir='ltr'><strong>c.</strong></span> <span class='ocrx_word' id='word_1_267' title='bbox 316 3177 411 3217; x_wconf 89' lang='grc'><strong>761.</strong></span> <span class='ocrx_word' id='word_1_268' title='bbox 442 3179 524 3217; x_wconf 82' lang='lat' dir='ltr'><strong>Jac&#39;.</strong></span> <span class='ocrx_word' id='word_1_269' title='bbox 559 3178 696 3224; x_wconf 81' lang='lat' dir='ltr'><strong>Quetit</strong></span> <span class='ocrx_word' id='word_1_270' title='bbox 725 3177 774 3216; x_wconf 89' lang='lat' dir='ltr'><strong>de</strong></span> <span class='ocrx_word' id='word_1_271' title='bbox 810 3177 1076 3229; x_wconf 75' lang='lat' dir='ltr'><strong>scriptoribus</strong></span> 
     </span>
     <span class='ocr_line' id='line_1_49' title="bbox 112 3237 1077 3292; baseline 0.004 -14"><span class='ocrx_word' id='word_1_272' title='bbox 112 3237 206 3278; x_wconf 90' lang='lat' dir='ltr'><strong>Ord.</strong></span> <span class='ocrx_word' id='word_1_273' title='bbox 247 3239 567 3281; x_wconf 85' lang='lat' dir='ltr'><strong>Praedicatorum</strong></span> <span class='ocrx_word' id='word_1_274' title='bbox 605 3246 699 3280; x_wconf 88' lang='lat' dir='ltr'><strong>tom.</strong></span> <span class='ocrx_word' id='word_1_275' title='bbox 736 3241 764 3279; x_wconf 91' lang='lat'><strong>1.</strong></span> <span class='ocrx_word' id='word_1_276' title='bbox 788 3252 826 3292; x_wconf 91' lang='lat' dir='ltr'><strong>p.</strong></span> <span class='ocrx_word' id='word_1_277' title='bbox 850 3241 941 3280; x_wconf 78' lang='lat'><strong>753.</strong></span> <span class='ocrx_word' id='word_1_278' title='bbox 969 3241 1077 3282; x_wconf 83' lang='lat' dir='ltr'><strong>Alta-</strong></span> 
     </span>
     <span class='ocr_line' id='line_1_50' title="bbox 112 3301 404 3353; baseline 0.007 -13"><span class='ocrx_word' id='word_1_279' title='bbox 112 3310 226 3341; x_wconf 87' lang='lat' dir='ltr'><strong>mura</strong></span> <span class='ocrx_word' id='word_1_280' title='bbox 249 3313 286 3353; x_wconf 86' lang='lat' dir='ltr'><strong>p.</strong></span> <span class='ocrx_word' id='word_1_281' title='bbox 313 3301 404 3342; x_wconf 81' lang='lat'><strong>500.</strong></span> 
     </span>
    </p>
   </div>
   <div class='ocr_carea' id='block_1_3' title="bbox 2024 213 2100 256">
    <p class='ocr_par' dir='ltr' id='par_1_12' title="bbox 2024 213 2100 256">
     <span class='ocr_line' id='line_1_51' title="bbox 2024 213 2100 256; baseline -0.026 0"><span class='ocrx_word' id='word_1_282' title='bbox 2024 213 2100 256; x_wconf 80' lang='lat'><strong>551</strong></span> 
     </span>
    </p>
   </div>
   <div class='ocr_carea' id='block_1_4' title="bbox 1130 286 2118 3355">
    <p class='ocr_par' dir='ltr' id='par_1_13' title="bbox 1130 286 2108 1029">
     <span class='ocr_line' id='line_1_52' title="bbox 1133 286 2103 341; baseline -0.002 -12"><span class='ocrx_word' id='word_1_283' title='bbox 1133 289 1237 341; x_wconf 87' lang='lat' dir='ltr'><strong>apud</strong></span> <span class='ocrx_word' id='word_1_284' title='bbox 1263 288 1491 328; x_wconf 88' lang='lat' dir='ltr'><strong>Gesnerum</strong></span> <span class='ocrx_word' id='word_1_285' title='bbox 1518 286 1686 340; x_wconf 81' lang='lat' dir='ltr'><strong>legitur)</strong></span> <span class='ocrx_word' id='word_1_286' title='bbox 1707 288 1978 337; x_wconf 87' lang='lat' dir='ltr'><strong>Taurinensis,</strong></span> <span class='ocrx_word' id='word_1_287' title='bbox 1999 288 2103 328; x_wconf 87' lang='lat' dir='ltr'><strong>Con-</strong></span> 
     </span>
     <span class='ocr_line' id='line_1_53' title="bbox 1133 351 2101 400; baseline -0.002 -9"><span class='ocrx_word' id='word_1_288' title='bbox 1133 352 1321 392; x_wconf 89' lang='lat' dir='ltr'><strong>dominus</strong></span> <span class='ocrx_word' id='word_1_289' title='bbox 1359 352 1598 400; x_wconf 81' lang='lat' dir='ltr'><strong>Roviliasci,</strong></span> <span class='ocrx_word' id='word_1_290' title='bbox 1623 352 1658 389; x_wconf 88' lang='lat' dir='ltr'><strong>J.</strong></span> <span class='ocrx_word' id='word_1_291' title='bbox 1684 351 1727 390; x_wconf 93' lang='lat' dir='ltr'><strong>U.</strong></span> <span class='ocrx_word' id='word_1_292' title='bbox 1753 353 1796 390; x_wconf 92' lang='lat' dir='ltr'><strong>D.</strong></span> <span class='ocrx_word' id='word_1_293' title='bbox 1824 352 1861 390; x_wconf 91' lang='lat' dir='ltr'><strong>in</strong></span> <span class='ocrx_word' id='word_1_294' title='bbox 1888 351 2101 391; x_wconf 78' lang='lat' dir='ltr'><strong>Academia</strong></span> 
     </span>
     <span class='ocr_line' id='line_1_54' title="bbox 1133 413 2101 466; baseline -0.002 -13"><span class='ocrx_word' id='word_1_295' title='bbox 1133 416 1258 466; x_wconf 84' lang='lat' dir='ltr'><strong>patria</strong></span> <span class='ocrx_word' id='word_1_296' title='bbox 1283 416 1390 454; x_wconf 88' lang='lat' dir='ltr'><strong>Juris</strong></span> <span class='ocrx_word' id='word_1_297' title='bbox 1431 414 1569 454; x_wconf 80' lang='lat' dir='ltr'><strong>Civilis</strong></span> <span class='ocrx_word' id='word_1_298' title='bbox 1597 415 1755 460; x_wconf 85' lang='lat' dir='ltr'><strong>Lector,</strong></span> <span class='ocrx_word' id='word_1_299' title='bbox 1782 414 1886 452; x_wconf 90' lang='lat' dir='ltr'><strong>circa</strong></span> <span class='ocrx_word' id='word_1_300' title='bbox 1926 425 1961 452; x_wconf 92' lang='grc'><strong>3.</strong></span> <span class='ocrx_word' id='word_1_301' title='bbox 1998 413 2101 453; x_wconf 91' lang='grc'><strong>1500</strong></span> 
     </span>
     <span class='ocr_line' id='line_1_55' title="bbox 1133 474 2100 529; baseline -0.002 -13"><span class='ocrx_word' id='word_1_302' title='bbox 1133 479 1292 529; x_wconf 86' lang='lat' dir='ltr'><strong>scripsit</strong></span> <span class='ocrx_word' id='word_1_303' title='bbox 1320 475 1536 516; x_wconf 79' lang='lat' dir='ltr'><strong>Praeludia</strong></span> <span class='ocrx_word' id='word_1_304' title='bbox 1568 474 1765 528; x_wconf 81' lang='lat' dir='ltr'><strong>feudalia,</strong></span> <span class='ocrx_word' id='word_1_305' title='bbox 1789 475 1829 515; x_wconf 83' lang='lat' dir='ltr'><strong>in</strong></span> <span class='ocrx_word' id='word_1_306' title='bbox 1864 475 2032 515; x_wconf 80' lang='lat' dir='ltr'><strong>Rubrio.</strong></span> <span class='ocrx_word' id='word_1_307' title='bbox 2063 475 2100 514; x_wconf 78' lang='lat'><strong>2.</strong></span> 
     </span>
     <span class='ocr_line' id='line_1_56' title="bbox 1130 537 2103 591; baseline -0.002 -13"><span class='ocrx_word' id='word_1_308' title='bbox 1130 539 1175 590; x_wconf 85' lang='lat' dir='ltr'><strong>ff.</strong></span> <span class='ocrx_word' id='word_1_309' title='bbox 1208 543 1283 578; x_wconf 88' lang='lat' dir='ltr'><strong>vet.</strong></span> <span class='ocrx_word' id='word_1_310' title='bbox 1319 540 1353 578; x_wconf 84' lang='lat' dir='ltr'><strong>si</strong></span> <span class='ocrx_word' id='word_1_311' title='bbox 1386 542 1536 577; x_wconf 85' lang='lat' dir='ltr'><strong>certum</strong></span> <span class='ocrx_word' id='word_1_312' title='bbox 1556 542 1742 589; x_wconf 84' lang='lat' dir='ltr'><strong>petatur,</strong></span> <span class='ocrx_word' id='word_1_313' title='bbox 1778 537 1801 577; x_wconf 88' lang='lat' dir='ltr'><strong>l.</strong></span> <span class='ocrx_word' id='word_1_314' title='bbox 1838 538 1875 577; x_wconf 90' lang='lat' dir='ltr'><strong>si</strong></span> <span class='ocrx_word' id='word_1_315' title='bbox 1910 538 2001 591; x_wconf 86' lang='lat' dir='ltr'><strong>quis</strong></span> <span class='ocrx_word' id='word_1_316' title='bbox 2035 549 2103 577; x_wconf 83' lang='lat' dir='ltr'><strong>nec</strong></span> 
     </span>
     <span class='ocr_line' id='line_1_57' title="bbox 1133 598 2104 649; baseline -0.002 -9"><span class='ocrx_word' id='word_1_317' title='bbox 1133 611 1300 641; x_wconf 84' lang='lat' dir='ltr'><strong>causam</strong></span> <span class='ocrx_word' id='word_1_318' title='bbox 1318 631 1328 649; x_wconf 87' lang='lat'><strong><em>‚</em></strong></span> <span class='ocrx_word' id='word_1_319' title='bbox 1349 600 1389 639; x_wconf 80' lang='lat' dir='ltr'><strong>in</strong></span> <span class='ocrx_word' id='word_1_320' title='bbox 1414 600 1544 649; x_wconf 65' lang='lat' dir='ltr'><strong>Quint.</strong></span> <span class='ocrx_word' id='word_1_321' title='bbox 1574 602 1631 639; x_wconf 85' lang='lat' dir='ltr'><strong>tit.</strong></span> <span class='ocrx_word' id='word_1_322' title='bbox 1662 599 1794 640; x_wconf 83' lang='lat' dir='ltr'><strong>Codic.</strong></span> <span class='ocrx_word' id='word_1_323' title='bbox 1817 598 1882 639; x_wconf 88' lang='lat' dir='ltr'><strong>lib.</strong></span> <span class='ocrx_word' id='word_1_324' title='bbox 1908 601 1944 639; x_wconf 94' lang='grc'><strong>1.</strong></span> <span class='ocrx_word' id='word_1_325' title='bbox 1964 599 2010 640; x_wconf 80' lang='lat' dir='ltr'><strong>cle</strong></span> <span class='ocrx_word' id='word_1_326' title='bbox 2030 601 2104 640; x_wconf 90' lang='lat' dir='ltr'><strong>Sa-</strong></span> 
     </span>
     <span class='ocr_line' id='line_1_58' title="bbox 1135 661 2108 714; baseline -0.001 -11"><span class='ocrx_word' id='word_1_327' title='bbox 1135 675 1236 704; x_wconf 88' lang='lat' dir='ltr'><strong>cros.</strong></span> <span class='ocrx_word' id='word_1_328' title='bbox 1275 661 1422 702; x_wconf 86' lang='lat' dir='ltr'><strong>Eccles.</strong></span> <span class='ocrx_word' id='word_1_329' title='bbox 1449 661 1471 701; x_wconf 85' lang='lat' dir='ltr'><strong>l.</strong></span> <span class='ocrx_word' id='word_1_330' title='bbox 1490 662 1642 714; x_wconf 83' lang='lat' dir='ltr'><strong>placet,</strong></span> <span class='ocrx_word' id='word_1_331' title='bbox 1665 666 1702 702; x_wconf 88' lang='lat' dir='ltr'><strong>et</strong></span> <span class='ocrx_word' id='word_1_332' title='bbox 1724 662 1771 703; x_wconf 86' lang='lat' dir='ltr'><strong>de</strong></span> <span class='ocrx_word' id='word_1_333' title='bbox 1799 664 2002 703; x_wconf 84' lang='lat' dir='ltr'><strong>Transact.</strong></span> <span class='ocrx_word' id='word_1_334' title='bbox 2023 662 2046 702; x_wconf 82' lang='lat' dir='ltr'><strong>l.</strong></span> <span class='ocrx_word' id='word_1_335' title='bbox 2071 663 2108 702; x_wconf 91' lang='lat' dir='ltr'><strong>si</strong></span> 
     </span>
     <span class='ocr_line' id='line_1_59' title="bbox 1135 724 2105 778; baseline 0 -13"><span class='ocrx_word' id='word_1_336' title='bbox 1135 728 1243 778; x_wconf 77' lang='lat' dir='ltr'><strong>quis,</strong></span> <span class='ocrx_word' id='word_1_337' title='bbox 1271 725 1311 764; x_wconf 85' lang='lat' dir='ltr'><strong>in</strong></span> <span class='ocrx_word' id='word_1_338' title='bbox 1348 725 1365 763; x_wconf 91' lang='lat'>1</span> <span class='ocrx_word' id='word_1_339' title='bbox 1398 724 1542 777; x_wconf 72' lang='lat' dir='ltr'><strong>Insort,</strong></span> <span class='ocrx_word' id='word_1_340' title='bbox 1567 725 1608 763; x_wconf 84' lang='lat' dir='ltr'><strong>in</strong></span> <span class='ocrx_word' id='word_1_341' title='bbox 1649 727 1704 764; x_wconf 81' lang='lat' dir='ltr'><strong>tit.</strong></span> <span class='ocrx_word' id='word_1_342' title='bbox 1740 725 1853 765; x_wconf 81' lang='lat' dir='ltr'><strong>solut.</strong></span> <span class='ocrx_word' id='word_1_343' title='bbox 1878 726 2105 765; x_wconf 82' lang='lat' dir='ltr'><strong>matrimon.</strong></span> 
     </span>
     <span class='ocr_line' id='line_1_60' title="bbox 1135 787 2106 840; baseline 0.002 -13"><span class='ocrx_word' id='word_1_344' title='bbox 1135 787 1419 840; x_wconf 81' lang='lat' dir='ltr'><strong>Repetitionem</strong></span> <span class='ocrx_word' id='word_1_345' title='bbox 1455 787 1496 826; x_wconf 81' lang='lat' dir='ltr'><strong>in</strong></span> <span class='ocrx_word' id='word_1_346' title='bbox 1537 788 1560 826; x_wconf 76' lang='lat'><strong>2</strong></span> <span class='ocrx_word' id='word_1_347' title='bbox 1593 791 1702 840; x_wconf 82' lang='lat' dir='ltr'><strong>part.</strong></span> <span class='ocrx_word' id='word_1_348' title='bbox 1736 788 1779 839; x_wconf 78' lang='lat' dir='ltr'><strong>ff.</strong></span> <span class='ocrx_word' id='word_1_349' title='bbox 1816 790 1927 840; x_wconf 86' lang='lat' dir='ltr'><strong>novi,</strong></span> <span class='ocrx_word' id='word_1_350' title='bbox 1967 789 2023 828; x_wconf 85' lang='lat' dir='ltr'><strong>tit.</strong></span> <span class='ocrx_word' id='word_1_351' title='bbox 2059 788 2106 829; x_wconf 84' lang='lat' dir='ltr'><strong>cle</strong></span> 
     </span>
     <span class='ocr_line' id='line_1_61' title="bbox 1135 849 2105 902; baseline 0.001 -11"><span class='ocrx_word' id='word_1_352' title='bbox 1135 849 1294 891; x_wconf 80' lang='lat' dir='ltr'><strong>verbor.</strong></span> <span class='ocrx_word' id='word_1_353' title='bbox 1311 849 1469 901; x_wconf 62' lang='lat' dir='ltr'><strong>obliqat:</strong></span> <span class='ocrx_word' id='word_1_354' title='bbox 1485 862 1586 901; x_wconf 85' lang='lat' dir='ltr'><strong>quae</strong></span> <span class='ocrx_word' id='word_1_355' title='bbox 1605 852 1768 889; x_wconf 81' lang='lat' dir='ltr'><strong>Taurini</strong></span> <span class='ocrx_word' id='word_1_356' title='bbox 1787 852 1981 902; x_wconf 88' lang='lat' dir='ltr'><strong>impressa</strong></span> <span class='ocrx_word' id='word_1_357' title='bbox 1997 857 2105 892; x_wconf 89' lang='lat' dir='ltr'><strong>sunt.</strong></span> 
     </span>
     <span class='ocr_line' id='line_1_62' title="bbox 1137 913 2108 966; baseline 0.001 -13"><span class='ocrx_word' id='word_1_358' title='bbox 1137 914 1261 954; x_wconf 88' lang='lat' dir='ltr'><strong>Andr.</strong></span> <span class='ocrx_word' id='word_1_359' title='bbox 1286 915 1463 954; x_wconf 81' lang='lat' dir='ltr'><strong>Rossotti</strong></span> <span class='ocrx_word' id='word_1_360' title='bbox 1490 913 1680 964; x_wconf 81' lang='lat' dir='ltr'><strong>Syllabus</strong></span> <span class='ocrx_word' id='word_1_361' title='bbox 1704 914 1950 966; x_wconf 88' lang='lat' dir='ltr'><strong>Scriptorum</strong></span> <span class='ocrx_word' id='word_1_362' title='bbox 1987 915 2108 954; x_wconf 85' lang='lat' dir='ltr'><strong>Pede-</strong></span> 
     </span>
     <span class='ocr_line' id='line_1_63' title="bbox 1142 976 1455 1029; baseline -0.01 -12"><span class='ocrx_word' id='word_1_363' title='bbox 1142 978 1280 1017; x_wconf 88' lang='lat' dir='ltr'><strong>montii</strong></span> <span class='ocrx_word' id='word_1_364' title='bbox 1306 989 1343 1029; x_wconf 90' lang='lat' dir='ltr'><strong>p.</strong></span> <span class='ocrx_word' id='word_1_365' title='bbox 1364 976 1455 1017; x_wconf 84' lang='grc'><strong>541.</strong></span> 
     </span>
    </p>

    <p class='ocr_par' dir='ltr' id='par_1_14' title="bbox 1135 1037 2114 2223">
     <span class='ocr_line' id='line_1_64' title="bbox 1191 1037 2109 1093; baseline 0.003 -13"><span class='ocrx_word' id='word_1_366' title='bbox 1191 1040 1394 1080; x_wconf 88' lang='lat' dir='ltr'><strong>THOMAS</strong></span> <span class='ocrx_word' id='word_1_367' title='bbox 1421 1037 1578 1089; x_wconf 74' lang='lat' dir='ltr'><strong>Penket,</strong></span> <span class='ocrx_word' id='word_1_368' title='bbox 1602 1039 1757 1093; x_wconf 82' lang='lat' dir='ltr'><strong>Angius</strong></span> <span class='ocrx_word' id='word_1_369' title='bbox 1784 1041 2005 1082; x_wconf 88' lang='lat' dir='ltr'><strong>monachus</strong></span> <span class='ocrx_word' id='word_1_370' title='bbox 2029 1042 2109 1084; x_wconf 88' lang='lat' dir='ltr'><strong>Au-</strong></span> 
     </span>
     <span class='ocr_line' id='line_1_65' title="bbox 1137 1103 2108 1157; baseline 0.001 -14"><span class='ocrx_word' id='word_1_371' title='bbox 1137 1104 1393 1154; x_wconf 82' lang='lat' dir='ltr'><strong>gustinianus</strong></span> <span class='ocrx_word' id='word_1_372' title='bbox 1437 1104 1474 1142; x_wconf 87' lang='lat' dir='ltr'><strong>in</strong></span> <span class='ocrx_word' id='word_1_373' title='bbox 1514 1103 1701 1143; x_wconf 89' lang='lat' dir='ltr'><strong>coenobio</strong></span> <span class='ocrx_word' id='word_1_374' title='bbox 1743 1105 2108 1157; x_wconf 82' lang='lat' dir='ltr'><strong>Warringtonensi,</strong></span> 
     </span>
     <span class='ocr_line' id='line_1_66' title="bbox 1139 1167 2109 1217; baseline 0.003 -12"><span class='ocrx_word' id='word_1_375' title='bbox 1139 1171 1314 1206; x_wconf 85' lang='lat' dir='ltr'><strong>sectator</strong></span> <span class='ocrx_word' id='word_1_376' title='bbox 1335 1168 1500 1206; x_wconf 66' lang='lat' dir='ltr'><strong>‚Ioannis</strong></span> <span class='ocrx_word' id='word_1_377' title='bbox 1538 1167 1671 1217; x_wconf 79' lang='lat' dir='ltr'><strong>Scoti,</strong></span> <span class='ocrx_word' id='word_1_378' title='bbox 1710 1167 1851 1206; x_wconf 88' lang='lat' dir='ltr'><strong>Oxonii</strong></span> <span class='ocrx_word' id='word_1_379' title='bbox 1893 1174 1933 1207; x_wconf 88' lang='lat' dir='ltr'><strong>et</strong></span> <span class='ocrx_word' id='word_1_380' title='bbox 1959 1170 2109 1208; x_wconf 87' lang='lat' dir='ltr'><strong>Patavii</strong></span> 
     </span>
     <span class='ocr_line' id='line_1_67' title="bbox 1139 1230 2110 1282; baseline 0.002 -14"><span class='ocrx_word' id='word_1_381' title='bbox 1139 1242 1213 1282; x_wconf 87' lang='lat' dir='ltr'><strong>per</strong></span> <span class='ocrx_word' id='word_1_382' title='bbox 1237 1230 1397 1281; x_wconf 83' lang='lat' dir='ltr'><strong>aliquod</strong></span> <span class='ocrx_word' id='word_1_383' title='bbox 1425 1235 1585 1281; x_wconf 89' lang='lat' dir='ltr'><strong>tempus</strong></span> <span class='ocrx_word' id='word_1_384' title='bbox 1612 1231 1866 1282; x_wconf 80' lang='lat' dir='ltr'><strong>Theoiogiam</strong></span> <span class='ocrx_word' id='word_1_385' title='bbox 1893 1231 2046 1278; x_wconf 85' lang='lat' dir='ltr'><strong>docuit,</strong></span> <span class='ocrx_word' id='word_1_386' title='bbox 2072 1233 2110 1270; x_wconf 92' lang='lat' dir='ltr'><strong>in</strong></span> 
     </span>
     <span class='ocr_line' id='line_1_68' title="bbox 1143 1292 2113 1345; baseline 0.004 -15"><span class='ocrx_word' id='word_1_387' title='bbox 1143 1294 1314 1343; x_wconf 88' lang='lat' dir='ltr'><strong>patriam</strong></span> <span class='ocrx_word' id='word_1_388' title='bbox 1350 1292 1476 1332; x_wconf 84' lang='lat' dir='ltr'><strong>redux</strong></span> <span class='ocrx_word' id='word_1_389' title='bbox 1501 1293 1662 1332; x_wconf 90' lang='lat' dir='ltr'><strong>Ordinis</strong></span> <span class='ocrx_word' id='word_1_390' title='bbox 1689 1295 1749 1333; x_wconf 89' lang='lat' dir='ltr'><strong>sui</strong></span> <span class='ocrx_word' id='word_1_391' title='bbox 1778 1306 1847 1345; x_wconf 85' lang='lat' dir='ltr'><strong>por</strong></span> <span class='ocrx_word' id='word_1_392' title='bbox 1867 1295 2048 1345; x_wconf 79' lang='lat' dir='ltr'><strong>Angliam</strong></span> <span class='ocrx_word' id='word_1_393' title='bbox 2072 1299 2113 1334; x_wconf 88' lang='lat' dir='ltr'><strong>et</strong></span> 
     </span>
     <span class='ocr_line' id='line_1_69' title="bbox 1141 1354 2112 1407; baseline 0.004 -15"><span class='ocrx_word' id='word_1_394' title='bbox 1141 1354 1367 1393; x_wconf 83' lang='lat' dir='ltr'><strong>Hiberniam</strong></span> <span class='ocrx_word' id='word_1_395' title='bbox 1396 1356 1666 1403; x_wconf 85' lang='lat' dir='ltr'><strong>Provincialis,</strong></span> <span class='ocrx_word' id='word_1_396' title='bbox 1692 1356 1787 1394; x_wconf 90' lang='lat' dir='ltr'><strong>obiit</strong></span> <span class='ocrx_word' id='word_1_397' title='bbox 1813 1368 1847 1395; x_wconf 92' lang='lat' dir='ltr'><strong>a.</strong></span> <span class='ocrx_word' id='word_1_398' title='bbox 1877 1355 1989 1395; x_wconf 91' lang='grc'><strong>1487.</strong></span> <span class='ocrx_word' id='word_1_399' title='bbox 2012 1358 2112 1407; x_wconf 84' lang='lat' dir='ltr'><strong>Ejus</strong></span> 
     </span>
     <span class='ocr_line' id='line_1_70' title="bbox 1140 1415 2112 1469; baseline 0.003 -15"><span class='ocrx_word' id='word_1_400' title='bbox 1140 1421 1236 1455; x_wconf 88' lang='lat' dir='ltr'><strong>sunt</strong></span> <span class='ocrx_word' id='word_1_401' title='bbox 1263 1415 1547 1456; x_wconf 84' lang='lat' dir='ltr'><strong>Annotatzones</strong></span> <span class='ocrx_word' id='word_1_402' title='bbox 1572 1418 1612 1456; x_wconf 79' lang='lat' dir='ltr'><strong>in</strong></span> <span class='ocrx_word' id='word_1_403' title='bbox 1644 1417 1923 1469; x_wconf 73' lang='lat' dir='ltr'><strong>Auyustinum,</strong></span> <span class='ocrx_word' id='word_1_404' title='bbox 1949 1419 1989 1457; x_wconf 81' lang='lat' dir='ltr'><strong>in</strong></span> <span class='ocrx_word' id='word_1_405' title='bbox 2022 1419 2112 1459; x_wconf 89' lang='lat' dir='ltr'><strong>Ma-</strong></span> 
     </span>
     <span class='ocr_line' id='line_1_71' title="bbox 1135 1478 2112 1534; baseline 0.004 -17"><span class='ocrx_word' id='word_1_406' title='bbox 1135 1478 1313 1530; x_wconf 71' lang='lat' dir='ltr'><strong>yt&#39;strum</strong></span> <span class='ocrx_word' id='word_1_407' title='bbox 1360 1479 1672 1528; x_wconf 80' lang='lat' dir='ltr'><strong>Sententiarum,</strong></span> <span class='ocrx_word' id='word_1_408' title='bbox 1717 1480 1756 1518; x_wconf 83' lang='lat' dir='ltr'><strong>in</strong></span> <span class='ocrx_word' id='word_1_409' title='bbox 1794 1480 2112 1534; x_wconf 76' lang='lat' dir='ltr'><strong>Metaphysicam</strong></span> 
     </span>
     <span class='ocr_line' id='line_1_72' title="bbox 1138 1539 2112 1594; baseline 0.003 -15"><span class='ocrx_word' id='word_1_410' title='bbox 1138 1539 1377 1591; x_wconf 85' lang='lat' dir='ltr'><strong>Aristotelis,</strong></span> <span class='ocrx_word' id='word_1_411' title='bbox 1400 1541 1555 1581; x_wconf 84' lang='lat' dir='ltr'><strong>Placz&#39;ta</strong></span> <span class='ocrx_word' id='word_1_412' title='bbox 1580 1541 1820 1594; x_wconf 72' lang='lat' dir='ltr'><strong>Theoloyz&#39;ca,</strong></span> <span class='ocrx_word' id='word_1_413' title='bbox 1845 1543 2047 1583; x_wconf 79' lang='lat' dir='ltr'><strong>Lectiones</strong></span> <span class='ocrx_word' id='word_1_414' title='bbox 2073 1555 2112 1582; x_wconf 77' lang='lat' dir='ltr'><strong>tn</strong></span> 
     </span>
     <span class='ocr_line' id='line_1_73' title="bbox 1142 1604 2109 1655; baseline 0.001 -11"><span class='ocrx_word' id='word_1_415' title='bbox 1142 1605 1324 1654; x_wconf 82' lang='lat' dir='ltr'><strong>Scotum,</strong></span> <span class='ocrx_word' id='word_1_416' title='bbox 1350 1604 1396 1644; x_wconf 87' lang='lat' dir='ltr'><strong>de</strong></span> <span class='ocrx_word' id='word_1_417' title='bbox 1416 1608 1505 1644; x_wconf 88' lang='lat' dir='ltr'><strong>arte</strong></span> <span class='ocrx_word' id='word_1_418' title='bbox 1525 1605 1838 1655; x_wconf 79' lang='lat' dir='ltr'><strong>sermocinandi,</strong></span> <span class='ocrx_word' id='word_1_419' title='bbox 1865 1604 2109 1645; x_wconf 73' lang='lat' dir='ltr'><strong>Elaciclatio-</strong></span> 
     </span>
     <span class='ocr_line' id='line_1_74' title="bbox 1144 1667 2109 1717; baseline 0.002 -11"><span class='ocrx_word' id='word_1_420' title='bbox 1144 1678 1213 1707; x_wconf 88' lang='lat' dir='ltr'><strong>nes</strong></span> <span class='ocrx_word' id='word_1_421' title='bbox 1246 1667 1526 1717; x_wconf 81' lang='lat' dir='ltr'><strong>naturalium,</strong></span> <span class='ocrx_word' id='word_1_422' title='bbox 1567 1669 1734 1708; x_wconf 86' lang='lat' dir='ltr'><strong>Summa</strong></span> <span class='ocrx_word' id='word_1_423' title='bbox 1777 1667 2002 1708; x_wconf 81' lang='lat' dir='ltr'><strong>dialectices</strong></span> <span class='ocrx_word' id='word_1_424' title='bbox 2040 1673 2109 1708; x_wconf 87' lang='lat' dir='ltr'><strong>etc.</strong></span> 
     </span>
     <span class='ocr_line' id='line_1_75' title="bbox 1140 1730 2109 1782; baseline 0.001 -12"><span class='ocrx_word' id='word_1_425' title='bbox 1140 1730 1276 1770; x_wconf 90' lang='lat' dir='ltr'><strong>Edidit</strong></span> <span class='ocrx_word' id='word_1_426' title='bbox 1301 1743 1460 1782; x_wconf 90' lang='lat' dir='ltr'><strong>quoque</strong></span> <span class='ocrx_word' id='word_1_427' title='bbox 1494 1736 1535 1770; x_wconf 87' lang='lat' dir='ltr'><strong>et</strong></span> <span class='ocrx_word' id='word_1_428' title='bbox 1574 1732 1806 1771; x_wconf 87' lang='lat' dir='ltr'><strong>emendavit</strong></span> <span class='ocrx_word' id='word_1_429' title='bbox 1840 1733 1898 1771; x_wconf 78' lang='lat' dir='ltr'><strong>Jo.</strong></span> <span class='ocrx_word' id='word_1_430' title='bbox 1933 1733 2045 1771; x_wconf 90' lang='lat' dir='ltr'><strong>Duns</strong></span> <span class='ocrx_word' id='word_1_431' title='bbox 2072 1735 2109 1771; x_wconf 92' lang='lat' dir='ltr'><strong>in</strong></span> 
     </span>
     <span class='ocr_line' id='line_1_76' title="bbox 1141 1794 2110 1847; baseline 0.003 -15"><span class='ocrx_word' id='word_1_432' title='bbox 1141 1794 1202 1834; x_wconf 91' lang='lat' dir='ltr'><strong>IV.</strong></span> <span class='ocrx_word' id='word_1_433' title='bbox 1237 1794 1357 1833; x_wconf 82' lang='lat' dir='ltr'><strong>libros</strong></span> <span class='ocrx_word' id='word_1_434' title='bbox 1395 1795 1709 1843; x_wconf 89' lang='lat' dir='ltr'><strong>sententiarum,</strong></span> <span class='ocrx_word' id='word_1_435' title='bbox 1736 1795 1877 1835; x_wconf 87' lang='lat' dir='ltr'><strong>Venet.</strong></span> <span class='ocrx_word' id='word_1_436' title='bbox 1910 1795 2010 1834; x_wconf 83' lang='grc'><strong>1481</strong></span> <span class='ocrx_word' id='word_1_437' title='bbox 2039 1808 2110 1847; x_wconf 88' lang='lat' dir='ltr'><strong>per</strong></span> 
     </span>
     <span class='ocr_line' id='line_1_77' title="bbox 1138 1856 2114 1909; baseline 0.003 -14"><span class='ocrx_word' id='word_1_438' title='bbox 1138 1857 1198 1896; x_wconf 91' lang='lat' dir='ltr'><strong>Jo.</strong></span> <span class='ocrx_word' id='word_1_439' title='bbox 1219 1856 1268 1896; x_wconf 91' lang='lat' dir='ltr'><strong>de</strong></span> <span class='ocrx_word' id='word_1_440' title='bbox 1293 1858 1455 1898; x_wconf 84' lang='lat' dir='ltr'><strong>Colonia</strong></span> <span class='ocrx_word' id='word_1_441' title='bbox 1481 1862 1522 1896; x_wconf 87' lang='lat' dir='ltr'><strong>et</strong></span> <span class='ocrx_word' id='word_1_442' title='bbox 1546 1859 1626 1897; x_wconf 74' lang='lat' dir='ltr'><strong>Nic.</strong></span> <span class='ocrx_word' id='word_1_443' title='bbox 1653 1857 1826 1906; x_wconf 88' lang='lat' dir='ltr'><strong>Jenson,</strong></span> <span class='ocrx_word' id='word_1_444' title='bbox 1853 1863 1893 1897; x_wconf 94' lang='lat' dir='ltr'><strong>et</strong></span> <span class='ocrx_word' id='word_1_445' title='bbox 1918 1856 2023 1897; x_wconf 84' lang='grc'><strong>1474</strong></span> <span class='ocrx_word' id='word_1_446' title='bbox 2044 1870 2114 1909; x_wconf 89' lang='lat' dir='ltr'><strong>per</strong></span> 
     </span>
     <span class='ocr_line' id='line_1_78' title="bbox 1140 1919 2110 1961; baseline 0.002 -3"><span class='ocrx_word' id='word_1_447' title='bbox 1140 1919 1350 1958; x_wconf 86' lang='lat' dir='ltr'><strong>Albertum</strong></span> <span class='ocrx_word' id='word_1_448' title='bbox 1389 1921 1438 1959; x_wconf 83' lang='lat' dir='ltr'><strong>de</strong></span> <span class='ocrx_word' id='word_1_449' title='bbox 1476 1920 1654 1960; x_wconf 87' lang='lat' dir='ltr'><strong>Stendal.</strong></span> <span class='ocrx_word' id='word_1_450' title='bbox 1694 1920 1897 1959; x_wconf 87' lang='lat' dir='ltr'><strong>Lelandus</strong></span> <span class='ocrx_word' id='word_1_451' title='bbox 1941 1933 1974 1961; x_wconf 87' lang='lat' dir='ltr'><strong>e.</strong></span> <span class='ocrx_word' id='word_1_452' title='bbox 2021 1921 2110 1960; x_wconf 82' lang='lat'><strong>580.</strong></span> 
     </span>
     <span class='ocr_line' id='line_1_79' title="bbox 1142 1982 2112 2023; baseline 0.001 -2"><span class='ocrx_word' id='word_1_453' title='bbox 1142 1983 1310 2022; x_wconf 88' lang='lat' dir='ltr'><strong>Balaeus</strong></span> <span class='ocrx_word' id='word_1_454' title='bbox 1337 1983 1500 2022; x_wconf 82' lang='lat' dir='ltr'><strong>Centur.</strong></span> <span class='ocrx_word' id='word_1_455' title='bbox 1532 1983 1633 2022; x_wconf 76' lang='lat' dir='ltr'><strong>VIII.</strong></span> <span class='ocrx_word' id='word_1_456' title='bbox 1672 1982 1735 2022; x_wconf 93' lang='grc'><strong>47.</strong></span> <span class='ocrx_word' id='word_1_457' title='bbox 1761 1984 1918 2022; x_wconf 88' lang='lat' dir='ltr'><strong>Pitseus</strong></span> <span class='ocrx_word' id='word_1_458' title='bbox 1948 1995 1981 2023; x_wconf 90' lang='lat' dir='ltr'><strong>c.</strong></span> <span class='ocrx_word' id='word_1_459' title='bbox 2021 1983 2112 2023; x_wconf 79' lang='lat'><strong>886.</strong></span> 
     </span>
     <span class='ocr_line' id='line_1_80' title="bbox 1141 2044 2108 2098; baseline 0.002 -14"><span class='ocrx_word' id='word_1_460' title='bbox 1141 2044 1238 2084; x_wconf 86' lang='lat' dir='ltr'><strong>Phil.</strong></span> <span class='ocrx_word' id='word_1_461' title='bbox 1263 2046 1381 2084; x_wconf 82' lang='lat' dir='ltr'><strong>Elssii</strong></span> <span class='ocrx_word' id='word_1_462' title='bbox 1414 2046 1735 2085; x_wconf 87' lang='lat' dir='ltr'><strong>Encomiasticon</strong></span> <span class='ocrx_word' id='word_1_463' title='bbox 1768 2046 2108 2098; x_wconf 79' lang='lat' dir='ltr'><strong>Augustinianum</strong></span> 
     </span>
     <span class='ocr_line' id='line_1_81' title="bbox 1140 2109 2112 2162; baseline 0.002 -14"><span class='ocrx_word' id='word_1_464' title='bbox 1140 2120 1179 2159; x_wconf 88' lang='lat' dir='ltr'><strong>p.</strong></span> <span class='ocrx_word' id='word_1_465' title='bbox 1204 2109 1295 2148; x_wconf 69' lang='lat'><strong>662.</strong></span> <span class='ocrx_word' id='word_1_466' title='bbox 1319 2109 1538 2149; x_wconf 85' lang='lat' dir='ltr'><strong>Gandolfus</strong></span> <span class='ocrx_word' id='word_1_467' title='bbox 1563 2109 1611 2148; x_wconf 89' lang='lat' dir='ltr'><strong>de</strong></span> <span class='ocrx_word' id='word_1_468' title='bbox 1637 2109 1823 2149; x_wconf 83' lang='lat' dir='ltr'><strong>ducentis</strong></span> <span class='ocrx_word' id='word_1_469' title='bbox 1849 2111 2112 2162; x_wconf 89' lang='lat' dir='ltr'><strong>scriptoribus</strong></span> 
     </span>
     <span class='ocr_line' id='line_1_82' title="bbox 1141 2171 1630 2223; baseline 0.004 -14"><span class='ocrx_word' id='word_1_470' title='bbox 1141 2171 1447 2221; x_wconf 76' lang='lat' dir='ltr'><strong>Angustinianis</strong></span> <span class='ocrx_word' id='word_1_471' title='bbox 1474 2185 1510 2223; x_wconf 90' lang='lat' dir='ltr'><strong>p.</strong></span> <span class='ocrx_word' id='word_1_472' title='bbox 1539 2171 1630 2211; x_wconf 89' lang='grc'><strong>340.</strong></span> 
     </span>
    </p>

    <p class='ocr_par' dir='ltr' id='par_1_15' title="bbox 1141 2233 2114 2400">
     <span class='ocr_line' id='line_1_83' title="bbox 1194 2233 2112 2288; baseline 0.008 -18"><span class='ocrx_word' id='word_1_473' title='bbox 1194 2234 1400 2273; x_wconf 83' lang='lat' dir='ltr'><strong>THOMAS</strong></span> <span class='ocrx_word' id='word_1_474' title='bbox 1417 2233 1600 2283; x_wconf 79' lang='lat' dir='ltr'><strong>Penzelo,</strong></span> <span class='ocrx_word' id='word_1_475' title='bbox 1615 2235 1835 2275; x_wconf 82' lang='lat' dir='ltr'><strong>Widensis:</strong></span> <span class='ocrx_word' id='word_1_476' title='bbox 1847 2236 1947 2288; x_wconf 89' lang='lat' dir='ltr'><strong>Ejus</strong></span> <span class='ocrx_word' id='word_1_477' title='bbox 1964 2236 2112 2278; x_wconf 83' lang='lat' dir='ltr'><strong>Modus</strong></span> 
     </span>
     <span class='ocr_line' id='line_1_84' title="bbox 1141 2295 2114 2350; baseline 0.006 -16"><span class='ocrx_word' id='word_1_478' title='bbox 1141 2295 1329 2335; x_wconf 80' lang='lat' dir='ltr'><strong>studendi</strong></span> <span class='ocrx_word' id='word_1_479' title='bbox 1351 2298 1574 2348; x_wconf 85' lang='lat' dir='ltr'><strong>impressus</strong></span> <span class='ocrx_word' id='word_1_480' title='bbox 1595 2302 1657 2337; x_wconf 88' lang='lat' dir='ltr'><strong>est</strong></span> <span class='ocrx_word' id='word_1_481' title='bbox 1680 2299 1833 2350; x_wconf 88' lang='lat' dir='ltr'><strong>Lipsiae</strong></span> <span class='ocrx_word' id='word_1_482' title='bbox 1851 2299 1957 2339; x_wconf 82' lang='grc'><strong>1507</strong></span> <span class='ocrx_word' id='word_1_483' title='bbox 1977 2312 2012 2340; x_wconf 92' lang='grc'><strong>3.</strong></span> <span class='ocrx_word' id='word_1_484' title='bbox 2031 2301 2114 2340; x_wconf 89' lang='lat' dir='ltr'><strong>Jac.</strong></span> 
     </span>
     <span class='ocr_line' id='line_1_85' title="bbox 1143 2360 1584 2400; baseline 0.005 -2"><span class='ocrx_word' id='word_1_485' title='bbox 1143 2360 1343 2399; x_wconf 86' lang='lat' dir='ltr'><strong>Thanner.</strong></span> <span class='ocrx_word' id='word_1_486' title='bbox 1366 2360 1584 2400; x_wconf 86' lang='lat' dir='ltr'><strong>Gesnerus.</strong></span> 
     </span>
    </p>

    <p class='ocr_par' dir='ltr' id='par_1_16' title="bbox 1145 2423 2115 2526">
     <span class='ocr_line' id='line_1_86' title="bbox 1197 2423 2115 2477; baseline 0.003 -16"><span class='ocrx_word' id='word_1_487' title='bbox 1197 2423 1408 2463; x_wconf 81' lang='lat' dir='ltr'><strong>THOMAS</strong></span> <span class='ocrx_word' id='word_1_488' title='bbox 1432 2423 1477 2463; x_wconf 86' lang='lat' dir='ltr'><strong>de</strong></span> <span class='ocrx_word' id='word_1_489' title='bbox 1500 2424 1702 2464; x_wconf 81' lang='lat' dir='ltr'><strong>Persenia.</strong></span> <span class='ocrx_word' id='word_1_490' title='bbox 1728 2423 1826 2465; x_wconf 88' lang='lat' dir='ltr'><strong>Vide</strong></span> <span class='ocrx_word' id='word_1_491' title='bbox 1848 2435 1969 2477; x_wconf 87' lang='lat' dir='ltr'><strong>supra</strong></span> <span class='ocrx_word' id='word_1_492' title='bbox 1996 2424 2115 2464; x_wconf 85' lang='lat' dir='ltr'><strong>THO-</strong></span> 
     </span>
     <span class='ocr_line' id='line_1_87' title="bbox 1145 2486 1566 2526; baseline 0.002 -2"><span class='ocrx_word' id='word_1_493' title='bbox 1145 2486 1246 2525; x_wconf 81' lang='lat' dir='ltr'><strong>MAS</strong></span> <span class='ocrx_word' id='word_1_494' title='bbox 1271 2486 1566 2526; x_wconf 79' lang='lat' dir='ltr'><strong>Cisterciensis.</strong></span> 
     </span>
    </p>

    <p class='ocr_par' dir='ltr' id='par_1_17' title="bbox 1146 2548 2118 3228">
     <span class='ocr_line' id='line_1_88' title="bbox 1202 2548 2115 2602; baseline 0.001 -14"><span class='ocrx_word' id='word_1_495' title='bbox 1202 2551 1402 2589; x_wconf 74' lang='lat' dir='ltr'><strong>TiiOMAS</strong></span> <span class='ocrx_word' id='word_1_496' title='bbox 1419 2548 1663 2600; x_wconf 83' lang='lat' dir='ltr'><strong>Peverellus‚</strong></span> <span class='ocrx_word' id='word_1_497' title='bbox 1682 2551 1745 2590; x_wconf 88' lang='lat' dir='ltr'><strong>vei</strong></span> <span class='ocrx_word' id='word_1_498' title='bbox 1762 2548 2002 2602; x_wconf 78' lang='lat' dir='ltr'><strong>Piperellus,</strong></span> <span class='ocrx_word' id='word_1_499' title='bbox 2025 2550 2115 2590; x_wconf 83' lang='lat' dir='ltr'><strong>Suf-</strong></span> 
     </span>
     <span class='ocr_line' id='line_1_89' title="bbox 1149 2611 2116 2664; baseline 0.001 -14"><span class='ocrx_word' id='word_1_500' title='bbox 1149 2611 1348 2660; x_wconf 80' lang='lat' dir='ltr'><strong>folcensis,</strong></span> <span class='ocrx_word' id='word_1_501' title='bbox 1375 2614 1682 2664; x_wconf 75' lang='lat' dir='ltr'><strong>Carmelitanus,</strong></span> <span class='ocrx_word' id='word_1_502' title='bbox 1709 2614 1945 2664; x_wconf 78' lang='lat' dir='ltr'><strong>Theologiae</strong></span> <span class='ocrx_word' id='word_1_503' title='bbox 1970 2614 2116 2651; x_wconf 86' lang='lat' dir='ltr'><strong>Doctor</strong></span> 
     </span>
     <span class='ocr_line' id='line_1_90' title="bbox 1146 2674 2114 2728; baseline 0.001 -15"><span class='ocrx_word' id='word_1_504' title='bbox 1146 2674 1454 2724; x_wconf 78' lang='lat' dir='ltr'><strong>Oxoniensis,a.</strong></span> <span class='ocrx_word' id='word_1_505' title='bbox 1476 2677 1591 2715; x_wconf 84' lang='lat'><strong>1397.</strong></span> <span class='ocrx_word' id='word_1_506' title='bbox 1608 2677 1831 2728; x_wconf 88' lang='lat' dir='ltr'><strong>Episcopus</strong></span> <span class='ocrx_word' id='word_1_507' title='bbox 1851 2676 2114 2724; x_wconf 84' lang='lat' dir='ltr'><strong>Ossoriensis,</strong></span> 
     </span>
     <span class='ocr_line' id='line_1_91' title="bbox 1147 2738 2114 2786; baseline 0 -10"><span class='ocrx_word' id='word_1_508' title='bbox 1147 2749 1182 2776; x_wconf 90' lang='grc'><strong>3.</strong></span> <span class='ocrx_word' id='word_1_509' title='bbox 1220 2739 1334 2778; x_wconf 90' lang='grc'><strong>1398.</strong></span> <span class='ocrx_word' id='word_1_510' title='bbox 1371 2739 1666 2786; x_wconf 83' lang='lat' dir='ltr'><strong>Landavensis,</strong></span> <span class='ocrx_word' id='word_1_511' title='bbox 1691 2744 1730 2779; x_wconf 88' lang='lat' dir='ltr'><strong>et</strong></span> <span class='ocrx_word' id='word_1_512' title='bbox 1759 2751 1862 2779; x_wconf 90' lang='lat' dir='ltr'><strong>anno</strong></span> <span class='ocrx_word' id='word_1_513' title='bbox 1888 2738 2004 2778; x_wconf 83' lang='grc'><strong>1407.</strong></span> <span class='ocrx_word' id='word_1_514' title='bbox 2033 2739 2114 2777; x_wconf 87' lang='lat' dir='ltr'><strong>Wi-</strong></span> 
     </span>
     <span class='ocr_line' id='line_1_92' title="bbox 1149 2801 2115 2851; baseline 0.001 -13"><span class='ocrx_word' id='word_1_515' title='bbox 1149 2803 1385 2851; x_wconf 77' lang='lat' dir='ltr'><strong>gorniensis,</strong></span> <span class='ocrx_word' id='word_1_516' title='bbox 1403 2803 1497 2842; x_wconf 88' lang='lat' dir='ltr'><strong>obiit</strong></span> <span class='ocrx_word' id='word_1_517' title='bbox 1522 2814 1557 2841; x_wconf 87' lang='lat' dir='ltr'><strong>a.</strong></span> <span class='ocrx_word' id='word_1_518' title='bbox 1576 2802 1679 2842; x_wconf 84' lang='grc'><strong>1517</strong></span> <span class='ocrx_word' id='word_1_519' title='bbox 1702 2802 1740 2842; x_wconf 93' lang='lat' dir='ltr'><strong>d.</strong></span> <span class='ocrx_word' id='word_1_520' title='bbox 1760 2803 1779 2841; x_wconf 93' lang='lat'>1</span> <span class='ocrx_word' id='word_1_521' title='bbox 1806 2804 1916 2841; x_wconf 82' lang='lat' dir='ltr'><strong>Mart.</strong></span> <span class='ocrx_word' id='word_1_522' title='bbox 1936 2801 2115 2847; x_wconf 87' lang='lat' dir='ltr'><strong>Baiaeus,</strong></span> 
     </span>
     <span class='ocr_line' id='line_1_93' title="bbox 1148 2864 2117 2914; baseline -0.001 -11"><span class='ocrx_word' id='word_1_523' title='bbox 1148 2867 1214 2914; x_wconf 86' lang='lat' dir='ltr'><strong>qui</strong></span> <span class='ocrx_word' id='word_1_524' title='bbox 1255 2866 1409 2904; x_wconf 85' lang='lat' dir='ltr'><strong>initium</strong></span> <span class='ocrx_word' id='word_1_525' title='bbox 1436 2876 1456 2904; x_wconf 89' lang='lat' dir='ltr'><strong>a</strong></span> <span class='ocrx_word' id='word_1_526' title='bbox 1482 2866 1563 2904; x_wconf 87' lang='lat' dir='ltr'><strong>Cal.</strong></span> <span class='ocrx_word' id='word_1_527' title='bbox 1599 2866 1687 2904; x_wconf 88' lang='lat' dir='ltr'><strong>Jan.</strong></span> <span class='ocrx_word' id='word_1_528' title='bbox 1726 2864 1910 2911; x_wconf 87' lang='lat' dir='ltr'><strong>deducit,</strong></span> <span class='ocrx_word' id='word_1_529' title='bbox 1948 2865 2057 2914; x_wconf 90' lang='lat' dir='ltr'><strong>ponit</strong></span> <span class='ocrx_word' id='word_1_530' title='bbox 2082 2874 2117 2902; x_wconf 89' lang='grc'><strong>3.</strong></span> 
     </span>
     <span class='ocr_line' id='line_1_94' title="bbox 1150 2926 2118 2977; baseline -0.002 -12"><span class='ocrx_word' id='word_1_531' title='bbox 1150 2926 1267 2966; x_wconf 86' lang='grc'><strong>1418.</strong></span> <span class='ocrx_word' id='word_1_532' title='bbox 1298 2927 1430 2966; x_wconf 84' lang='lat' dir='ltr'><strong>Edidit</strong></span> <span class='ocrx_word' id='word_1_533' title='bbox 1456 2927 1712 2977; x_wconf 79' lang='lat' dir='ltr'><strong>Quaestiones</strong></span> <span class='ocrx_word' id='word_1_534' title='bbox 1752 2926 1996 2977; x_wconf 66' lang='grc' dir='ltr'><strong>ΤΙισοΙυῃίασ,</strong></span> <span class='ocrx_word' id='word_1_535' title='bbox 2023 2927 2118 2965; x_wconf 86' lang='lat' dir='ltr'><strong>Ser-</strong></span> 
     </span>
     <span class='ocr_line' id='line_1_95' title="bbox 1149 2987 2117 3039; baseline -0.001 -11"><span class='ocrx_word' id='word_1_536' title='bbox 1149 3001 1282 3029; x_wconf 87' lang='lat' dir='ltr'><strong>mones</strong></span> <span class='ocrx_word' id='word_1_537' title='bbox 1306 2989 1500 3039; x_wconf 86' lang='lat' dir='ltr'><strong>solennes,</strong></span> <span class='ocrx_word' id='word_1_538' title='bbox 1526 2996 1567 3029; x_wconf 89' lang='lat' dir='ltr'><strong>et</strong></span> <span class='ocrx_word' id='word_1_539' title='bbox 1596 2990 1872 3029; x_wconf 75' lang='lat' dir='ltr'><strong>Ordinationes</strong></span> <span class='ocrx_word' id='word_1_540' title='bbox 1907 2988 1975 3028; x_wconf 83' lang='lat' dir='ltr'><strong>sui</strong></span> <span class='ocrx_word' id='word_1_541' title='bbox 2006 2987 2117 3028; x_wconf 75' lang='lat' dir='ltr'><strong>cleri.</strong></span> 
     </span>
     <span class='ocr_line' id='line_1_96' title="bbox 1151 3050 2115 3093; baseline -0.001 -2"><span class='ocrx_word' id='word_1_542' title='bbox 1151 3053 1350 3092; x_wconf 84' lang='lat' dir='ltr'><strong>Lelandus</strong></span> <span class='ocrx_word' id='word_1_543' title='bbox 1373 3065 1407 3092; x_wconf 89' lang='lat' dir='ltr'><strong>c.</strong></span> <span class='ocrx_word' id='word_1_544' title='bbox 1443 3053 1535 3093; x_wconf 83' lang='lat'><strong>518.</strong></span> <span class='ocrx_word' id='word_1_545' title='bbox 1560 3055 1731 3093; x_wconf 85' lang='lat' dir='ltr'><strong>Balaeus</strong></span> <span class='ocrx_word' id='word_1_546' title='bbox 1756 3053 1920 3092; x_wconf 90' lang='lat' dir='ltr'><strong>Centur.</strong></span> <span class='ocrx_word' id='word_1_547' title='bbox 1948 3052 2031 3090; x_wconf 79' lang='lat' dir='ltr'><strong>vii.</strong></span> <span class='ocrx_word' id='word_1_548' title='bbox 2052 3050 2115 3090; x_wconf 89' lang='grc'><strong>49.</strong></span> 
     </span>
     <span class='ocr_line' id='line_1_97' title="bbox 1151 3114 2118 3167; baseline -0.001 -14"><span class='ocrx_word' id='word_1_549' title='bbox 1151 3117 1308 3154; x_wconf 82' lang='lat' dir='ltr'><strong>Pitscus</strong></span> <span class='ocrx_word' id='word_1_550' title='bbox 1341 3127 1375 3155; x_wconf 86' lang='lat' dir='ltr'><strong>c.</strong></span> <span class='ocrx_word' id='word_1_551' title='bbox 1399 3115 1492 3155; x_wconf 87' lang='grc'><strong>769.</strong></span> <span class='ocrx_word' id='word_1_552' title='bbox 1528 3116 1725 3155; x_wconf 85' lang='lat' dir='ltr'><strong>Waraeus</strong></span> <span class='ocrx_word' id='word_1_553' title='bbox 1759 3115 1807 3154; x_wconf 88' lang='lat' dir='ltr'><strong>dc</strong></span> <span class='ocrx_word' id='word_1_554' title='bbox 1846 3116 2028 3167; x_wconf 85' lang='lat' dir='ltr'><strong>scriptor.</strong></span> <span class='ocrx_word' id='word_1_555' title='bbox 2054 3114 2118 3153; x_wconf 87' lang='lat' dir='ltr'><strong>Hi-</strong></span> 
     </span>
     <span class='ocr_line' id='line_1_98' title="bbox 1154 3179 1495 3228; baseline 0 -11"><span class='ocrx_word' id='word_1_556' title='bbox 1154 3179 1312 3217; x_wconf 77' lang='lat' dir='ltr'><strong>berniae</strong></span> <span class='ocrx_word' id='word_1_557' title='bbox 1339 3191 1374 3228; x_wconf 90' lang='lat' dir='ltr'><strong>p.</strong></span> <span class='ocrx_word' id='word_1_558' title='bbox 1404 3179 1495 3217; x_wconf 72' lang='lat'><strong>⁴27.</strong></span> 
     </span>
    </p>

    <p class='ocr_par' dir='ltr' id='par_1_18' title="bbox 1155 3238 2116 3355">
     <span class='ocr_line' id='line_1_99' title="bbox 1208 3238 2116 3293; baseline -0.001 -13"><span class='ocrx_word' id='word_1_559' title='bbox 1208 3241 1408 3280; x_wconf 79' lang='lat' dir='ltr'><strong>TllOMAS</strong></span> <span class='ocrx_word' id='word_1_560' title='bbox 1441 3241 1630 3293; x_wconf 81' lang='lat' dir='ltr'><strong>Pi&#39;perata</strong></span> <span class='ocrx_word' id='word_1_561' title='bbox 1659 3252 1691 3280; x_wconf 93' lang='lat' dir='ltr'><strong>s.</strong></span> <span class='ocrx_word' id='word_1_562' title='bbox 1721 3239 1767 3280; x_wconf 70' lang='lat' dir='ltr'><strong>(Ie</strong></span> <span class='ocrx_word' id='word_1_563' title='bbox 1799 3238 2011 3280; x_wconf 86' lang='lat' dir='ltr'><strong>Storletis:</strong></span> <span class='ocrx_word' id='word_1_564' title='bbox 2042 3241 2116 3279; x_wconf 87' lang='lat' dir='ltr'><strong>Bo-</strong></span> 
     </span>
     <span class='ocr_line' id='line_1_100' title="bbox 1155 3303 2114 3355; baseline -0.001 -13"><span class='ocrx_word' id='word_1_565' title='bbox 1155 3305 1381 3350; x_wconf 78' lang='lat' dir='ltr'><strong>noniensis,</strong></span> <span class='ocrx_word' id='word_1_566' title='bbox 1407 3305 1733 3353; x_wconf 85' lang='lat' dir='ltr'><strong>JureconsultuS,</strong></span> <span class='ocrx_word' id='word_1_567' title='bbox 1770 3304 1931 3355; x_wconf 80' lang='lat' dir='ltr'><strong>scripsit</strong></span> <span class='ocrx_word' id='word_1_568' title='bbox 1970 3303 2114 3342; x_wconf 84' lang='lat' dir='ltr'><strong>librum</strong></span> 
     </span>
    </p>
   </div>
   <div class='ocr_carea' id='block_1_5' title="bbox 165 3363 2117 3420">
    <p class='ocr_par' dir='ltr' id='par_1_19' title="bbox 165 3363 2117 3420">
     <span class='ocr_line' id='line_1_101' title="bbox 165 3363 2117 3420; baseline 0 -15"><span class='ocrx_word' id='word_1_569' title='bbox 165 3364 372 3408; x_wconf 80' lang='lat' dir='ltr'><strong>THOMAS</strong></span> <span class='ocrx_word' id='word_1_570' title='bbox 406 3363 622 3420; x_wconf 74' lang='lat' dir='ltr'><strong>Parpana,</strong></span> <span class='ocrx_word' id='word_1_571' title='bbox 650 3368 749 3419; x_wconf 87' lang='lat' dir='ltr'><strong>(non</strong></span> <span class='ocrx_word' id='word_1_572' title='bbox 776 3367 1001 3420; x_wconf 82' lang='lat' dir='ltr'><strong>Parapalia‚</strong></span> <span class='ocrx_word' id='word_1_573' title='bbox 1037 3373 1082 3409; x_wconf 91' lang='lat' dir='ltr'><strong>ut</strong></span> <span class='ocrx_word' id='word_1_574' title='bbox 1159 3366 1204 3408; x_wconf 87' lang='lat' dir='ltr'><strong>de</strong></span> <span class='ocrx_word' id='word_1_575' title='bbox 1229 3365 1342 3419; x_wconf 81' lang='lat' dir='ltr'><strong>sama</strong></span> <span class='ocrx_word' id='word_1_576' title='bbox 1376 3369 1484 3420; x_wconf 70' lang='lat' dir='ltr'><strong>typis</strong></span> <span class='ocrx_word' id='word_1_577' title='bbox 1516 3378 1730 3416; x_wconf 77' lang='lat' dir='ltr'><strong>excusum,</strong></span> <span class='ocrx_word' id='word_1_578' title='bbox 1767 3371 1808 3407; x_wconf 88' lang='lat' dir='ltr'><strong>et</strong></span> <span class='ocrx_word' id='word_1_579' title='bbox 1847 3365 2117 3417; x_wconf 78' lang='lat' dir='ltr'><strong>Quaestiones.</strong></span> 
     </span>
    </p>
   </div>
  </div>
 </body>
</html>
