2533 4009
465 217 539 255 5232
979 250 982 251 γ

520 286 575 322 De
594 281 764 320 laesione
786 273 1039 323 vc'tyt‘ni'tatis,
1055 274 1090 309 et
1113 281 1166 307 an
1187 269 1313 320 possit
1335 280 1424 307 con-

466 355 619 384 secrari
644 326 873 386 corrupta?
897 345 983 384 pag.
1004 332 1093 369 973.
1115 332 1303 385 Quaestio
1328 331 1425 368 haec

467 406 537 456 ipsi
563 400 757 452 proposita
776 397 903 434 fuerat
923 405 944 432 a
971 391 1142 442 quodam
1163 391 1337 437 Clerico,
1357 402 1426 429 cu-

463 468 529 514 jus
566 463 689 511 prima
730 458 839 494 litera
882 459 967 492 erat
995 454 1056 490 W.
1080 452 1142 490 An
1180 451 1424 501 viryinr'tatis

465 522 621 561 amittat
639 517 843 568 palmam,
866 515 937 565 qm·
955 512 1018 552 vel
1038 524 1140 564 quae
1155 512 1332 562 propriis
1353 515 1424 550 aut

468 580 607 621 alienis
622 576 817 621 mam'bus,
838 574 901 614 vel
915 573 1093 625 qualibet
1104 571 1187 610 alia
1203 579 1294 610 arte
1306 583 1426 623 prac-

471 637 779 682 ter-*naturalem
798 636 955 681 coitum,
970 633 1049 673 sibi
1067 645 1198 679 semen
1220 632 1427 672 elicuerit?

466 703 746 750 Quaestionem
789 698 890 736 banc
931 696 979 734 de
1017 697 1116 734 viris
1153 697 1317 734 excitari
1351 706 1426 733 non

468 767 612 808 miror;
639 760 708 799 sed
735 760 807 798 hoc
829 769 905 796 non
926 757 1082 808 placet,
1120 768 1143 795 a
1186 756 1332 795 talibus
1358 756 1430 794 bas

467 825 724 875 quaestiones
746 822 850 859 circa
872 820 1098 869 sequiorem
1125 828 1269 856 sexum
1296 828 1431 856 move-

469 890 526 931 ri,
551 890 591 924 et
614 883 661 923 ad
692 882 855 922 easdem
881 880 1138 930 responderi,
1168 878 1316 927 quibus
1353 878 1431 928 glo-

465 950 614 986 riosum
645 950 706 984 est
731 955 808 982 non
851 952 968 980 nosse
1009 941 1230 987 foeminas,
1255 943 1296 978 et
1326 940 1433 990 igno-

467 1009 635 1047 rantiam
660 1016 774 1044 suam
796 1005 929 1054 potius
949 1002 1059 1041 fateri
1077 1000 1287 1047 debebant,
1311 1011 1431 1049 quam

468 1069 517 1108 dc
547 1068 691 1107 talibus
717 1065 779 1103 vel
806 1065 993 1113 cogitare.

526 1131 609 1169 Huc
636 1138 763 1177 usque
801 1125 920 1164 editio
959 1124 1214 1175 moguntina,
1253 1122 1322 1162 sed
1360 1122 1434 1162 alia

471 1201 632 1240 quoque
652 1193 742 1239 post
777 1186 814 1224 id
853 1190 1014 1236 tempus
1048 1184 1152 1223 edita
1179 1188 1306 1232 sunt,
1331 1195 1434 1234 quae

470 1262 576 1292 nunc
605 1249 807 1290 addimus.

523 1311 715 1363 Apoloyia
739 1310 900 1360 Ruperti
927 1308 1086 1359 quando
1109 1309 1268 1356 citatur,
1295 1318 1344 1346 ne
1367 1308 1437 1346 Le-

472 1379 558 1412 ctor
586 1373 691 1411 illam
718 1373 754 1409 in
780 1370 978 1420 Operibus
1003 1370 1108 1409 illius
1134 1370 1280 1408 frustra
1304 1370 1435 1418 requi-

472 1440 558 1482 rat,
584 1432 793 1472 sciendum
818 1436 906 1478 est,
932 1442 1017 1469 eam
1044 1441 1134 1468 esso
1175 1431 1318 1468 librum
1359 1431 1436 1480 pri-

473 1507 584 1536 mum
610 1495 750 1545 Operis
775 1493 814 1531 in
838 1491 1037 1544 quaedam
1059 1490 1247 1542 capitula
1262 1490 1434 1541 Requlae

473 1559 514 1597 S.
538 1555 750 1595 Benedicti.
772 1555 874 1593 Cum
900 1555 1006 1592 enim
1032 1553 1080 1591 ab
1104 1553 1273 1591 aemulis
1293 1553 1436 1602 quibu-

475 1618 588 1657 sdam
616 1618 826 1656 lacessitus
863 1616 1032 1661 fuisset,
1062 1619 1102 1652 et
1132 1615 1342 1653 haereseos
1373 1625 1437 1652 ac-

470 1684 661 1724 cusatus,
687 1689 811 1727 quum
833 1687 883 1714 ex
908 1676 1068 1724 scriptis
1109 1675 1196 1723 eJus
1235 1676 1343 1713 varia
1368 1685 1437 1712 ex-

475 1740 731 1790 sculperent,
755 1743 795 1775 et
824 1739 862 1775 in
901 1746 1066 1774 sensum
1099 1746 1268 1785 pravum
1300 1734 1438 1773 detor-

474 1804 646 1851 querent
662 1829 672 1845 ‚
697 1801 780 1849 ipse
806 1802 969 1837 coactus
992 1801 1055 1834 est
1075 1806 1118 1834 se
1141 1806 1335 1834 excusare
1357 1824 1365 1843 ‚
1396 1800 1437 1833 et

474 1863 564 1912 ejus
585 1863 640 1899 rei
661 1861 786 1910 gratia
813 1858 1062 1910 juvenculus
1096 1858 1220 1896 asello
1267 1860 1434 1905 vectus,

469 1929 510 1961 et
534 1934 613 1962 uno
637 1932 760 1971 puero
781 1921 997 1958 comitatus
1022 1920 1059 1956 in
1091 1919 1302 1958 Franciam
1327 1917 1434 1955 abiit.

476 1984 552 2024 Sed
579 1984 641 2022 ille
666 1982 791 2021 multa
814 1981 1000 2018 historica
1024 1979 1073 2018 de
1098 1979 1171 2017 hoc
1198 1979 1338 2016 itinere
1359 1988 1435 2015 non

473 2049 646 2084 enarrat.
689 2043 790 2081 Loca
834 2040 1030 2092 quaedam
1069 2045 1256 2090 excerpta
1288 2051 1337 2078 ex
1363 2039 1436 2077 hac

475 2107 662 2157 Apologia
687 2104 796 2143 dedit
821 2102 1050 2141 Witlicbius
1075 2105 1164 2152 post
1203 2101 1348 2139 librum
1387 2099 1437 2138 de

477 2167 657 2206 incendio
682 2166 874 2205 Tuitiensi
916 2175 951 2214 p.
995 2164 1058 2201 94.
1080 2174 1204 2212 quum
1232 2163 1316 2212 ipsa
1342 2165 1438 2199 tunc

476 2228 653 2266 nondum
679 2230 789 2264 esset
812 2225 917 2263 edita
938 2253 945 2272 a
967 2223 1036 2262 sed
1061 2234 1203 2261 omnes
1228 2223 1316 2260 illae
1345 2232 1437 2260 sen-

478 2291 629 2327 tentiae
667 2288 765 2326 libro
803 2286 875 2324 hoc
915 2286 1066 2335 prim0‚
1100 2295 1220 2334 quem
1251 2282 1442 2322 indicavi-

478 2361 570 2389 mus
586 2381 595 2397 ,
628 2349 902 2387 inveniuntur.

529 2409 786 2459 Dialoyorum
810 2408 913 2446 inter
941 2407 1214 2448 Christianum
1240 2410 1277 2445 et
1295 2403 1442 2444 Judae-

475 2482 541 2509 um
567 2470 663 2509 libri
685 2470 759 2509 III.
784 2470 931 2520 quibus
951 2468 1100 2508 Annuli
1122 2480 1271 2507 nomen
1302 2467 1440 2512 dedit,

476 2533 568 2571 editi
601 2537 697 2571 sunt
733 2543 754 2571 a
791 2532 912 2570 Gabr.
947 2529 1191 2569 Gerberonio
1215 2529 1262 2568 ad
1287 2529 1439 2568 calcem

474 2595 651 2644 Operum
676 2593 868 2632 Anselmi.
895 2594 1018 2631 Paris.
1044 2591 1162 2631 4675.
1185 2604 1221 2642 p.
1248 2591 1338 2630 524.

530 2655 697 2704 Scripsit
720 2656 839 2692 etiam
880 2655 955 2692 Res
991 2657 1125 2704 qestas
1151 2652 1440 2704 Episcoporum

476 2715 747 2753 Leodiensium
773 2718 810 2753 et
828 2713 1028 2752 Abbatum
1043 2715 1083 2754 S.
1100 2713 1310 2752 Laurentii
1328 2713 1439 2752 libris

475 2776 519 2812 Y.
557 2787 725 2825 quorum
765 2780 848 2813 tres
887 2777 1038 2825 priores
1075 2776 1307 2825 perierunt,
1345 2774 1438 2823 quia

477 2836 700 2875 monachus
726 2837 934 2885 imperitus
959 2846 1026 2874 eos
1048 2847 1069 2873 e
1092 2835 1228 2873 codice
1262 2835 1436 2882 abrasit,

475 2902 515 2934 et
539 2897 747 2947 Epitomen
774 2895 914 2946 Operis
939 2896 1125 2935 Bernardi
1166 2897 1202 2933 in
1246 2896 1407 2934 Cantica
1429 2923 1437 2942 ‚

477 2969 578 3007 quae
618 2958 736 3008 vulgo
777 2958 942 2998 Reinero
986 2958 1199 3005 tribuitur,
1243 2957 1433 3006 reposuit.

478 3018 585 3057 Duos
624 3020 798 3069 reliquos
833 3020 1085 3059 abbreviatos
1108 3018 1156 3057 ab
1175 3030 1210 3057 a.
1235 3018 1326 3057 959.
1355 3017 1437 3056 edi-

478 3078 624 3118 derunt
645 3083 819 3120 Martene
840 3087 881 3119 ct
906 3080 1064 3120 Durand
1091 3080 1252 3120 Collect.
1276 3079 1436 3130 amplis-

482 3140 579 3177 sima
607 3146 701 3180 tom.
726 3143 774 3180 lV
799 3155 834 3193 p.
862 3143 976 3182 4033.
1002 3154 1093 3181 cum
1121 3143 1318 3181 variorum
1344 3152 1434 3179 con-

480 3199 776 3241 tinuationibus.

538 3257 588 3294 Ite
625 3261 705 3297 vita
742 3274 833 3301 vere
858 3264 1075 3314 Apostolica
1099 3264 1354 3314 Dictl09‹›rum
1386 3264 1429 3302 li-

1259 199 1648 239 RUPER'rUs

1501 267 1568 306 bri
1589 269 1626 306 V.
1652 267 1746 306 editi
1773 272 1868 307 sunt
1893 279 1914 307 a
1934 269 2108 309 Martene
2133 270 2174 304 ot
2190 265 2347 305 Durand
2374 266 2460 306 Col·

1501 329 1589 366 lect.
1615 328 1796 377 ampliss.
1820 329 1889 367 lx.
1915 339 2002 379 pag.
2028 328 2121 366 969.
2147 328 2183 364 in
2210 325 2356 376 quibus
2393 337 2462 366 au-

1498 393 1584 428 ctor
1612 387 1886 428 demonstrare
1909 392 2044 440 cupit,
2068 387 2284 428 monachos
2307 387 2356 427 ad
2374 398 2460 427 om-

1499 451 1563 488 nia
1587 449 1788 488 Ecclesiae
1813 452 1946 490 munia
1972 449 2156 490 obeunda
2181 449 2344 488 idoneos
2357 459 2460 498 esse,

1499 521 1782 559 summamque
1809 510 1885 548 illis
1908 510 2093 560 injuriam
2119 522 2140 550 a
2165 509 2380 549 Canonicis
2399 520 2463 549 re-

1499 571 1707 622 gularibus
1738 570 1820 609 {ieri
1841 601 1850 619 ,
1886 572 1952 620 qui
1985 573 2050 610 vix
2085 572 2220 611 seculo
2249 572 2318 611 XI.
2351 581 2466 610 exor-

1501 634 1555 679 ti,
1585 633 1720 670 statim
1751 631 1810 668 eis
1845 631 1996 670 bellum
2027 632 2272 671 indixerunt.
2315 633 2460 671 Horum

1502 694 1759 744 dialogorum,
1777 693 1897 731 verba
1922 696 2018 732 sunt
2037 693 2328 733 observationis
2350 703 2465 744 prae-

1505 756 1591 794 viae
1612 784 1620 802 ,
1662 758 1801 793 auctor
1843 763 1960 792 suum
2007 764 2055 792 ex
2100 755 2278 804 professo
2321 763 2465 793 nomen

1506 815 1726 862 subticuit,
1749 815 1781 853 si
1807 814 1900 865 quid
1928 816 1966 853 in
1988 815 2050 853 eis
2078 814 2168 853 boni
2208 815 2398 866 protulit,
2428 813 2465 853 id

1506 882 1635 916 totum
1659 877 1740 915 Deo
1756 907 1766 924 ,
1792 887 1814 915 a
1838 887 1916 926 quo
1939 886 2059 914 omne
2079 875 2250 924 bonum,
2271 877 2462 924 referens,

1506 943 1728 990 optansque
1749 967 1758 985 ,
1782 941 1827 976 ut
1849 935 1966 976 laude
1989 947 2070 976 sua
2087 939 2223 976 mutus
2247 935 2349 988 liber
2381 937 2466 989 ipse

1509 1000 1680 1051 leqatur,
1701 998 1911 1039 dummodo
1936 997 2094 1037 laudem
2113 998 2189 1037 Dei
2208 1001 2248 1037 et
2264 997 2466 1038 Ecclesiae

1507 1062 1708 1113 loquatur.
1731 1061 1910 1112 Scriptos
1935 1066 2068 1099 tamen
2088 1071 2109 1100 a
2135 1060 2314 1111 Ruperto
2332 1059 2466 1099 Abba-

1509 1129 1548 1163 te
1585 1124 1779 1163 Tuitiensi
1819 1134 1940 1173 prope
1977 1122 2181 1161 Coloniam
2208 1121 2464 1172 Agrippinam

1508 1188 1735 1235 conjectura
1778 1195 1856 1223 non
1897 1185 1976 1223 levi
2018 1193 2235 1235 possumus
2272 1191 2466 1221 asserere.

1508 1250 1607 1288 Nam
1658 1247 1958 1286 Graffchatense
2001 1244 2315 1292 monasterium,
2350 1242 2468 1293 cujus

1509 1321 1557 1349 ex
1582 1309 1717 1349 codice
1744 1309 1808 1348 illa
1831 1311 1960 1347 aetate
1984 1310 2146 1347 exarato
2175 1306 2284 1357 ipsos
2321 1304 2470 1343 descri-

1509 1373 1689 1423 psimus,
1714 1372 1836 1410 situm
1861 1374 1924 1408 est
1938 1370 1984 1408 in
2009 1367 2180 1407 dioecesi
2213 1365 2467 1413 Coloniensi,

1510 1434 1719 1482 simileque
1743 1432 1948 1483 exemplar
1969 1434 2109 1482 postea
2132 1430 2171 1467 in
2196 1430 2283 1480 ipso
2305 1426 2468 1478 Ruperti

1510 1494 1697 1533 coenobio
1722 1493 1917 1531 Tuitiensi
1942 1492 2189 1542 reperimus,
2222 1487 2328 1540 quod
2366 1498 2470 1538 pene

1511 1556 1674 1595 unicum
1692 1566 1742 1593 ex
1758 1554 1945 1593 omnibus
1970 1553 2070 1591 tanti
2090 1552 2166 1590 -viri
2187 1549 2386 1601 Operibus
2402 1549 2472 1588 ibi·

1511 1616 1600 1654 dem
1628 1619 1836 1665 superstes
1874 1613 2054 1652 habetur.
2080 1611 2229 1652 Deinde
2252 1615 2390 1650 auctor
2425 1609 2470 1648 li-

1510 1678 1626 1716 brum
1653 1687 1770 1715 suum
1793 1676 1958 1714 tertium
1987 1674 2050 1712 his
2083 1673 2274 1712 terminat
2309 1671 2469 1710 verbis:

1510 1737 1723 1776 Imminens
1739 1737 1780 1776 S.
1803 1734 1959 1775 Nicolat
1974 1734 2171 1787 festivitas
2193 1731 2387 1784 compellet
2398 1742 2469 1771 nos

1509 1797 1588 1838 sibi
1609 1797 1788 1836 insistere
1802 1828 1813 1845 ,
1838 1795 1941 1835 unde
1964 1793 2240 1847 compellimur
2277 1797 2470 1845 quartum

1510 1858 1752 1909 distinyuere
1774 1888 1782 1906 ‚
1811 1857 1928 1907 qu'us
1949 1856 2003 1896 ad
2025 1855 2094 1895 hoc
2114 1865 2328 1907 possumus
2344 1865 2464 1905 prece
2509 1903 2512 1905 Β

1501 1920 1658 1972 juvari.
1681 1922 1798 1958 Porro
1821 1918 1858 1957 S.
1884 1918 2070 1957 Nicolaus
2095 1922 2289 1968 patronus
2311 1920 2374 1954 est
2410 1916 2470 1954 vi-

1509 1983 1585 2020 cini
1603 1981 1732 2020 Tuitio
1747 1980 2083 2019 Brunvillarensis
2104 1978 2346 2024 monaster-ii,
2369 1987 2466 2028 quo-

1514 2053 1605 2082 cum
1627 2051 1810 2091 magnam
1828 2039 1932 2079 haud
1950 2039 2116 2078 dubium
2136 2037 2470 2078 consuetudinem

1512 2103 1682 2142 habebat
1707 2103 1921 2151 Rupertus.
1943 2101 2115 2139 Demum
2141 2103 2296 2139 certum
2320 2103 2386 2138 est
2399 2099 2472 2138 hoc

1512 2165 1561 2203 de
1595 2167 1831 2214 argumento
1875 2162 1987 2212 Opus
2029 2159 2187 2211 aliquod
2228 2171 2251 2200 a
2295 2160 2472 2211 Ruperto

1514 2226 1779 2276 compositum
1808 2224 1952 2272 fuisse,
1984 2227 2028 2262 ut
2063 2222 2258 2261 discimus
2301 2232 2350 2260 ex
2392 2220 2474 2260 An-

1514 2287 1628 2326 selmi
1657 2285 1994 2336 Havelbergensis
2016 2283 2182 2334 epistola
2206 2281 2254 2321 ad
2278 2281 2473 2322 Abbatem

1514 2347 1844 2398 Husbergensem
1863 2376 1873 2393 ‚
1903 2345 1972 2395 qui
2001 2344 2210 2383 occasione
2248 2343 2378 2393 Petri,
2405 2353 2475 2382 cu-

1509 2408 1670 2461 jusdam
1697 2408 1885 2447 Canonici
1906 2406 2102 2457 regularis
2118 2434 2128 2454 ‚
2148 2405 2275 2456 gratia
2315 2402 2474 2455 majoris

1513 2469 1765 2522 perfectionis
1802 2467 1849 2507 ad
1894 2466 2114 2507 monachos
2156 2466 2471 2520 transvolantis,

1515 2531 1695 2582 ejusdem
1721 2530 1946 2582 argumenti
1984 2527 2304 2567 lucubrationem
2343 2526 2476 2566 edide-

1515 2598 1591 2632 rat.
1620 2592 1735 2631 Hanc
1766 2592 1872 2630 enim
1904 2590 1967 2629 ille
1990 2590 2170 2629 refellere
2193 2590 2372 2640 cupiens,
2391 2599 2474 2628 ma·

1513 2666 1590 2705 gno
1614 2665 1704 2693 cum
1729 2656 1934 2692 contemtu
1959 2652 2017 2690 sic
2043 2651 2092 2689 de
2112 2651 2290 2701 >Ruperto
2305 2651 2470 2690 effatur:

1514 2715 1644 2754 Porro
1671 2713 1816 2761 nescim
1842 2713 1958 2751 cuius
1977 2710 2148 2760 Roberti‚
2175 2709 2383 2750 cuiusdam
2402 2709 2471 2750 do-

1513 2776 1683 2816 ctrinam
1707 2773 1912 2823 adnectis,
1951 2772 2066 2812 cuius
2099 2772 2348 2820 auctoritas,
2377 2771 2472 2824 quia

1518 2839 1558 2876 in
1580 2835 1760 2875 Ecclesia
1781 2835 2003 2886 lynci-atur,
2028 2845 2077 2873 ea
2093 2832 2282 2887 felicitate
2305 2836 2471 2872 contem-

1513 2899 1646 2946 nitur,
1672 2909 1754 2948 qua
1774 2894 1988 2948 probatur.
2011 2896 2095 2935 Huc
2121 2906 2248 2945 usque
2285 2894 2471 2934 observa-

1512 2960 1568 2997 tio
1591 2959 1763 3009 praevia.
2474 2992 2482 2999 ,

1564 3017 1745 3071 Epistola
1770 3017 1825 3057 ad
1845 3017 2088 3058 Lz'ezelinum
2114 3017 2368 3066 canonicum,
2385 3028 2468 3069 qua

1510 3080 1664 3119 ratione
1689 3079 1973 3119 Monachorum
1999 3078 2104 3120 Ordo
2122 3077 2333 3132 praecellit
2354 3078 2468 3119 Orda-

1509 3154 1595 3181 nem
1637 3141 1910 3189 clericorum,
1951 3141 2056 3181 edita
2101 3146 2164 3181 est
2192 3142 2268 3182 sub
2312 3142 2469 3180 nomine

1509 3202 1669 3241 Roberti
1697 3204 1733 3240 in
1767 3205 1941 3242 Martene
1985 3205 2026 3241 et
2063 3202 2236 3242 Durand.
2266 3201 2468 3240 Thesauro

1507 3276 1607 3301 novo
1629 3264 1919 3302 Anne-dotorum
1943 3268 2035 3302 tom.
2063 3264 2075 3302 l
2102 3275 2186 3313 pag.
2207 3261 2296 3301 285.
2321 3265 2360 3300 et
2400 3275 2465 3302 no-
