2517 4009
902 248 1175 288 stultitia·
1205 247 1281 285 [IS

93 334 225 362 rei-uni
259 321 307 361 ad
337 331 410 359 sua
439 326 643 369 tempora,
671 330 773 369 quac
819 318 960 369 prodiit
986 321 1061 369 pri-

91 395 128 422 m
141 395 208 424 um
222 383 422 423 l'alentiae
435 383 448 420 1
461 380 551 419 476.
570 380 633 419 fol.
649 382 793 419 Romae
808 381 894 418 sine
911 381 1060 418 annoli.

92 449 228 495 postea
257 445 292 481 in
321 443 533 492 Hispaniae
558 441 777 480 illustratae
803 447 830 479 t.
854 442 879 479 Ι.
902 453 937 492 p.
970 441 1058 481 121.

143 506 180 544 2.
216 502 429 555 Speculum
452 503 558 542 vitae
579 502 795 549 humanae,
813 515 888 554 quo
904 500 1060 541 duobus

92 565 206 605 libris
230 564 352 605 varia
375 569 414 604 et
447 564 610 604 diversa
651 565 850 603 hominum
893 564 1026 604 studia
1047 596 1057 612 ,

90 631 212 675 artes,
237 626 366 680 officia
388 657 396 673 ‚
424 625 664 678 vivendique
685 638 834 678 genera
852 657 862 674 ,
888 626 1056 664 solerter

89 687 338 728 evolvuntur.
366 687 499 727 Edidit
530 690 612 738 ipse
644 689 791 727 Romae
822 691 929 737 typis
954 690 1058 726 (jon-

90 750 174 790 radi
207 750 257 789 de
280 749 557 799 Swexnheym
583 756 623 788 et
648 749 808 788 Arnoldi
851 751 1058 796 Pannartz‚

93 812 210 850 1468.
237 811 301 850 fol.
325 811 388 850 alii
413 811 567 850 addunt
589 811 801 850 editionem
822 810 936 850 1473.
956 810 1056 858 Aug.

93 872 246 912 Vindel.
272 883 342 924 per
365 871 618 912 Guntherum
644 873 782 911 Zeiner
805 871 853 910 de
885 872 1061 910 Reutlin-

91 944 152 984 ga.
178 935 294 974 1471.
310 935 373 973 fol.
396 934 539 973 ibidem
561 939 602 972 et
621 933 725 985 apud
747 933 919 972 eundem
945 934 1061 972 1473.

94 996 215 1034 Paris.
245 1007 316 1046 per
354 997 465 1034 Mart.
492 997 666 1042 Crantz,
695 995 869 1034 Ulricum
895 993 1061 1044 Gering,

91 1060 133 1094 et.
148 1056 263 1096 Mich.
281 1057 503 1107 Frffiurger,
521 1057 636 1096 1475.
660 1057 723 1095 soi.
742 1057 925 1103 Bisuntii,
947 1056 1060 1093 1488.

93 1117 157 1157 sol.
185 1118 350 1169 Argent.
380 1117 496 1157 ⁴507.
535 1119 655 1157 Paris.
695 1117 811 1156 1542.
846 1117 882 1154 8.
921 1117 1060 1155 Brixae

94 1178 197 1218 1570
245 1179 306 1218 16.
350 1179 468 1218 Basil.
505 1179 620 1218 1575.
658 1179 696 1217 8.
745 1179 942 1217 Hanoviae
991 1188 1059 1228 per

91 1240 230 1279 Melch.
247 1239 483 1279 Goldastum
500 1241 615 1279 1613.
633 1239 669 1276 8.
682 1239 849 1288 Argent.
868 1237 1058 1277 1616,12.

94 1306 134 1339 et.
157 1301 402 1340 Francofurti
427 1301 530 1340 1683
573 1301 611 1348 8.
653 1311 756 1350 quae
791 1299 838 1337 ad
888 1301 1055 1349 primam

93 1363 310 1402 Romanam
325 1373 517 1413 expressa
533 1369 609 1409 est,
622 1366 665 1400 ut
682 1361 777 1399 nihil
798 1361 978 1400 additum
997 1362 1061 1398 sit.

146 1424 294 1464 Gallice
331 1423 474 1476 prodiit
513 1422 694 1474 Lugduni
733 1422 838 1473 apud
886 1422 1058 1461 Barthol.

96 1487 226 1534 Buier,
261 1486 376 1525 1478.
403 1486 468 1524 fol.

151 1547 302 1586 Inedita
334 1552 431 1587 sunt
459 1548 574 1599 longe
604 1548 715 1599 plura
736 1578 746 1594 ‚
778 1557 947 1597 quorum
971 1547 1064 1585 titu-

99 1609 158 1648 los
186 1608 380 1660 quosdam
411 1608 670 1658 adjiciemus:
698 1608 964 1661 defensoriam
985 1611 1065 1647 sta-

94 1674 158 1709 tus
186 1669 458 1710 Ecclesiastici
472 1702 480 1719 ‚
510 1675 649 1709 contra
676 1670 866 1722 querulos
883 1702 893 1718 ‚
929 1681 1065 1709 aemu-

93 1729 153 1785 los
182 1735 220 1770 et
244 1731 488 1771 detractores
513 1731 790 1784 praelatorum
830 1736 866 1771 et
907 1731 1069 1771 clerico-

92 1803 197 1831 rum.
229 1793 287 1832 De
297 1797 536 1845 paupertate
560 1793 716 1833 Christi
731 1798 769 1832 et
781 1793 1065 1845 Apostolorum

92 1857 204 1893 etan
233 1853 420 1895 Christus
454 1859 494 1894 et
532 1853 713 1906 Apostoli
755 1855 1066 1904 mendicarunt,

93 1919 130 1954 et
148 1927 226 1968 quo
246 1927 366 1956 sensu
389 1917 471 1956 dici
492 1921 618 1969 potest
641 1928 706 1956 eos
729 1917 986 1957 mendicasse.
1014 1919 1068 1956 De

91 1978 323 2018 monarchia
352 1978 485 2027 orbis,
515 1980 556 2017 in
582 1992 658 2030 quo
689 1979 934 2028 ostenditur,
959 1979 1068 2031 apud

96 2040 318 2078 Romanum
347 2039 576 2092 Pontificem
604 2040 784 2080 residere
824 2052 963 2080 veram
1004 2052 1067 2078 or-

97 2098 157 2139 bis
183 2100 468 2141 Monarchiani.
499 2104 635 2154 Super
678 2107 890 2142 commento
936 2101 1069 2141 bullae

93 2158 346 2213 depositionis
374 2163 492 2215 Reyis
521 2163 738 2217 Bohemiae
765 2176 839 2215 per
877 2163 1066 2202 Paullum

94 2224 147 2262 II.
167 2223 415 2276 publicatae.
453 2226 663 2265 Tractatus
691 2226 746 2265 ad
771 2226 967 2277 quendam
1004 2237 1068 2263 re-

100 2284 282 2336 liyiosum
314 2286 636 2327 Carthusiensem
654 2319 664 2336 ‚
685 2287 843 2339 quando
863 2287 978 2326 liceat
997 2299 1063 2325 re-

97 2344 246 2397 liyiosis
268 2347 408 2385 curias
422 2348 649 2398 principum
668 2349 784 2400 sequi
797 2353 870 2387 aut
879 2347 1065 2400 frequen-

97 2410 212 2446 tare:
242 2411 279 2445 et
305 2407 409 2458 quod
435 2407 648 2460 aliquando
678 2409 840 2460 expedit
867 2421 931 2449 eos
951 2408 1062 2460 apud

85 2468 291 2520 principes
318 2480 494 2507 manere.
520 2467 693 2507 Libellus
726 2470 780 2508 ad
796 2469 981 2508 Paullum
1007 2471 1059 2508 II.

90 2529 131 2568 in
157 2541 234 2581 quo
255 2529 482 2568 testimoniis
503 2529 616 2581 juris
659 2529 810 2577 divini,
856 2530 1058 2570 naturalis

91 2595 130 2631 et
153 2591 320 2631 humani
341 2591 558 2630 damnatur
586 2590 799 2643 appellatio
827 2604 853 2629 a
873 2595 1063 2630 sententia

90 2653 260 2692 Romani
285 2652 489 2704 Pontificis
518 2664 595 2690 non
624 2651 742 2699 bene,
773 2656 815 2691 nt
843 2653 980 2703 ajunt,
1004 2654 1062 2692 in-

97 2714 266 2767 formati
289 2715 344 2753 ad
371 2714 533 2754 eundem
564 2713 657 2752 bene
674 2713 944 2765 informatum.
964 2715 1064 2754 Ora-

97 2776 221 2816 tiones
241 2780 278 2816 et
296 2778 508 2816 Sermones
526 2775 678 2828 plures.
700 2776 741 2813 ln
764 2775 859 2814 Bibl.
877 2776 1061 2815 Vaticana

95 2843 230 2877 exstat
258 2837 380 2888 hujus
417 2838 594 2877 Roderici
639 2839 717 2887 (qui
765 2847 971 2887 perperam
1015 2836 1062 2875 de

98 2898 271 2938 Arelano
302 2900 542 2945 inscribitur>
573 2898 760 2949 Dialoyus
786 2898 832 2936 (le
874 2897 1059 2937 remediis

95 2959 341 3000 schismatis.
373 2960 469 3001 Vide
499 2963 615 2999 Bern.
646 2960 695 2998 de
724 2960 972 2999 Montfaucon
996 2961 1057 2999 Bi-

94 3021 453 3061 bl.Bliothecarum
482 3023 592 3061 MSS.
622 3034 658 3072 p.
691 3022 777 3060 114.
799 3022 891 3059 item
909 3020 1056 3060 Relatio

93 3081 140 3120 de
167 3081 429 3133 Ne9ropontis
459 3086 775 3133 eoepuqnatmne,
798 3082 887 3120 ibid.
914 3095 947 3132 p.
967 3084 1054 3122 141.

92 3142 284 3182 Libellum
325 3143 372 3183 de
415 3144 601 3183 remediis
641 3143 813 3196 afflictae
854 3143 1055 3184 Ecclesiae

90 3204 309 3245 militantis.
348 3207 496 3244 Patavii
542 3209 579 3244 in
626 3207 720 3245 Bibl.
765 3207 1054 3246 Canonicoruni

91 3268 415 3307 Later-anensium
447 3273 606 3307 exstare
636 3267 749 3307 docet
773 3267 1057 3308 Lud..1acobus

88 3340 109 3366 a
133 3328 171 3367 S.
202 3329 341 3369 Caroio
370 3330 465 3368 Bibl.
497 3331 697 3369 Pontificia
745 3342 782 3380 p.
824 3330 914 3370 433.
961 3330 1056 3370 Vide

2013 243 2093 281 41ῑῖ

1133 317 1312 368 pluribus
1343 318 1421 355 Mc.
1455 316 1612 353 Antonii
1637 314 1731 352 Bibl.
1764 313 1976 362 Hispanam
2012 312 2097 349 Vet-

1134 381 1182 418 X.
1214 379 1262 417 12
1307 389 1342 416 n.
1375 377 1561 416 587-642.
1590 375 1794 415 Oudinum
1821 373 2098 412 tomolll.coi.

1133 441 1250 479 2662.
1281 440 1342 478 ubi
1376 444 1556 478 nostrum
1588 440 1706 476 etiam
1740 438 1842 474 inter
1871 439 1998 474 testes
2030 446 2098 473 ve-

1135 504 1262 541 ritatis
1294 506 1501 539 memorat.

1192 563 1476 602 RODERICUS
1505 560 1701 607 Simonis,
1735 561 1853 611 vulgo
1895 559 2100 603 Ximenez,

1133 627 1343 664 Semenum
1376 627 1490 661 vocat
1519 623 1722 661 Aubertus
1751 623 1943 667 Miraeus‚
1973 632 2021 658 ex
2045 631 2103 657 re—

1133 697 1212 736 gno
1231 685 1433 722 Navarrae
1459 684 1652 722 oriundus
1671 684 1814 722 familia
1838 682 2102 725 nobilissima,

1133 758 1166 785 a.
1203 747 1318 785 1208.
1352 745 1480 783 iactus
1510 750 1573 782 est
1597 745 1927 794 Archiepiscopus
1957 741 2103 781 Toleta-

1133 818 1237 852 nus,
1270 808 1306 844 in
1340 807 1528 844 Rhodano
1558 807 1775 844 suffocatus
1813 805 1907 843 obiit
1936 804 1974 843 4.
2009 803 2103 842 Idus

1135 871 1240 907 Junii
1261 897 1270 913 ,
1303 880 1337 907 a.
1370 868 1487 907 1247.
1516 867 1615 916 Ejus
1647 868 1838 916 impressa
1865 871 1971 903 sunt.

1191 932 1226 969 1.
1256 928 1438 968 Historia
1467 927 1682 979 Hispaniae
1700 957 1709 973 ,
1727 938 1852 977 usque
1870 927 1916 965 ad
1934 939 1968 964 a.
1989 926 2102 966 1270.

1136 991 1246 1030 Prior
1276 991 1396 1030 editio
1428 989 1573 1040 prodiit
1602 989 1802 1028 Granatae
1834 989 1949 1027 1545.
1997 1000 2106 1027 men-

1134 1064 1177 1091 se
1207 1052 1382 1091 Octobri.
1416 1052 1478 1091 fol.
1510 1063 1628 1102 opera
1658 1052 1835 1099 Xanthi,
1866 1051 2027 1089 Antonii
2058 1050 2104 1088 fi-

1135 1115 1199 1161 lii,
1230 1114 1533 1160 Nebrissensis‚
1565 1115 1600 1151 in
1634 1114 1878 1164 typographa
1926 1115 2104 1164 privata,

1133 1187 1251 1225 quam
1283 1177 1321 1213 in
1352 1175 1517 1215 aedibus
1547 1176 1803 1223 instruxerat,
1833 1179 1875 1214 ut
1903 1185 2019 1224 opera
2039 1185 2105 1224 pa-

1134 1238 1206 1275 tris
1236 1237 1467 1276 excuderet.
1503 1237 1649 1276 Addita
1671 1243 1733 1276 est.
1748 1240 1857 1288 operi
1875 1238 1997 1288 patris
2012 1236 2104 1274 AElii

1134 1299 1294 1337 Antonii
1325 1299 1600 1337 Nebrissensis
1629 1299 1677 1337 de
1708 1300 1827 1338 rebus
1855 1310 1877 1338 a
1897 1297 2104 1337 Fernando

1135 1363 1176 1397 et
1204 1360 1351 1399 Elisab.
1381 1361 1658 1410 Hispaniarum
1676 1361 1834 1410 regibus
1855 1362 1979 1411 gestis
1997 1387 2008 1404 ‚
2032 1358 2103 1398 sed

1136 1419 1353 1459 admodum
1399 1420 1618 1471 depravate
1663 1421 1817 1471 prodiit.
1866 1422 1999 1460 Melior
2041 1425 2103 1458 est

1136 1481 1255 1520 editio
1284 1481 1471 1520 Andreae
1503 1482 1655 1520 Schotti
1687 1487 1782 1520 tom.
1814 1484 1860 1520 ll.
1910 1485 2102 1533 Hispanae

1140 1543 1364 1583 illustratae
1394 1554 1430 1594 p.
1462 1543 1524 1582 25.
1555 1545 1622 1593 qui
1652 1543 1817 1582 Codices
1844 1544 1950 1582 MSS.
1997 1543 2106 1582 adhi-

1137 1605 1238 1644 buit.
1267 1604 1367 1644 Vide
1399 1606 1584 1644 Vossium
1607 1605 1654 1643 de
1672 1605 1876 1643 Historicis
1905 1606 2053 1643 Latinis
2069 1616 2106 1654 p.

1137 1668 1226 1705 463.
1265 1666 1389 1706 Vitam
1421 1668 1461 1706 S.
1490 1666 1744 1706 Ferclinandi
1768 1667 1843 1705 III.
1874 1666 1989 1717 Re9is
2033 1666 2108 1705 Ca-

1142 1728 1281 1768 stellae
1309 1740 1356 1767 ex
1389 1728 1527 1767 eodem
1566 1729 1690 1767 edidit
1733 1728 2026 1779 papebrochius
2069 1731 2106 1765 in

1143 1791 1254 1829 Act1s
1284 1792 1521 1830 Sanctorum
1554 1795 1647 1829 tom.
1679 1792 1760 1830 Vll.
1788 1791 1874 1841 Maji
1906 1803 1944 1841 p.
1965 1791 2056 1830 205.

1187 1853 1264 1891 2.Η
1268 1852 1364 1890 istor
1371 1851 2005 1903 iaOstroyothorum‚Hunnorum‚
2016 1853 2112 1890 Van-

1141 1913 1764 1963 dalorum‚Suev07·um‚Arabum
1782 1916 2106 1959 cinomanorum,

1140 1989 1231 2016 cum
1262 1978 1390 2027 priore
1419 1988 1538 2026 opere
1569 1977 1687 2015 simul
1708 1976 1877 2026 prodiit,
1903 1981 1943 2014 et
1971 1981 2105 2014 exstat

1142 2040 1338 2089 Hispanae
1357 2038 1499 2077 illustr.
1524 2039 1570 2076 ll.
1591 2050 1627 2089 p.
1656 2039 1742 2077 146.
1776 2036 1956 2076 Arabum
1981 2038 2107 2076 Histo-

1142 2100 1252 2139 riam
1275 2102 1553 2140 correctiorem
1577 2100 1685 2139 dedit
1716 2101 1800 2138 Jac.
1836 2100 1971 2139 Golius
2013 2111 2105 2138 cum

1142 2163 1337 2202 Elmacini
1358 2164 1526 2202 Historia
1551 2164 1786 2201 Saracenica
1809 2164 1848 2201 L.
1871 2165 1912 2202 B.
1943 2163 2059 2202 1625.
2084 2163 2106 2200 s.

1195 2226 1233 2263 3.
1263 2225 1415 2263 Inedita
1448 2224 1537 2273 ejus
1568 2229 1690 2262 sunt:
1736 2223 1994 2263 Brevz'arium
2037 2224 2109 2261 Ec·
2189 2234 2194 2238 ·

1144 2286 1289 2325 clesiae
1311 2284 1541 2325 Catholicae
1555 2315 1565 2332 ,
1583 2285 1794 2322 continens
1810 2286 2018 2324 Historiam
2037 2285 2110 2323 Ve-

1141 2349 1237 2386 teris
1268 2353 1309 2386 et
1339 2347 1437 2385 Novi
1473 2347 1722 2384 Testamenti
1751 2374 1758 2391 ,
1785 2346 1914 2395 qualis
1943 2351 2003 2383 est
2048 2347 2110 2384 Hi-

1139 2411 1301 2448 storiam
1335 2409 1496 2446 Veteris
1527 2412 1567 2445 et
1596 2407 1693 2446 Novi
1720 2407 1993 2452 Testamenti,
2013 2417 2109 2456 qua-

1147 2472 1196 2509 lis
1227 2475 1290 2509 est
1314 2471 1483 2508 Historia
1509 2469 1755 2508 Scholastica
1782 2469 1881 2507 Petri
1904 2467 2108 2506 Comesto-

1137 2534 1218 2570 ris:
1255 2532 1308 2569 De
1334 2530 1530 2582 primatia
1560 2528 1759 2568 Ecclesiae
1788 2527 1990 2566 Toletanae
2024 2533 2102 2567 tra—

1136 2597 1288 2632 ctatum
1320 2592 1394 2630 sub
1423 2591 1511 2642 ejus
1537 2593 1694 2629 nomine
1718 2591 2000 2629 citatMariana
2018 2592 2107 2630 ΧΗ.

1139 2656 1174 2692 4.
1205 2653 1404 2693 Chronica
1439 2653 1611 2690 omnium
1644 2651 1871 2702 Pontificum
1902 2655 1939 2689 et
1979 2651 2105 2703 Impe-

1134 2720 1316 2755 ratorum
1332 2717 1608 2754 Romanorum.
1627 2712 1879 2752 Provinciale
1887 2712 2106 2752 Cathedra-

1138 2776 1233 2815 lium
1266 2775 1536 2815 Ecclesiarum
1566 2775 1685 2813 totius
1715 2772 1845 2813 orbis:
1876 2773 2026 2812 Relatio
2045 2774 2104 2812 Vi-

1137 2838 1312 2884 ctoriae,
1357 2848 1476 2888 quam
1512 2835 1558 2874 de
1598 2836 1836 2876 saracensis
1878 2835 1932 2874 ad
1966 2836 2103 2874 Novas

1142 2898 1299 2938 Tolosae
1329 2898 1369 2936 in
1398 2898 1561 2937 Baetica
1597 2896 1820 2949 Alphonsus
1866 2897 1970 2936 VIII.
2014 2898 2104 2936 Rea·

1135 2959 1332 3000 Castellac
1362 2972 1398 2998 a.
1433 2961 1549 2999 1212.
1580 2958 1818 3011 reportavit.
1847 2959 1979 2997 Fidem
2015 2959 2102 3008 ejus

1135 3024 1171 3061 in
1202 3023 1366 3062 dubium
1399 3027 1516 3060 vocat
1546 3023 1686 3060 Petrus
1711 3021 1759 3059 de
1775 3022 1956 3059 Marc-ain
1974 3022 2100 3060 Marca

1135 3085 1342 3134 llispanica
1375 3095 1409 3133 p.
1442 3084 1528 3122 249.
1562 3082 1652 3121 280.

1188 3144 1284 3183 Vide
1316 3146 1396 3183 Nic.
1426 3144 1587 3182 Antonii
1620 3144 1716 3183 Bibl.
1760 3145 1972 3194 Hispanam
2017 3145 2100 3183 Vet.

1133 3207 1230 3246 Vlll.
1277 3208 1317 3244 2.
1347 3217 1455 3244 num.
1488 3206 1553 3243 20.
1583 3216 1695 3255 seqq.
1736 3205 2006 3245 'sliithemium
2052 3206 2100 3244 de

1132 3269 1314 3318 scriptor.
1345 3267 1497 3307 Eccles.
1526 3278 1558 3305 c.
1592 3267 1682 3306 392.
1715 3268 1836 3306 Andr.
1868 3268 2019 3307 Schotti
2041 3269 2102 3307 Bi-

1134 3330 1183 3368 bl.
1232 3331 1390 3379 Hispan.
1422 3342 1456 3380 p.
1489 3329 1575 3367 346.
