2517 4009
911 243 1229 285 PAClNUs

83 325 198 366 4580.
227 323 322 362 Vide
347 321 543 360 Labbcum
572 325 597 358 t.
620 321 659 358 2.
678 320 726 357 de
746 320 785 358 S.
810 321 851 358 ii.
877 331 913 369 p.
941 318 1028 357 45⁶2.

1983 236 2050 272 484

1155 311 1372 351 Guilelmus
1395 310 1441 348 (le
1466 309 1661 348 PAGULA
1681 338 1689 356 ,
1731 306 1907 357 Anguis,
1950 306 2058 343 Vica-

131 384 322 425 Antonius
347 382 744 433 PACINUS‚Anglus
763 383 886 422 vitam
909 380 1032 421 Marii
1103 377 1184 414 rius
1214 373 1495 412 Winseldensis
1521 401 1528 418 ,
1559 373 1660 410 cirea
1691 371 1764 410 An.
1796 368 2060 417 4350..sc1·ip-

80 447 339 497 conscripsit,
370 457 472 496 quae
500 446 766 496 Manuscripta
796 445 935 484 Oxonii
965 455 1011 482 su

81 514 212 561 perest
242 509 278 545 in
309 507 481 558 Collegio
511 508 548 547 S.
580 509 721 548 Mariae
765 507 1028 558 Magdalenae.

1102 442 1163 475 tor
1192 438 1377 476 Summae
1420 444 1694 476 summarum,
1724 433 1811 470 sive
1848 428 2064 481 repertorii

1103 498 1218 537 Juris
1247 497 1440 538 Canonici
1463 497 1571 534 libris
1598 497 1640 533 V.
1670 492 1828 546 Speculi
1852 490 2062 542 Reliqioso-

81 572 183 611 Haec
212 569 260 608 de
289 581 335 608 eo
377 570 541 609 Vossius
583 581 669 620 pag.
713 570 801 608 696.
847 570 937 618 quis
966 568 1029 606 ille
1105 572 1223 608 rum,
1244 557 1395 611 speculi
1422 557 1701 596 Praelalorum
1729 556 1775 595 ad
1808 556 1952 605 Regem
1982 553 2064 593 An-

81 633 248 672 Pacinus
267 660 276 676 ,
301 631 363 671 vel
394 631 513 682 cujus
531 633 664 681 Marii,
687 643 763 670 non
788 630 907 670 addit.
931 629 1030 669 Acta
1101 624 1200 674 gliae
1230 621 1463 660 Eduardum
1496 621 1560 658 ΙΙΙ.
1592 618 1705 658 Oculi
1723 616 1947 657 Sacerdotis
1966 647 1974 666 ‚
1996 615 2064 654 de-

80 695 187 735 Marii
216 695 358 733 Persae
388 698 428 732 et
454 695 650 733 sociorum
668 725 677 741 ,
708 700 886 744 tempore
915 693 1032 732 Clau-

80 756 132 796 dii
163 757 208 795 11.
238 757 335 806 Imp.
366 757 470 795 circa
499 757 544 795 A.
575 757 618 795 C.
656 757 746 796 370.
789 757 1032 805 Martyrum,

82 822 272 869 scriptore
302 816 514 867 Anonymo
543 823 704 857 exstant
735 819 771 855 in
802 819 913 856 Actis
938 818 1034 856 San-

81 885 236 920 ctorum
267 884 360 918 tom.
393 882 429 919 4.
457 881 616 919 ianuar.
649 881 712 919 49.
743 892 829 931 pag.
860 881 950 920 246.

136 943 237 992 (239.
261 942 506 982 PAClOLUS
525 943 654 981 Lucas
672 943 934 993 Biturgiensis
954 940 1036 979 ord.

81 1006 217 1044 Minor.
247 1004 550 1044 Mathematicus
576 1006 747 1044 eximius
775 1011 816 1043 et
845 1003 1036 1043 Leonardi

83 1068 145 1106 Da
168 1067 277 1107 Vinci
302 1068 473 1106 amicitia
503 1068 647 1106 clarus.
666 1067 750 1105 Non
765 1072 857 1105 ante
876 1069 1035 1105 Annum

85 1129 199 1169 4523.
228 1129 386 1169 videtur
405 1129 562 1168 obiisse.
584 1129 680 1168 Vide
706 1127 934 1168 Tiraboschi
955 1130 1038 1168 Sto-

82 1191 150 1230 ria
177 1190 280 1230 della
311 1193 404 1230 Lett.
435 1190 523 1229 Ital.
555 1192 582 1228 V
589 1193 614 1230 l.
647 1191 735 1229 378.
768 1192 933 1241 Scripsit
964 1192 1038 1230 lta-

85 1254 155 1292 liee
171 1254 335 1293 Summa
359 1252 404 1291 de
425 1252 673 1300 Aritmetica,
694 1252 928 1302 Geometria,
944 1264 1039 1304 pro-

81 1315 256 1367 portioni
281 1321 320 1354 et
343 1314 687 1366 proportionalita.
717 1316 814 1354 Ven.
844 1316 1039 1365 Paganino

89 1378 203 1415 4494.
228 1377 291 1415 fol.
313 1376 378 1428 fig.
395 1381 435 1415 et
456 1378 670 1416 Tusculani
698 1377 801 1416 4523
827 1379 864 1415 in
887 1378 951 1415 fol.
975 1376 1039 1427 fig.

138 1438 282 1478 Divina
319 1437 536 1490 proportio.
583 1439 714 1489 Opera
742 1451 768 1477 a
803 1438 895 1477 tutti
918 1437 968 1489 ql’
985 1438 1043 1476 in-

82 1500 201 1553 qeqni
214 1500 448 1552 perspicaci
464 1513 483 1540 e
507 1500 660 1540 curiosi
676 1501 917 1540 necessaria.
946 1502 1039 1539 Ven.

87 1564 204 1603 4509.
234 1564 285 1602 fol
330 1563 391 1614 fig.
435 1575 527 1603 cum
557 1563 621 1615 fig.
660 1565 700 1602 i..
732 1565 793 1601 Da
824 1563 944 1603 Vinci.
979 1563 1038 1602 An

86 1626 261 1666 laborem
291 1627 393 1666 Petri
424 1627 533 1666 Della
562 1627 782 1666 Francesca
825 1627 1041 1676 Biturgien.

85 1681 302 1739 usurpasse
323 1700 372 1727 ex
397 1688 515 1728 dictis
548 1689 594 1728 G.
641 1689 791 1728 Vas-arii
817 1688 1045 1727 incredibile

88 1749 251 1790 dubium
268 1751 392 1790 oritur
413 1752 476 1790 cui
499 1751 545 1791 A.
571 1753 620 1790 M.
644 1750 820 1789 Gratiani
849 1752 916 1799 (De
944 1751 1050 1789 Scri-

95 1817 150 1864 pt.
169 1813 298 1852 Invita
313 1814 486 1852 Minerva
504 1814 532 1852 I.
551 1814 612 1862 44)
632 1813 859 1852 adhaesisse
877 1814 1045 1852 videtur.

142 1877 279 1915 Latine
309 1888 430 1915 vero:
457 1875 634 1915 Euclidis
656 1875 902 1927 Meqareusis
927 1887 1047 1928 opera

87 1951 109 1978 a
138 1939 341 1989 Campano
370 1939 565 1978 translata
594 1946 670 1978 etc.
702 1938 1045 1979 Commentariolis

87 2000 315 2040 illustravit.
359 2002 533 2040 Venetiis
590 2013 659 2052 per
708 2003 949 2053 Paganinum
994 2003 1048 2040 De

90 2064 299 2114 Paganinis
327 2064 432 2102 Brix.
464 2063 720 2102 4509.inf01.
746 2064 808 2103 ch.
838 2065 924 2103 444.
949 2064 1046 2102 liber

89 2125 264 2164 Fabricio
281 2127 440 2176 ignotus
458 2127 514 2174 (V.
532 2126 811 2174 CAMPANUS)
841 2138 863 2165 a
893 2126 1045 2164 Paciolo

89 2187 204 2228 Card.
234 2189 272 2226 F.
303 2187 494 2228 Soderino
539 2189 724 2236 dicatus,
754 2190 923 2240 epistola
968 2201 1046 2240 qua

90 2250 295 2297 Euclidem
325 2263 346 2290 a
376 2262 419 2290 se
441 2253 655 2292 vernacula
681 2253 812 2304 lingua
853 2252 1044 2291 donatum

90 2323 112 2351 a
143 2313 182 2350 L.
212 2312 268 2352 Da
296 2314 406 2353 Vinci
423 2313 604 2354 hortatus
621 2315 738 2354 edere
761 2315 983 2366 pollicetur.
1002 2315 1045 2353 V.

90 2379 130 2414 et
146 2376 289 2425 Eyries
317 2377 518 2428 Bioyrafia
549 2377 778 2418 Universale
813 2379 929 2416 XLII.
949 2378 1049 2417 4663

151 2438 366 2478 Monachus
403 2439 694 2486 PADUANUS‚
739 2440 1050 2479 Benedictinus:

98 2510 243 2550 supra,
273 2501 312 2539 S.
343 2502 562 2540 JUSTINAE
592 2507 685 2540 tom.
716 2503 778 2540 lv.
811 2514 896 2553 pag.
927 2502 1018 2542 485.

150 2562 190 2600 S.
215 2561 406 2601 Antonius
430 2562 476 2602 de
496 2562 660 2602 PADUA
691 2564 904 2602 Monachus
934 2565 1053 2602 Fran—

99 2625 310 2671 ciscanuS,
340 2635 461 2675 supra
491 2630 584 2664 tom.
619 2627 653 2664 4.
685 2637 770 2676 pag.
804 2626 891 2664 424.

154 2687 432 2726 PAESTANUS
461 2688 723 2735 Vibonensis⁷
754 2689 839 2726 sive
872 2687 1054 2727 Urbanus

101 2748 487 2799 PAESTONENSlS,
519 2762 725 2801 perperam
756 2752 858 2789 inter
887 2752 1053 2801 scripto-

96 2823 160 2852 res
189 2812 363 2859 relatus,
394 2823 444 2851 ex
463 2818 648 2863 corrupto
672 2814 854 2852 Macrobii
882 2814 965 2852 loco
993 2815 1050 2852 VI.

97 2875 136 2912 4.
163 2874 361 2913 Saturnal.
392 2874 485 2913 Vide.
519 2874 613 2914 Lud.
657 2875 884 2914 Carrionem
917 2876 981 2914 lib.
1017 2878 1050 2914 4.

97 2936 315 2975 emendatt.
340 2947 424 2987 cap.
457 2937 517 2977 45.
546 2942 639 2977 tom.
662 2938 697 2976 3.
721 2938 929 2988 Lampadis
952 2939 1053 2976 Gru-

101 3001 275 3038 ter-ianae
305 3009 391 3050 pag.
421 2999 509 3038 448.
540 3001 722 3039 Vossium
747 3012 832 3050 pag.
857 3002 948 3039 827.
970 3012 1052 3050 seq.

100 3067 141 3101 et
168 3062 324 3100 Graevii
349 3073 387 3099 n.
408 3062 445 3099 in
477 3062 555 3102 Cic.
586 3064 686 3102 XVI.
719 3063 757 3102 6.
784 3063 831 3102 ad
862 3063 1053 3102 Atticum.

157 3229 190 3268 a)
207 3233 299 3263 inter
317 3234 456 3272 nepotes
478 3231 684 3264 clarissimus
705 3230 848 3263 Gabriel
873 3230 1061 3262 Palaeotns

99 3281 273 3314 Alexandri
297 3283 333 3312 F.
358 3290 398 3313 cx
419 3283 496 3314 JCto
519 3283 719 3314 Bononiensi
739 3285 771 3313 et
787 3280 942 3313 audiinre
962 3283 1061 3312 Rotae

96 3332 216 3363 Romae
239 3331 423 3364 Cardinalis
445 3334 502 3373 qui
526 3335 586 3363 An.
613 3330 706 3363 1597.
733 3332 968 3370 octogenarius
1000 3333 1066 3362 Ro-

97 3389 169 3414 mae
191 3381 290 3414 obiit.
313 3384 417 3424 Hujus
440 3384 544 3414 vitam
569 3383 610 3413 ab
636 3383 822 3422 Augustino
837 3382 1063 3412 Brunotradi—

1107 686 1183 723 xtri
1214 689 1254 722 et
1296 683 1459 721 sinistri.
1505 681 1601 719 Vide
1645 682 1817 719 l'itseum
1851 690 1936 729 pag.
1975 677 2063 716 476.

1109 746 1312 786 Oudinum
1346 749 1440 782 tom.
1473 745 1506 782 3.
1539 755 1628 794 pag.
1658 742 1746 780 867.
1774 753 1857 791 seq.
2028 728 2040 747 ⁸

1163 808 1276 847 Alius
1322 805 1540 845 Guilelmus
1586 804 1884 851 PAGHAMUS,
1918 802 2067 842 PAGA-

1111 870 1278 909 Nunus
1302 870 1387 908 sive
1408 867 1455 906 de
1480 867 1691 912 PAGULA,
1708 877 1794 916 sup.
1818 871 1846 902 t.
1863 866 1897 902 3.
1922 877 1956 914 p.
1977 864 2065 903 its.

1164 933 1223 970 J0.
1242 931 1422 983 Baptista
1442 930 1709 968 PAIARINUS
1735 926 1984 979 (Payliarini)
2003 938 2069 965 no-

1114 995 1206 1034 bilis
1236 995 1497 1040 vicentinus,
1528 997 1737 1042 superstes
1757 990 1889 1030 adhuc
1913 994 2001 1039 post
2024 989 2068 1027 A.

1115 1056 1207 1096 4474
1246 1056 1293 1095 ad
1339 1058 1474 1094 Patres
1518 1056 1627 1104 Reip.
1671 1054 1831 1103 scripsit
1866 1049 2071 1091 Historiae

1116 1119 1338 1159 Vicentiuae
1376 1116 1498 1156 libros
1531 1117 1592 1156 VI.
1630 1117 1678 1155 ab
1712 1116 1824 1155 Urbis
1854 1113 2072 1165 originibus

1114 1193 1244 1232 usque
1282 1181 1331 1219 ad
1360 1181 1405 1218 A.
1442 1181 1483 1219 C.
1525 1180 1641 1218 4435.
1687 1180 1821 1217 Latine
1866 1186 2072 1225 nunquam

1115 1243 1371 1295 prodierunt,
1403 1241 1471 1280 sed
1503 1253 1553 1279 ex
1583 1241 1716 1279 Italica
1747 1240 1932 1277 versione
1962 1237 2076 1275 Anno

1117 1306 1234 1345 4663.
1263 1306 1431 1343 alterata
1461 1309 1595 1342 tamen
1628 1305 1663 1340 in
1689 1302 1824 1340 multis
1849 1301 1956 1338 locis.
1977 1299 2074 1337 Vide

1116 1368 1300 1406 Vossium
1334 1377 1418 1416 pag.
1450 1365 1526 1404 577
1557 1369 1598 1403 et
1626 1365 1803 1403 Diarium
1824 1362 2071 1401 eruditorum

1119 1429 1253 1468 ltaliae
1283 1433 1376 1466 tom.
1409 1429 1457 1466 X.
1491 1439 1576 1477 pag.
1609 1426 1697 1465 474.
1729 1437 1811 1475 seq.

1178 1490 1400 1530 Vincentius
1432 1488 1733 1535 PALAEOTUS,
1765 1486 1907 1525 nobilis
1951 1487 2076 1524 Bono-

1120 1555 1301 1601 niensis,
1332 1553 1465 1592 clarus
1493 1554 1597 1590 circa
1640 1551 1742 1590 Ann.
1795 1548 1910 1589 4440.
1938 1549 2010 1587 Jus
2039 1549 2076 1584 in

1119 1619 1245 1667 patria
1273 1627 1319 1655 ac
1364 1616 1566 1655 Ferrariae
1594 1614 1753 1661 docuit,
1783 1617 1896 1663 pater
1926 1612 2009 1661 ipse
2038 1615 2078 1648 et

1120 1691 1223 1719 avus
1240 1681 1273 1728 a)
1298 1679 1516 1718 celebrium
1537 1677 1724 1717 ictorum
1745 1705 1753 1724 ,
1774 1686 1966 1725 socerque
1991 1674 2080 1712 Phi-

1124 1743 1217 1793 lippi
1246 1741 1452 1788 Beroaldi‚
1478 1742 1545 1792 qui
1571 1740 1742 1790 elogium
1765 1740 1852 1788 eJ'us
1874 1737 2080 1788 heptalogo

1126 1818 1226 1853 suo,
1258 1806 1344 1843 sive
1376 1804 1505 1842 libello
1549 1802 1596 1842 de
1637 1806 1791 1851 septem
1835 1799 2083 1850 sapientibus

1123 1869 1321 1913 inseruit,
1366 1871 1540 1906 testatus
1587 1876 1677 1903 eum
1726 1863 1881 1902 tumulo
1930 1862 2081 1900 illatum

1121 1933 1318 1972 Bononiae
1361 1942 1463 1969 anno
1495 1929 1557 1968 73.
1586 1930 1754 1975 aetatis,
1785 1927 1876 1965 filiis
1911 1931 1999 1964 octo
2030 1925 2084 1963 fe-

1120 2000 1273 2034 retrum
1318 1994 1408 2045 ejus
1450 1991 1729 2031 subeuntibus.
1775 1990 1835 2028 Ex
1879 1987 2081 2039 responsis

1121 2058 1209 2108 ejus
1238 2056 1428 2095 nonnulla
1458 2059 1647 2102 exstant,
1680 2059 1722 2091 ut
1752 2051 1798 2090 de
1830 2050 1916 2089 dote
1942 2052 1979 2088 in
2004 2055 2084 2088 tra-

1123 2125 1234 2160 ctatu
1264 2124 1510 2160 tractatuum
1541 2119 1648 2157 Juris
1670 2122 1767 2154 tom.
1789 2116 1855 2153 [Χ.
1881 2125 1968 2165 pag.
1994 2112 2083 2152 404.

1124 2183 1195 2222 Adi
1226 2182 1449 2221 Guidonem
1484 2179 1749 2220 Pancirollum
1781 2178 1847 2217 lib.
1871 2178 1909 2217 2.
1929 2188 1962 2215 c.
1984 2177 2071 2215 449.

1180 2245 1369 2291 PALEA,
1399 2245 1485 2282 sive
1515 2242 1744 2282 cardinalis
1787 2241 1860 2279 hoc
1904 2240 2089 2285 nomine,

1128 2310 1212 2347 sive
1243 2306 1404 2348 PALEA
1426 2306 1467 2351 b)
1490 2304 1665 2344 Gratiani
1691 2304 1913 2354 discipulus
1933 2332 1941 2350 ‚
1966 2304 1988 2340 a
2011 2312 2089 2352 quo

1128 2370 1324 2410 PALEAS
1355 2371 1391 2407 in
1435 2370 1602 2407 Decreto
1651 2368 1827 2406 Gratiani
1871 2365 2089 2415 appellatas

1129 2445 1219 2472 esse
1249 2433 1403 2471 volunt.
1434 2430 1561 2470 Guido
1605 2430 1849 2468 Pancirollus
1878 2429 1942 2466 lll.
1973 2427 2010 2464 2.
2041 2425 2089 2463 de

1128 2496 1246 2534 claris
1274 2496 1381 2534 Juris
1402 2492 1717 2544 interpretibus:
1745 2491 1845 2530 Cum
1873 2487 2091 2527 Gratianus

1128 2555 1276 2595 librum
1315 2556 1488 2605 Euqenio
1521 2555 1593 2592 III.
1628 2553 1810 2603 Pontifici
1846 2550 2088 2601 offerendum

1127 2622 1289 2659 Romam
1314 2617 1541 2663 detulisset,
1574 2614 1786 2656 Cardinali
1814 2612 2052 2664 Pocopaleae
2079 2642 2087 2656 ‚

1127 2682 1213 2720 viro
1242 2679 1393 2730 alioqui
1414 2678 1566 2717 erudito
1584 2709 1592 2725 ,
1618 2676 1687 2716 sed
1713 2674 1916 2714 ambitioso
1939 2704 1945 2721 ‚
1971 2675 2087 2725 cujus

1128 2755 1249 2793 opera
1292 2742 1344 2780 ad
1398 2740 1617 2793 Pontificem
1665 2738 1862 2777 introduci
1907 2736 2088 2778 volebat.

1131 2804 1332 2857 leqeiidum
1377 2803 1594 2843 tradidisse
1636 2800 1781 2854 fertur.
1817 2799 1883 2839 Ille
1918 2799 2088 2838 alienam

1129 2866 1284 2906 laudem
1311 2867 1350 2905 itt
1379 2877 1419 2905 se
1443 2865 1666 2917 transferre
1685 2863 1845 2914 cupiens
1864 2895 1872 2909 ‚
1900 2861 2090 2901 volumini

1129 2929 1323 2983 quaedam
1352 2941 1378 2968 a
1410 2928 1605 2967 Gratiano
1633 2927 1779 2965 omissa
1812 2925 1980 2965 inseruit
1999 2957 2008 2973 ,
2033 2937 2093 2964 se-

1132 3005 1206 3045 que
1233 2992 1362 3043 operis
1404 2995 1607 3030 auctorem
1636 3001 1718 3029 esse
1739 2986 1966 3040 jactitabat.
2012 2990 2094 3026 Μο-

1130 3055 1282 3094 nachus
1300 3087 1308 3102 ‚
1340 3054 1505 3093 hominis
1533 3052 1678 3105 fraude
1728 3049 1948 3099 intellecta,
1979 3049 2091 3088 addi-

1133 3232 1201 3259 tam
1217 3225 1319 3255 edidit
1337 3223 1532 3254 Edmundus
1555 3223 1700 3252 martene
1724 3224 1746 3252 t.
1786 3221 1837 3250 Vl.
1866 3223 2100 3251 monumento-

1135 3286 1209 3309 rum
1233 3282 1306 3314 pag.
1334 3272 1510 3312 1586.suq.

1192 3326 1228 3366 b)
1255 3324 1373 3356 confer
1402 3323 1589 3354 Aibvricum
1611 3321 1774 3353 Gentilem
1804 3322 1842 3353 de
1878 3320 1972 3354 libris
2007 3322 2097 3352 Juris

1130 3377 1288 3409 canonici
1317 3382 1390 3413 pag.
1412 3373 1464 3404 54.
1487 3381 1557 3413 seq.
1581 3373 1743 3412 cangium
1769 3373 1802 3403 in
1817 3371 1997 3403 Glossarm.
