2517 4009
979 178 1280 231 STEPHANUS

193 254 499 292 STEPHANUS
541 255 941 302 Anqustoclunensis,
986 255 1080 291 vide

110 329 239 367 supra
267 320 506 357 AEctuensis.

196 381 501 418 STEPHANUS
543 380 943 428 Autissiodorensis,
989 381 1080 418 vide

109 444 219 481 infra
252 445 491 492 Stephanus
521 444 569 481 ole
606 444 823 482 Varuesia.

184 507 489 544 STEPHANUS
501 507 820 554 Basiqnanatus
833 507 1079 554 Gorgonius,

108 570 337 607 Carmelita
367 570 620 615 Theologus,
665 571 741 607 sub
783 569 952 606 initium
995 578 1077 605 sec.

109 631 219 668 XVI.
250 632 352 678 Ejus
387 633 532 669 Oratio
563 633 611 670 de
632 633 956 670 immortalitate
976 633 1080 669 Ani-

109 704 214 742 mae,
254 688 339 731 una
377 705 472 732 cum
513 696 819 733 Exhortatione
861 695 915 732 ad
955 704 1080 732 arma

108 758 260 796 contra
288 758 476 807 infideles
504 760 774 806 capessenda,
814 758 959 796 habita
998 758 1080 794 fuit

108 820 153 857 in
182 820 399 857 Conventu
440 821 723 858 cardinalium
763 831 904 858 coram
941 822 1078 858 Leone

110 883 162 919 X.
192 893 228 920 a.
264 882 382 920 1517.
415 884 577 921 Excusa
606 886 696 922 sine
726 885 820 931 loci,
850 884 922 921 aut
950 884 1078 931 typo-

110 945 290 993 graphis
311 948 383 983 aut
411 947 617 993 temporis
651 948 934 995 expressione.
976 948 1074 984 Haec

110 1009 231 1047 Bern.
263 1009 312 1046 de
343 1010 602 1048 Montfaucon
631 1012 674 1048 in
702 1010 806 1049 Bibl.
849 1010 1080 1049 Bibliothe-

108 1081 252 1110 carum
284 1073 396 1109 MSS.
430 1084 467 1120 p.
497 1073 593 1111 585.

193 1136 502 1173 STEPHANUS
524 1138 571 1175 de
593 1138 713 1176 Bella
732 1138 851 1184 villa,
872 1137 969 1173 vide
987 1136 1083 1174 Ste-

104 1199 273 1247 phanus
303 1200 351 1237 de
381 1199 584 1237 Borbone.

194 1262 502 1299 STEPHANUS
516 1263 791 1309 Bisantinus,
814 1273 837 1299 a
858 1263 994 1310 patria
1013 1263 1085 1299 Ve-

109 1325 297 1362 sontione
326 1325 387 1361 ita
416 1324 566 1371 dictus,
598 1325 695 1362 Ord.
742 1327 1084 1372 praedicatorum,

111 1388 314 1434 Magister
355 1389 587 1435 ParisinuS,
630 1389 855 1435 provinciae
897 1388 1083 1425 Franciae

109 1451 155 1487 et
184 1451 354 1487 demum
385 1451 591 1497 Magister
630 1453 802 1498 ordinis,
832 1453 937 1488 obiit
963 1453 1083 1488 Lucae

110 1524 148 1550 a.
182 1514 300 1551 1294.
332 1514 508 1561 Scripsit
536 1515 739 1552 Postillas
782 1516 829 1551 in
865 1515 1086 1552 Ecclesia-

107 1578 203 1615 sten
231 1579 272 1615 et
301 1578 596 1625 Apocalypsin,
625 1577 801 1614 Libram
822 1578 870 1614 de
892 1578 1084 1616 auetori-

110 1641 271 1679 tatibus
293 1639 552 1680 Sanctorum
574 1641 613 1677 et
634 1640 993 1687 Philosophorum,
1015 1640 1087 1677 Al-

104 1703 331 1751 phabetum
359 1703 674 1741 narrationum.
707 1703 801 1739 Vid.
844 1703 930 1739 Jac.
976 1703 1085 1747 Que-

112 1766 169 1802 tif
204 1766 255 1803 de
299 1766 579 1813 scriptoribus
620 1765 715 1802 Ord.
760 1765 1083 1802 Praedicatorum

113 1829 214 1865 tom.
244 1829 276 1865 1.
308 1840 346 1876 p.
379 1830 472 1866 480.
505 1828 726 1866 Altamura
756 1839 796 1874 p.
830 1828 894 1864 69.
927 1828 1019 1864 461.
1093 1830 1096 1833 '

114 1918 117 1922 ⁴
198 1892 505 1929 STEPHANUS
535 1893 642 1929 Boni
662 1891 808 1930 Fontis
828 1893 967 1929 Abbas
999 1892 1086 1938 pri-

115 1965 226 2002 mus,
272 1956 382 2003 quod
425 1955 728 1992 monasterium
768 1956 812 1991 in
856 1955 1087 2001 Campania

115 2019 264 2056 Galliae
300 2022 344 2056 et
371 2019 540 2056 dioecesi
570 2019 769 2055 Remensi
799 2018 945 2064 situm,
975 2018 1018 2054 et
1050 2027 1085 2054 a.

118 2080 236 2118 1137.
266 2084 333 2119 vel
363 2082 593 2118 secundum
623 2081 745 2127 alios,
778 2080 896 2117 1154.
938 2080 1088 2116 funda-

115 2145 208 2181 tum
236 2144 313 2181 est.
355 2143 477 2181 Liber
505 2143 597 2189 ejus
628 2145 676 2181 de
708 2144 878 2181 exordio
909 2143 1090 2182 coenobii

121 2206 422 2245 Cistereiehsis
451 2206 589 2244 editus
610 2207 676 2244 est
696 2207 739 2243 in
761 2206 982 2244 Bertrandi
1005 2207 1088 2242 Tis.

116 2271 202 2306 sier
230 2270 490 2308 Bibliotheca
528 2270 700 2307 Patrum
743 2270 1089 2306 Cisterciensium

116 2331 344 2369 Bonofonte
376 2332 496 2369 1660.
527 2333 656 2377 edita,
687 2343 726 2379 p.
760 2333 796 2369 1.
841 2333 950 2369 Vide
992 2332 1088 2369 Itti-

121 2394 242 2440 gium
295 2394 344 2431 de
391 2394 664 2431 Bibliothecis
713 2394 884 2431 Patrum
940 2403 974 2430 c.
1027 2394 1089 2430 13.

120 2467 220 2503 pag.
258 2454 351 2493 675.

203 2516 509 2556 STEPHANUS
539 2517 809 2565 Birhinqton,
858 2517 954 2554 aliis
984 2517 1090 2554 Bri-

119 2583 320 2631 hinqton,
356 2592 409 2619 ex
439 2582 529 2618 vico
561 2580 816 2628 Birkington
864 2581 908 2616 in
953 2580 1091 2617 insula

122 2644 273 2682 Taneti
301 2645 344 2681 in
367 2643 516 2681 Cantia
534 2643 748 2688 oriundus,
770 2641 864 2678 Ord.
899 2642 939 2678 S.
960 2641 1092 2679 Bene-

125 2706 229 2743 dicti
258 2707 302 2743 in
332 2706 515 2743 coenobio
545 2704 850 2749 cantuariensi,
879 2704 988 2740 circa
1017 2714 1092 2740 an-

54 2772 56 2774 ’
123 2778 227 2805 num
260 2768 378 2805 1380.
401 2767 579 2815 Scripsit
602 2766 770 2805 Seriem
802 2767 842 2803 et
875 2767 991 2803 Vitas
1010 2767 1091 2802 Ar-

121 2832 478 2880 chiepisooporum
537 2830 924 2875 Contuariensium,
966 2839 1092 2865 unam

121 2896 354 2933 breviorem
386 2897 437 2933 ab
465 2896 589 2933 Henr.
621 2893 852 2931 Whartono
893 2893 994 2930 tom.
1040 2893 1093 2929 1.-

123 2957 290 3004 Angliae
316 2957 450 2994 Sacrae
473 2968 512 3004 p.
557 2957 592 2993 1.
613 2956 784 3002 editam,
820 2955 996 2993 alteram
1020 2966 1094 2993 au-

125 3019 314 3066 ctiorem,
341 3029 394 3056 ex
408 3030 488 3066 qua
507 3020 660 3074 Auctor
679 3018 988 3066 Antiquitatum
1002 3020 1092 3057 Bri-

125 3080 388 3118 tannicarum
409 3083 528 3127 plura
559 3082 706 3118 adfert.
748 3082 998 3120 Tribuuntur
1034 3084 1095 3120 ei-

126 3145 223 3181 dem
250 3143 552 3182 Gommentarii
572 3146 619 3182 de
642 3145 810 3192 reqibus
839 3146 1027 3193 Anyliae,
1048 3147 1095 3184 cle

127 3207 403 3255 Pontificibus
445 3209 484 3244 et
522 3207 854 3255 Imperator-ibus
893 3208 1102 3247 Romanis.

134 3268 376 3316 Gataloqum
395 3278 491 3306 vero
522 3270 824 3317 Episcoporum
845 3271 1095 3318 Eliensium,

127 3339 248 3376 quem
282 3331 382 3378 ipsi,
414 3330 576 3369 Pitseus
607 3333 796 3379 Append.
829 3332 996 3370 Centur.
1031 3333 1096 3369 IV.

2047 181 2124 218 499

1156 251 1222 288 39.
1252 249 1414 297 tribuit,
1448 251 1539 296 ejus
1571 259 1662 287 esse
1694 250 1864 297 negant.
1888 251 1992 288 Vide
2025 251 2125 290 Rob.

1153 315 1267 351 Gerii
1286 316 1473 361 Append.
1495 315 1547 351 ad
1569 314 1748 352 Caveum
1773 325 1810 362 p.
1833 314 1898 351 51.
1914 314 2124 353 Oudinum

1151 379 1263 415 tomo
1287 379 1356 414 III.
1380 388 1479 426 pag.
1512 377 1631 416 1153.

1236 442 1545 478 STEPHANUS
1574 443 1622 479 de
1652 441 1835 479 Borbone
1854 470 1863 488 ,
1901 451 1925 477 a
1948 441 2125 488 familia,

1154 505 1202 542 cle
1233 505 1459 541 Bellavilla
1489 513 1601 550 ver0,
1632 513 1655 539 a
1684 504 1822 550 patria
1862 503 2018 551 dictus,
2050 513 2125 551 op—

1152 570 1259 617 pido‘
1288 569 1557 615 Burgundiae.
1606 569 1711 605 Puer
1750 567 1978 605 Matiscone
2016 568 2125 604 inter

1152 634 1322 670 clericos
1343 632 1526 668 ecclesiae
1556 631 1808 668 cathedralis
1840 631 1880 667 S.
1912 629 2127 666 Vincentii

1153 696 1353 733 educatus
1379 695 1474 742 fuit,
1490 696 1634 741 postea
1651 695 1825 731 Parisiis
1845 694 1991 731 literas
2012 695 2125 730 trac-

1152 759 1278 807 tavit,
1310 758 1353 796 et
1389 769 1461 805 per
1494 759 1724 795 maximam
1755 758 1902 794 Galliae
1943 758 2124 804 partem,

1153 823 1237 859 imo
1258 823 1302 858 in
1323 822 1428 868 ipsis
1449 821 1623 868 Alpibus
1638 849 1648 867 ,
1671 821 1938 858 concionibus
1965 821 2126 858 habeu-

1153 885 1218 921 dis
1259 893 1429 930 operam
1471 882 1598 920 dedit.
1639 883 1759 919 Vixit
1789 893 1825 919 a.
1866 882 1983 921 1272.
2024 884 2126 921 duo-

1155 957 1255 994 sque
1298 945 1520 984 Tractatus
1558 944 1819 991 elaboravit,
1863 946 1911 983 de
1942 945 2128 983 diversis

1155 1011 1352 1047 materiis
1375 1009 1752 1057 praedicabilitus‚
1775 1009 1815 1046 et
1835 1008 1883 1046 de
1911 1008 1990 1045 VII
2005 1009 2125 1046 donis

1158 1074 1355 1121 Spiritus
1389 1072 1556 1119 Sancti,
1588 1073 1632 1109 in
1671 1073 1820 1119 quibus
1861 1081 1928 1108 res
1956 1082 1980 1108 a
2011 1082 2053 1109 se
2083 1074 2127 1109 in

1158 1139 1378 1175 itineribus
1404 1137 1550 1183 gestas
1571 1135 1756 1184 exponit.
1778 1135 1884 1172 Vide
1905 1136 1991 1172 Jac.
2014 1136 2123 1180 Que-

1157 1201 1213 1238 tif
1248 1202 1299 1238 de
1342 1199 1623 1246 scriptoribus
1664 1198 1758 1235 Ord.
1799 1198 2125 1234 Praedicatcrum

1158 1265 1245 1301 tom
1279 1264 1310 1299 1.
1343 1274 1382 1310 p.
1416 1263 1507 1300 194.
1542 1261 1633 1299 185.
1655 1263 1726 1309 qui
1746 1262 1874 1298 simul
1903 1261 2023 1297 docet
2042 1289 2052 1307 ,
2083 1262 2127 1297 in

1162 1329 1334 1375 Speculo
1366 1328 1531 1373 morali,
1559 1327 1668 1373 quod
1697 1325 1918 1362 Vincentio
1938 1325 2128 1361 Bellova-

1159 1391 1274 1427 censi
1302 1388 1519 1435 tribuitur,
1542 1388 1760 1425 dimidiam
1782 1387 1867 1424 fere
1890 1387 2052 1433 partem
2075 1397 2127 1424 ex

1160 1462 1280 1499 opere
1310 1451 1537 1499 posteriore
1560 1449 1768 1496 Stephani
1787 1449 1922 1485 nostri
1941 1459 2033 1486 esse
2055 1451 2129 1486 de-

1162 1515 1377 1562 scriptam,
1407 1514 1451 1551 id
1479 1513 1586 1560 quod
1617 1513 1819 1558 Prologus
1851 1512 1893 1547 et
1922 1511 2130 1559 Excerpta

1163 1578 1269 1614 satis
1298 1578 1439 1624 ampla
1480 1577 1637 1614 ibidem
1677 1575 1925 1622 reperienda
1972 1575 2130 1611 docent.

1162 1640 1373 1677 Oudinum
1399 1638 1514 1676 tomo
1546 1638 1616 1674 ΙΙΙ.
1647 1647 1746 1685 pag.
1778 1638 1872 1676 239.
1914 1638 2134 1674 Memoires

1159 1705 1210 1741 de
1242 1705 1439 1740 Trevoux
1471 1702 1590 1740 1708.
1634 1713 1673 1748 p.
1718 1702 1838 1738 1484.
1870 1704 2131 1749 Anonymus,

1159 1765 1280 1812 cujus
1312 1764 1528 1802 Tractatus
1558 1765 1608 1801 de
1639 1764 1870 1801 haeresibus
1899 1765 2133 1810 Pauperum

1157 1829 1206 1865 de
1249 1828 1452 1874 Lugduuo
1492 1827 1631 1865 exstat
1660 1828 1703 1863 in
1741 1828 1924 1864 Martene
1966 1827 2008 1863 et
2049 1827 2135 1864 Du-

1160 1891 1262 1927 rand
1295 1891 1508 1927 Thesauro
1538 1899 1645 1926 novo
1684 1890 1991 1926 Anecdotorum
2019 1890 2133 1927 tomo

1160 1953 1209 1988 V.
1241 1963 1279 1999 p.
1314 1951 1432 1990 1777.
1462 1953 1538 1999 ait,
1569 1962 1613 1989 se
1646 1961 1720 1988 sua
1751 1952 1801 1988 de
1832 1953 1952 1989 libris
1974 1952 2134 1990 Fratris

1163 2015 1367 2062 Stephani
1395 2017 1444 2053 de
1475 2016 1695 2052 Bellavilla
1723 2015 1945 2062 accepisse.

1246 2078 1555 2114 STEPHANUS
1585 2079 1781 2123 Browne,
1824 2077 2135 2115 Carmelitanus

1163 2141 1419 2187 monachus,
1464 2140 1702 2185 Theologus
1737 2140 1920 2186 primum
1953 2141 2137 2177 Aberdo-

1162 2205 1337 2250 niensis‚
1359 2203 1452 2250 post
1483 2202 1731 2240 Oxoniensis
1760 2211 1868 2239 anno
1892 2203 2010 2239 1340.
2032 2204 2137 2240 scri-

1165 2265 1251 2314 psit
1279 2264 1503 2303 Oonoiones
1534 2266 1574 2302 et
1605 2265 1808 2302 lecturas
1839 2265 2136 2303 Scholasticas.

1165 2328 1327 2365 Balaeus
1359 2328 1528 2365 Centur.
1561 2328 1671 2364 XIV.
1701 2327 1767 2364 54.
1798 2328 1963 2365 Pitseus
1985 2338 2020 2364 c.
2043 2328 2135 2365 519.

1239 2391 1548 2428 STEPHANUS
1560 2390 1775 2439 Brulifer,
1792 2390 1885 2427 vide
1900 2400 2026 2437 supra
2034 2391 2133 2429 tom.

1165 2452 1195 2488 Ι.
1223 2464 1262 2499 p.
1277 2455 1369 2491 264.
1395 2455 1551 2491 Nomen
1571 2454 1662 2500 ejus
1676 2453 1741 2490 est
1760 2452 1967 2490 Bruleser
1999 2463 2134 2499 germ.

1166 2517 1438 2555 Brenneisen.
1468 2517 1709 2554 Memoriam
1739 2517 1831 2562 ejus
1862 2526 1898 2552 a.
1943 2517 2059 2554 1718.
2093 2517 2132 2553 d.

1169 2579 1218 2616 15
1239 2579 1325 2615 Oct.
1344 2580 1542 2625 peculiari
1564 2579 1888 2626 scriptiun-ncula
1899 2580 2125 2617 celebravit

1166 2645 1303 2680 Herm.
1334 2644 1425 2678 Von
1456 2643 1529 2679 der
1550 2643 1699 2679 Hardt.

1248 2706 1556 2742 STEPHANUS
1591 2704 1817 2753 Cajetanus
1854 2706 2036 2752 apatria
2077 2708 2136 2744 sic

1164 2769 1315 2816 dictus,
1337 2768 1504 2806 Ordinis
1534 2768 1813 2814 Dominicani,
1842 2769 2034 2804 Vicarius
2057 2770 2134 2805 Ar·

1166 2832 1420 2879 chiepiscopi
1440 2832 1704 2878 Neapolitani
1718 2841 1790 2877 per
1807 2840 1936 2867 annos
1962 2830 2132 2866 XXXII.

1167 2896 1326 2934 Floruit
1346 2907 1382 2933 a.
1409 2895 1527 2933 1470.
1548 2895 1590 2932 et
1604 2896 1836 2933 Librumcle
1857 2895 2140 2933 sacramentis

1168 2959 1348 3006 scripsit.
1371 2958 1610 2996 Trithemus
1644 2958 1694 2994 de
1717 2956 1911 3003 Scriptor.
1927 2954 2083 2993 Eccles.
2099 2967 2133 2993 c.

1168 3020 1262 3057 861.
1294 3021 1425 3067 Toppi
1445 3020 1548 3057 Bibl.
1578 3018 1779 3066 Neapolit.
1803 3028 1901 3065 pag.
1930 3016 2022 3053 286.
2043 3027 2137 3054 cum

1166 3082 1445 3120 additionibus
1468 3083 1590 3119 Leon.
1618 3081 1830 3118 Nicodemi
1860 3091 1899 3126 p.
1922 3079 2014 3116 232.
2042 3080 2136 3117 233.

1166 3147 1248 3182 Jac.
1271 3144 1413 3189 Quetif
1428 3145 1477 3182 de
1499 3144 1776 3190 Scriptoribns
1809 3143 1902 3180 Ord.
1926 3144 2134 3182 Praedica-

1171 3209 1306 3245 torum
1336 3208 1436 3243 tom.
1469 3207 1499 3241 I.
1530 3217 1568 3253 p.
1601 3206 1691 3243 857.

1255 3270 1562 3307 STEPHANUS
1614 3269 1764 3308 Calvus
1781 3298 1791 3317 ,
1819 3270 2110 3309 Cremonensis
2127 3301 2136 3318 ,

1173 3333 1461 3370 humaniorum
1484 3333 1700 3369 literarum
1731 3333 1772 3368 in
1806 3333 1939 3379 patria
1969 3333 2137 3380 Doctor,
