2517 4009
878 213 1351 256 v1NCENT1US

111 287 310 342 quaedam
341 286 391 327 de
426 286 743 339 peregrinatione
781 299 998 341 puerorum
1024 301 1075 329 ex

111 351 323 393 Germania
354 354 394 390 et
429 350 608 390 Helvetia
634 351 683 390 ad
722 354 1009 393 monasterium
1035 354 1074 393 S.

109 414 312 456 Michaelis
344 413 392 452 de
433 414 607 465 periculo
646 417 767 455 maris
809 417 846 454 in
887 417 1077 456 Picardia.

111 477 313 520 Credibile
351 488 445 516 vero
480 482 570 524 est,
604 490 724 527 eum,
760 482 897 531 utpe-te
928 484 1075 518 testem

114 540 317 587 veritatis,
354 552 432 579 non
458 540 647 581 habuisse
685 543 833 583 multos
858 548 1075 589 amatores,

111 603 220 644 illum
262 608 426 652 tamen,
463 608 655 655 tanquam
699 617 865 654 senem,
907 606 1076 645 tolerare

114 667 240 707 coacti
274 670 382 706 sunt.
420 666 640 707 Successor
665 669 790 720 ipsius
830 670 869 707 in
907 680 1074 708 munere

111 731 339 779 Prioratus,
378 729 571 779 Thomas,
614 731 662 771 ad
706 731 879 771 eundem
926 733 984 771 Jo.
1026 731 1075 770 de

110 793 340 844 Weylhaim
381 791 431 831 de
466 793 539 834 hac
575 806 616 834 re
650 796 930 846 conqueritur,
970 793 1075 846 quod

112 861 193 897 tam
212 856 333 896 libere
350 857 560 906 scribat,et
576 857 889 897 admonitionem
906 861 1081 909 respuat.

109 919 219 959 Inter
242 919 318 959 alia
339 923 657 961 controversiam
693 921 831 961 babuit
855 933 946 961 cum
985 923 1078 960 Ber-

114 982 237 1022 nardo
256 982 305 1021 de
322 983 492 1035 Waging
511 983 558 1023 de
575 984 804 1036 iynorantia
821 983 948 1032 docta,
960 996 1079 1035 quor-

109 1056 199 1085 sum
237 1046 439 1096 pertinent
473 1046 601 1097 Epist.
637 1048 686 1086 X.
716 1052 756 1085 et
781 1049 865 1087 XV.
902 1058 1075 1086 necnon

110 1110 314 1148 annotatio
351 1109 409 1146 Jo.
445 1108 493 1147 de
536 1109 762 1161 Weylbaim
795 1121 831 1161 p.
872 1110 949 1151 342
985 1122 1077 1150 nam

111 1171 215 1210 ultra
242 1170 402 1210 modum
427 1170 527 1210 haec
550 1185 794 1223 exaggerare
820 1174 926 1212 nolo.

165 1233 473 1273 VINCENTIUS
513 1234 754 1284 Bandellus,
796 1237 937 1275 Castro
978 1247 1080 1274 novo

112 1295 307 1335 dioecesis
327 1297 590 1336 Dertonensis
624 1298 821 1338 oriundus
845 1304 885 1337 et
909 1310 942 1338 a.
975 1299 1079 1338 4435

113 1363 245 1407 natus,
265 1357 358 1397 Ord.
385 1358 601 1399 praedicat..
623 1362 809 1412 Magister
831 1361 1080 1412 Theologiae,

112 1421 337 1473 disputator
366 1422 544 1471 subtilis,
567 1424 675 1462 Prior
706 1425 906 1463 Bononiae
943 1429 983 1463 et
1005 1425 1081 1463 Me-

113 1485 273 1533 diolani,
291 1495 326 1523 3.
349 1484 464 1524 4500.
490 1487 678 1537 Magister
705 1487 879 1536 Ordinis,
901 1486 1083 1533 Galliam,

119 1548 322 1598 Belgium,
350 1546 586 1599 Hispaniam
623 1553 664 1587 et
688 1549 943 1589 Germaniam
971 1561 1084 1600 pera-

121 1613 275 1664 gravit,
307 1610 404 1650 obiit
433 1623 468 1651 a.
496 1611 614 1651 4506.
654 1611 753 1662 Ejus
788 1617 885 1652 sunt
911 1610 1084 1652 Libellus

115 1672 410 1714 recollectorius
453 1672 501 1713 de
541 1674 711 1714 veritate
740 1675 997 1727 conceptionis
1039 1675 1082 1713 B.

119 1738 304 1789 Mariae,
333 1739 420 1777 sine
454 1740 614 1777 nomine
642 1739 831 1777 Auctoris
862 1740 1084 1788 impressus

115 1801 269 1841 Mediol.
313 1801 442 1850 4475,
480 1800 516 1840 4.
557 1802 769 1840 Tractatus
799 1800 845 1840 de
881 1799 1085 1851 sinyulari

110 1864 290 1917 puritate
312 1868 351 1904 et
372 1864 663 1916 praeroyativa
696 1863 958 1916 conceptionis
987 1864 1083 1903 Jesu

119 1926 288 1978 Christi,
314 1929 462 1967 Bonon.
494 1929 616 1972 4481,
641 1929 678 1967 4.
712 1928 864 1967 Mediol.
902 1927 1007 1967 4512
1043 1932 1084 1966 et

118 1992 222 2033 alibi.
243 1990 357 2042 Quod
378 1990 577 2031 beatitudo
598 1991 765 2030 hominis
795 1991 834 2030 in
856 1994 948 2029 actu
974 1989 1084 2029 intel-

121 2056 242 2098 tectus
273 2060 310 2096 et
335 2067 413 2094 non
443 2054 662 2095 voluntatis
699 2053 964 2094 essentialiter
997 2066 1085 2094 con-

124 2120 239 2170 sistit,
265 2117 508 2173 Opusculum
528 2117 575 2158 de
589 2121 782 2170 potestate
810 2118 960 2171 Papae,
986 2117 1086 2158 Mul-

123 2184 272 2238 tijuyae
294 2183 336 2222 in
359 2181 565 2235 Theoloqia
585 2181 860 2235 quaestiones,
884 2179 1086 2232 Epistolae

121 2245 342 2300 encyclicae
361 2245 416 2285 ad
433 2245 670 2286 universum
695 2243 875 2283 ordinem
900 2247 970 2283 etc.
998 2243 1085 2283 Vid.

120 2311 201 2351 Jac.
229 2310 365 2358 Quetif
385 2309 434 2349 de
468 2309 738 2360 Scriptoribus
761 2307 854 2346 Ord.
882 2307 1088 2346 Praedica-

123 2379 256 2414 torum
296 2378 392 2412 tom.
428 2374 476 2412 ΙΙ.
509 2384 546 2423 p.
589 2373 623 2419 4,
660 2371 698 2409 2.
738 2372 948 2411 Altamura
989 2370 1086 2410 Bibi.

124 2438 281 2477 Domin.
303 2449 340 2488 p.
361 2436 452 2476 226.
476 2436 627 2488 Hippol.
656 2435 856 2476 Marraccii
888 2434 986 2473 Bibl.
1011 2435 1089 2473 Ma·

127 2501 281 2540 rianam
304 2504 411 2539 tomo
430 2501 476 2539 II.
501 2512 536 2550 p.
557 2499 648 2539 430.

180 2563 488 2605 VINCENTIUS
502 2561 677 2602 Barsius
701 2562 763 2601 vel
780 2559 967 2609 Βαντίας,
981 2560 1088 2598 Man-

127 2633 290 2678 tuanus,
313 2627 407 2668 Ord.
441 2627 761 2675 carmelitarum,
794 2622 1018 2673 Theologus
1047 2628 1087 2662 et

130 2695 248 2732 Poeta
270 2691 450 2743 insignis,
467 2691 629 2741 scripsit
655 2687 808 2729 Silvam
832 2688 1088 2734 Carminum‚

129 2757 278 2797 Bonon.
314 2759 355 2793 et
391 2752 533 2793 Albam
573 2751 889 2805 Labyrinthum,
929 2754 1090 2791 Parmae

133 2818 248 2859 4519.
272 2817 389 2857 Petrii
415 2817 522 2856 Lucii
547 2816 644 2855 Bibi.
670 2815 941 2854 Carmelitana
970 2826 1006 2864 p.
1030 2813 1094 2851 80.

130 2882 214 2922 Gio.
234 2881 353 2920 Maria
380 2879 507 2919 Pensa
532 2880 675 2918 Teatro
697 2877 800 2929 degli
827 2878 1006 2918 huomini
1028 2877 1095 2927 piu

131 2944 276 2985 illustri
296 2942 344 2983 de
369 2942 539 2994 famiglia
560 2942 827 2983 Carmelitana
849 2940 887 2980 di
912 2942 1096 2981 Mantova

188 3069 490 3109 VINCENTlUS
507 3066 828 3114 Bellovaccensis,
849 3077 924 3105 non
943 3066 991 3104 ab
1008 3066 1100 3115 Epi-

135 3137 304 3183 scopatu
325 3130 541 3179 sicdictuS,
566 3135 608 3170 ut
627 3131 739 3170 multi
759 3130 856 3169 falso
872 3129 1098 3179 opinantur,

136 3193 206 3234 sed
232 3205 252 3233 a
279 3195 415 3245 patria,
436 3197 477 3231 et
506 3193 701 3233 Coenobio
731 3192 1099 3238 Dominicanorum,

135 3258 175 3295 in
223 3266 302 3307 quo
348 3255 544 3294 Bellovaci
593 3255 788 3307 degebat:
837 3250 1100 3302 Burguudum

135 3318 297 3370 quidam
315 3322 514 3361 statuunt,
529 3317 598 3357 sed
616 3319 703 3357 sine
718 3326 874 3356 caussa.
894 3315 1100 3363 Regnante

137 3380 317 3432 Philippo
345 3379 527 3432 Augusto
564 3381 744 3421 Lutetiae
785 3377 909 3418 literis
941 3386 1101 3426 operam

2033 213 2112 256 589

1151 290 1328 338 navavit,
1345 288 1516 329 familiae
1537 288 1668 341 regiae
1691 285 1931 339 adscriptus,
1947 290 1988 327 et
2011 298 2114 327 unus

1150 365 1199 404 ex
1232 354 1369 404 primis
1400 353 1496 399 fuit,
1528 352 1594 403 qui
1625 350 1751 390 ordini
1793 349 2113 390 Praedicatorum

1151 428 1194 456 se
1224 415 1508 467 adjunxerunt.
1540 415 1678 455 Helluo
1719 414 1908 453 librorum
1941 414 2037 462 fuit,
2069 424 2116 452 ac

1150 479 1315 531 proinde
1349 480 1468 519 nullis
1499 477 1762 527 dignitatibus
1801 478 1931 515 ornari
1966 476 2114 525 voluit,

1150 543 1245 582 obiit
1274 548 1409 583 autem
1435 555 1468 581 a.
1499 540 1611 581 4264.
1637 540 1825 580 Oudinus
1850 551 1978 590 usque
2007 539 2054 578 ad
2081 550 2118 578 a.

1152 606 1256 646 4280
1281 607 1343 646 vel
1374 606 1476 646 4290
1499 606 1757 656 superstitem
1785 604 1908 643 fuisse
1930 603 2086 643 statuit.

1205 669 1305 708 Vide
1335 670 1598 708 Tritbemium
1635 667 1683 706 de
1721 669 1857 718 script.
1896 667 2049 706 Eccles.
2083 678 2118 708 c.

1150 731 1241 772 457.
1263 732 1395 771 Bulaei
1417 732 1555 770 histor.
1579 731 1767 770 Academ.
1797 731 1995 769 Parisinae
2019 735 2115 769 tom.

1150 792 1218 831 Ill.
1249 804 1285 843 p.
1323 793 1414 831 713.
1451 793 1532 830 Jac.
1577 791 1715 839 Quetif
1754 790 1802 829 de
1849 790 2118 840 scriptoribus

1152 854 1246 896 Ord.
1278 854 1600 893 Praedicatornm
1631 858 1730 892 tom.
1760 854 1789 900 l,
1820 865 1854 904 p.
1887 853 1966 892 212
1999 864 2114 905 seqq.

1151 918 1359 958 Altamura
1389 916 1487 956 Bibl.
1520 917 1777 956 Dominicana
1811 927 1847 967 p:
1879 916 1944 955 24.

1205 980 1333 1032 Opera
1363 979 1451 1030 ejus
1481 980 1577 1019 haec
1609 983 1720 1019 sunt:

1207 1046 1244 1084 4.
1273 1041 1485 1095 Speculum
1515 1042 1661 1095 majus,
1694 1040 1796 1093 quod
1821 1041 1894 1080 tria
1920 1041 1993 1080 alia
2025 1042 2120 1093 Spe-

1152 1105 1244 1146 cula
1286 1106 1585 1156 complectitur,
1632 1102 1854 1151 Naturale,
1893 1102 2120 1143 Doctrinale

1153 1175 1193 1208 et
1223 1167 1460 1216 Historiale,
1492 1180 1594 1220 quae
1627 1180 1704 1208 una
1736 1179 1828 1207 cum
1861 1165 2032 1216 Morali,
2063 1166 2112 1205 de

1154 1244 1232 1284 quo
1262 1237 1413 1283 postea,
1433 1232 1678 1284 conjunctim
1710 1230 1814 1270 edita
1846 1235 1942 1269 sunt
1970 1230 2121 1281 Argen·

1154 1297 1261 1334 tinae
1291 1293 1396 1345 apud
1435 1295 1496 1333 Jo.
1540 1294 1728 1334 Mentelin
1775 1293 1877 1333 4473
1921 1297 1961 1331 et
2004 1291 2119 1332 1476.

1159 1358 1340 1397 Basileae
1367 1356 1470 1408 apud
1498 1358 1556 1397 Jo.
1576 1351 1884 1397 Amerbachium
1908 1356 1983 1395 sub
2006 1355 2121 1395 titulo

1157 1419 1405 1460 Bibliotheca
1434 1419 1597 1470 mundi,
1629 1419 1694 1459 fol.
1738 1420 1929 1458 Maittaire
1968 1422 2062 1457 tom.
2095 1419 2122 1457 1.

1157 1497 1193 1536 p.
1225 1483 1305 1523 428
1335 1482 1639 1534 Nor-ibergensis
1670 1483 1763 1522 Ant.
1809 1481 2024 1532 Coburgeri
2059 1480 2122 1519 ubi

1160 1545 1376 1600 Speculum
1406 1544 1626 1585 Historiale
1659 1544 1802 1596 prodiit
1831 1556 1866 1583 a.
1898 1543 2013 1584 4483.
2043 1543 2124 1582 Na-

1163 1609 1306 1659 turale,
1339 1609 1456 1649 1483.
1487 1607 1652 1658 Morale,
1687 1607 1801 1647 4485,
1832 1608 2058 1657 Registrum
2085 1607 2122 1644 in

1161 1673 1376 1724 Speculum
1410 1672 1619 1712 Historiale
1651 1670 1794 1722 prodiit
1825 1669 1939 1708 1493.
1973 1668 2126 1708 Doctri-

1161 1734 1263 1784 nale,
1299 1735 1413 1782 4486,
1444 1736 1621 1774 Venetiis
1655 1733 1771 1784 1489,
1805 1732 1908 1774 4494
1938 1737 1977 1772 et
2009 1733 2126 1772 4591.

1163 1800 1284 1839 Duaci
1319 1798 1423 1838 4624
1455 1798 1519 1838 fol.

1213 1861 1427 1914 Speculum
1472 1860 1690 1901 Historiale
1727 1860 1940 1911 separatim
1984 1859 2130 1910 prodiit

1160 1927 1385 1977 Moguntiae
1416 1937 1484 1976 per
1505 1926 1564 1964 Jo.
1586 1926 1696 1973 Fust,
1731 1921 1835 1962 4474
1867 1922 1932 1961 fol.
1961 1921 2125 1960 laudant

1161 1991 1280 2029 etiam
1313 1989 1644 2039 Noribergensem
1692 1986 1807 2027 4473.
1839 1985 1938 2037 Aug.
1971 1985 2125 2024 Vindel.

1162 2052 1266 2092 4496
1298 2052 1362 2092 fol.
1392 2052 1541 2091 Gallice
1573 2062 1740 2091 versum
1772 2050 1891 2089 Paris.
1926 2047 2030 2088 4495
2062 2048 2129 2088 iol.

1163 2116 1188 2156 5
1218 2116 1302 2156 Vol.

1216 2177 1429 2232 Speculum
1466 2175 1636 2225 Morale,
1671 2182 1715 2216 ut
1758 2176 1813 2214 ait
1855 2174 1937 2214 Jac.
1975 2173 2129 2221 Quatif,

1163 2254 1241 2281 non
1274 2246 1337 2280 est
1367 2242 1578 2289 Viucentii,
1610 2239 1677 2278 sed
1711 2239 1842 2278 foetus
1873 2237 1995 2276 seculi
2027 2236 2132 2276 XIV.

1165 2317 1215 2345 ex
1244 2304 1432 2355 opelibus
1462 2304 1502 2343 S.
1533 2302 1733 2349 Thomae,
1765 2302 1867 2340 Petri
1898 2300 1946 2339 de
1987 2301 2134 2339 Taran-

1163 2369 1292 2415 tasia,
1326 2366 1507 2406 Richardi
1539 2366 1588 2405 de
1618 2364 1838 2404 Mediavilla
1869 2367 1909 2401 et
1939 2361 2130 2412 Stephani

1162 2431 1212 2470 de
1243 2430 1420 2470 Borbone
1463 2429 1728 2480 compilatus,
1761 2425 1866 2477 quod
1914 2424 2018 2463 idem
2065 2424 2130 2463 ille

1164 2494 1361 2541 Quetilius
1389 2504 1455 2543 per
1477 2491 1655 2542 singulas
1677 2490 1760 2529 libri
1794 2494 1928 2540 partes
1953 2485 2132 2526 ostendit

1163 2571 1199 2609 p.
1229 2556 1420 2596 218231.
1452 2555 1614 2594 Editum
1646 2557 1709 2592 est
1752 2551 1893 2590 Venet.
1932 2562 2001 2601 per
2037 2551 2132 2588 ller-

1165 2631 1357 2660 mannum
1393 2618 1665 2658 Liclitenstein
1713 2615 1818 2654 1493
1857 2613 1960 2652 folio.
1992 2611 2131 2660 Adde,

1165 2695 1267 2736 quae
1292 2694 1411 2733 supra
1442 2680 1490 2720 ad
1513 2686 1665 2719 tomum
1690 2680 1737 2718 X.
1765 2679 1940 2729 Operum
1963 2677 2008 2714 D.
2030 2675 2132 2714 Tbo-

1168 2759 1254 2787 mae
1287 2745 1500 2797 Aquinatis
1531 2743 1635 2782 dicta
1667 2747 1776 2781 sunt.

1221 2811 1258 2849 2.
1280 2810 1515 2850 Sermonum
1532 2817 1621 2857 pars
1642 2803 1849 2845 aestivalis
1873 2806 1913 2842 et
1935 2800 2132 2848 hiemalis,

1168 2873 1341 2914 Nurenb.
1373 2882 1442 2922 per
1486 2870 1579 2909 Ant.
1610 2867 1840 2918 Koberger,
1874 2864 1977 2904 1492
2015 2864 2080 2903 fol.
2109 2864 2134 2902 2

1170 2935 1256 2976 Vol.
1286 2933 1370 2974 Vid.
1403 2931 1565 2972 Hockeri
1596 2930 1722 2971 Catal.
1762 2929 1861 2968 Bibl.
1900 2927 2135 2966 Heilsbrun·

1174 2997 1311 3038 nensis
1349 3007 1383 3046 p.
1417 2993 1509 3034 445.

1230 3061 1267 3100 3.
1287 3059 1388 3098 Libri
1410 3056 1456 3096 de
1477 3055 1623 3096 Gratia
1639 3053 1836 3093 humanae
1859 3050 2132 3092 Redemtionis:

1175 3121 1357 3164 Laudum
1391 3118 1635 3171 Viryinitalzs
1662 3115 1888 3169 ylariosae:
1921 3113 1968 3154 de
2001 3116 2040 3155 S.
2071 3115 2137 3152 Jo-

1176 3186 1302 3226 banne
1320 3182 1584 3235 Evanqelisla:
1600 3179 1646 3220 cle
1667 3178 1901 3219 Eruditione
1916 3189 2137 3231 puerorum

1174 3247 1385 3299 reyalium:
1419 3243 1717 3287 Consolatorius
1748 3240 1793 3280 de
1837 3244 1960 3280 morte
1999 3239 2137 3278 amici.

1177 3310 1279 3351 Basil
1314 3320 1383 3361 per
1401 3309 1458 3348 Jo.
1482 3305 1718 3348 Amerbacb.
1751 3303 1845 3344 4481
1879 3303 1950 3355 301.
1981 3302 2133 3343 llockcr

1176 3374 1201 3414 l.
1231 3384 1270 3413 c.
