2566 4009
974 231 1206 270 Mitius
2066 234 2090 271 9

99 307 270 354 quatuor
313 302 594 341 communibus
637 313 706 352 per
748 301 977 340 Adventum
1015 307 1055 339 et

98 364 423 403 Dominicalibus.

150 427 360 465 Sermones
383 426 430 464 de
453 428 625 476 tempore
647 425 769 476 Lugd.
795 426 897 464 4498
918 430 957 463 et
982 425 1055 464 Ar-

98 490 294 538 gentorati
328 488 443 526 4506.

153 547 509 599 Quadrayesimale
525 550 546 588 d
555 551 672 601 uplex
684 551 803 589 Paris.
814 551 828 588 4
842 549 917 587 498
928 549 1052 588 forma

99 620 246 659 majore
271 615 413 649 octava
433 641 440 659 ‚
464 611 677 661 subjuncto
701 621 885 649 sermone
909 609 956 648 de
983 611 1054 648 Ju-

94 671 229 719 stitia‚
253 684 303 711 ex
332 683 410 722 quo
434 678 621 724 excerpta
645 672 841 722 quaedam
867 674 904 709 in
935 674 1056 711 Mata-

94 735 209 785 gonis
225 733 274 773 de
291 736 564 785 Matagonibus
578 735 790 778 (Francisei
803 735 1052 780 Hotomanni)

95 797 332 835 monitoriali
355 797 552 835 adversus
578 797 675 834 Italo
699 795 866 834 Galliam
892 807 928 846 p.
953 795 1016 833 77.

147 858 358 898 Sermones
387 857 435 896 do
464 857 621 896 Sanctis
660 861 699 896 et
731 857 930 896 communi
956 858 1055 896 San-

93 923 258 958 ctorum.
281 919 404 971 Lugd.
433 919 549 959 4507.
581 924 619 957 et
658 919 911 969 Argentorati
939 919 1054 958 4544.

149 979 434 1032 Contemplatio
450 980 601 1031 diffusa
618 980 658 1018 in
674 979 963 1020 Salutationem
978 980 1004 1018 A
1014 992 1056 1018 n-

90 1041 262 1093 yelicam
287 1044 408 1081 Paris.
437 1042 553 1081 4507.

147 1105 357 1143 Sermones
373 1104 448 1142 XV.
466 1102 513 1141 de
529 1103 719 1154 stipendio
732 1103 891 1154 peccati
904 1107 941 1141 et
953 1103 1056 1141 Gra-

93 1164 169 1202 tiae
192 1165 402 1216 praemio,
427 1170 548 1215 atque
588 1176 719 1203 sermo
741 1164 781 1202 in
804 1167 843 1203 S.
883 1165 1052 1202 Annam.

91 1225 214 1276 Lugd.
259 1227 363 1265 44-98
405 1231 525 1276 atque
573 1226 828 1276 Argentorati
853 1240 862 1263 :
908 1227 1054 1276 quibus

90 1286 318 1336 quindecim
361 1287 616 1326 sermonibus
654 1292 862 1338 peccatum
905 1289 1052 1326 morale

89 1348 205 1387 docet
249 1349 510 1399 fugiendum,
553 1360 643 1387 esse
690 1350 876 1398 quoniam
919 1355 981 1388 est
1017 1352 1051 1400 i>

87 1411 392 1450 amaricativum
420 1411 716 1449 Conscientiae.
739 1411 775 1458 2)
798 1411 1052 1450 bestialitatis

89 1471 424 1512 introductivum.
448 1473 483 1522 3)
517 1471 802 1522 dissipativum
831 1473 1052 1512 charitatis.

87 1533 124 1582 Ιι)
155 1535 370 1574 Daemonis
401 1534 718 1573 laetificativum.
759 1536 793 1583 5)
833 1537 1054 1574 excoecati-

88 1607 184 1635 vum
215 1597 377 1634 mentis.
404 1597 439 1645 6)-
478 1597 675 1635 fatuitatis
715 1596 983 1635 inductivum.
1015 1596 1050 1646 7)

86 1659 364 1708 generativum
391 1659 595 1708 egestatis.
622 1658 660 1707 8)
685 1658 848 1696 honoris
871 1659 1053 1697 annulla—

88 1720 230 1758 tivum.
263 1720 299 1768 9)
326 1719 613 1771 indignationis
637 1721 806 1758 Divinae
829 1722 1052 1770 promeriti-

87 1793 197 1820 vum.
230 1781 292 1826 40)
323 1781 615 1820 charismatum
660 1782 895 1821 Divinorum
936 1782 1052 1821 dissi-

87 1844 282 1894 pativum.
316 1844 377 1894 44)
408 1844 606 1883 libertatis
644 1843 943 1883 destructivum
986 1845 1048 1894 42)

85 1905 375 1944 maledictionis
406 1906 674 1944 incursivum.
700 1906 762 1953 43)
783 1906 956 1944 Naturae
973 1905 1052 1944 lae-

89 1968 238 2006 sivum.
280 1967 344 2016 44)
382 1968 698 2018 oppugnativum
739 1969 868 2006 meriti
903 1966 1049 2006 Christi

88 2033 129 2068 et
159 2029 221 2078 45)
246 2029 517 2069 poenitentiae
543 2030 846 2069 sacramentalis
871 2029 1050 2069 substra—

90 2092 261 2130 ctivnm.

140 2151 334 2191 Antonius
349 2152 530 2200 MAlUS,
556 2155 672 2192 cuius
699 2154 906 2193 funebrem
924 2165 1051 2204 quan-

88 2215 178 2254 dam
194 2215 413 2253 orationem
432 2226 624 2254 excusam
651 2217 688 2253 in
716 2216 827 2255 ltalia
844 2216 1050 2255 Gesnerus

91 2280 312 2324 memorat,
345 2277 378 2314 is
407 2281 470 2315 est
500 2279 625 2328 patria
659 2279 905 2325 BrixiensiS‚
934 2277 1050 2327 cujus

90 2339 309 2388 Epistolam
329 2338 642 2390 philosophicam
662 2346 783 2390 atque
805 2339 1048 2378 historiolam

91 2410 176 2438 sive
207 2400 388 2439 fabellam
421 2400 493 2439 An.
526 2402 621 2440 4504
656 2404 847 2452 scriptam
875 2401 1050 2440 Veronae

85 2460 134 2498 de
163 2461 367 2511 spiritibus
397 2463 465 2511 qui
502 2467 774 2512 apparuerant
812 2464 850 2500 in
893 2462 1048 2509 (larda,

89 2522 332 2561 Veronensis
379 2522 609 2561 dioeceseos
658 2524 782 2571 villa,
821 2524 1050 2573 editamque

87 2583 243 2622 Brixiae
279 2588 475 2622 memorat
505 2585 672 2622 Vossius
702 2595 790 2634 pag.
823 2585 913 2622 680.

138 2644 336 2685 Chronica
356 2644 402 2684 de
441 2645 684 2695 MAILROS,
709 2646 794 2683 sive
824 2646 1048 2683 Monasterii

84 2707 353 2746 Mailrosensis
390 2708 476 2746 sive
519 2708 772 2746 Meirosensis
803 2708 840 2744 iu
887 2707 1048 2755 Scotia,

83 2768 179 2808 Ord.
200 2768 347 2808 Bened.
373 2769 422 2807 ab
446 2768 491 2807 A.
518 2768 559 2807 C.
584 2769 661 2807 735
679 2768 726 2806 ad
749 2768 823 2807 An.
848 2768 951 2807 1270
970 2779 1046 2806 non

83 2841 161 2868 uno
191 2829 259 2868 sed
286 2830 447 2869 incertis
485 2830 742 2878 auctoribus,
769 2830 872 2868 edita
907 2831 945 2867 in
983 2830 1047 2867 Jo-

83 2893 199 2930 annis
229 2891 322 2929 Felli
360 2892 593 2930 collectione
632 2893 872 2942 scriptorum
912 2903 1044 2930 rerum
1076 2902 1078 2905 ’

83 2952 356 3002 Angliearum,
387 2952 527 2991 Oxonii
550 2964 571 2991 e
599 2954 756 2992 theatro
779 2953 1046 2992 Shcldoniano

84 3013 187 3053 4684
218 3013 282 3052 fol.
309 3012 404 3051 Vide
430 3014 617 3053 Guilelmi
642 3015 802 3054 Nichols
828 3015 1044 3053 Bibliothe-

81 3086 169 3114 cam
199 3075 478 3113 historicorum
510 3074 674 3126 Angliae
703 3088 792 3127 pag.
817 3077 866 3115 62
893 3087 979 3126 seq.
1003 3081 1043 3114 et

81 3137 235 3175 Scotiae
256 3148 341 3187 pag.
366 3136 432 3173 79.
461 3147 545 3186 seq.
568 3141 608 3174 et
635 3141 672 3174 in
704 3138 922 3188 appendice
954 3149 1039 3187 pag.

82 3197 170 3237 3127.
196 3209 280 3248 seq.
299 3198 361 3237 ubi
379 3198 540 3236 exhibet
568 3203 682 3236 notas
700 3200 878 3249 triplices
895 3199 1042 3237 Johau—

97 3338 130 3378 ει)
146 3341 258 3371 Exstat
275 3343 305 3371 et
325 3338 410 3379 apud
429 3341 574 3376 surium,
597 3342 630 3370 V.
650 3342 782 3371 Noicm.
802 3344 830 3370 ei
852 3341 884 3370 in
903 3340 1045 3370 'flioniae

1130 303 1190 340 nis
1213 303 1414 340 Jamesoni
1449 301 1486 339 in
1529 301 1622 340 illud
1662 301 1885 340 Chronicon
1908 331 1916 346 ‚
1941 302 2091 352 primas

1129 363 1290 414 quidem
1312 364 1458 413 quibus
1481 363 1620 414 probat
1646 363 1738 402 illud
1765 374 1855 401 esse
1881 363 1930 401 ab
1960 364 2088 415 Anglo

1128 430 1168 463 et
1186 424 1430 463 Scoticarum
1453 436 1585 463 rerum
1605 437 1744 475 parum
1768 426 1893 475 perito
1918 426 2091 475 interpo-

1128 487 1271 525 latum:
1295 486 1494 525 secundas
1513 486 1659 536 quibus
1687 488 1911 526 illustratur
1930 516 1938 534 ‚
1956 491 1996 524 et
2013 491 2091 525 ter-

1128 550 1203 586 tias
1228 549 1573 598 paucissimasque
1597 549 1683 586 illas
1698 548 1848 598 quibus
1867 549 2092 599 corrigitur.

1180 610 1351 647 Joannes
1380 608 1611 648 MAILROS.
1644 610 1770 659 Supra
1802 614 1828 647 t.
1864 610 1896 647 4.
1930 622 1964 660 p.
1997 609 2090 649 1422.

1183 669 1402 709 Guilelmus
1426 670 1601 708 MAJOR.
1624 675 1651 708 t.
1678 671 1739 709 111.
1761 683 1797 721 p.
1828 671 1917 710 443.

1180 733 1353 771 Joannes
1376 732 1552 771 MAJOR.
1572 735 1700 783 Supra
1718 737 1744 770 t.
1773 734 1807 770 4,
1833 745 1869 783 p.
1895 734 1983 772 383.

1185 794 1404 845 Huyolinus
1426 794 1767 833 MALABRAMIA
1800 795 2089 843 UrbevetanuS,

1130 857 1355 908 Theologus
1399 857 1660 905 Parisiensis,
1691 861 1730 894 et
1773 856 1821 894 ab
1864 868 1926 894 an.
1974 857 2089 894 4368.

1131 919 1389 969 Praepositus
1431 918 1664 962 Generalis,
1709 917 1870 956 Ordinis
1908 920 2094 956 eremita-

1132 991 1220 1018 rum
1255 981 1294 1018 S.
1326 980 1612 1029 Augustini‚et
1636 979 1684 1017 ab
1709 990 1770 1017 an.
1799 980 1893 1018 4374
1922 979 1968 1017 ad
1992 980 2091 1018 4374

1134 1041 1357 1092 Episcopus
1379 1041 1645 1079 Ariminensis
1669 1045 1709 1078 et
1737 1041 1962 1079 Patriarcha
1999 1043 2090 1089 (non

1131 1103 1374 1141 CPolitanus
1406 1107 1451 1141 ut
1481 1102 1638 1140 Oudino
1669 1107 1764 1140 tom.
1796 1103 1831 1140 3.
1865 1115 1950 1153 pag.
1977 1102 2092 1142 44ῖι4.

1131 1165 1214 1213 sed)
1247 1165 1648 1214 hierosolymitanus.
1679 1163 1776 1202 Vide
1821 1163 2032 1214 Ughellum
2065 1170 2094 1202 t.

1131 1228 1168 1264 2.
1202 1237 1287 1276 pag.
1322 1226 1399 1263 428
1428 1230 1468 1262 et
1499 1225 1720 1276 Philippum
1752 1226 1929 1264 Elssium
1961 1238 1996 1276 p.
2015 1227 2092 1264 305

1128 1288 1400 1325 encomiastici
1431 1288 1726 1336 Augustini-ani.
1775 1287 1943 1337 Scripsit
1973 1288 2089 1325 Com-

1131 1350 1373 1386 mentarium
1401 1347 1440 1385 in
1465 1349 1528 1386 IV.
1556 1346 1678 1386 libros
1702 1349 2021 1395 Sententiarum,
2045 1348 2092 1387 de

1127 1409 1235 1447 ΒΕΘ
1253 1420 1330 1446 uno
1361 1413 1400 1447 et
1426 1408 1541 1445 Trino
1558 1440 1567 1455 ,
1594 1407 1825 1457 andlibeta
1841 1441 1850 1456 ,
1889 1411 2093 1457 Quaestio-

1126 1482 1196 1509 nes
1220 1471 1261 1509 in
1289 1471 1394 1509 VIII.
1421 1468 1546 1508 libros
1568 1469 1828 1521 Physicorum
1852 1470 2090 1510 Aristotelis.

1129 1533 1466 1573 Commentarium
1484 1531 1523 1569 in
1541 1531 1743 1570 Boethium
1761 1531 1807 1570 de
1820 1532 2092 1571 Consolatone

1128 1594 1414 1646 Philosophiae.
1453 1595 1662 1633 Sermones
1702 1593 1747 1632 cle
1787 1598 1957 1645 tempore
1983 1593 2088 1632 etde

1127 1657 1300 1697 Sanctis.
1325 1659 1346 1679 ³*
1377 1659 1537 1695 Praeter
1560 1668 1604 1694 ea
1623 1684 1632 1699 ,
1663 1667 1765 1706 quae
1795 1655 1843 1694 de
1875 1655 1983 1693 libris
2018 1657 2091 1693 viri

1127 1720 1247 1758 huius
1289 1718 1394 1757 docti
1432 1718 1636 1756 Fabricius
1673 1718 1905 1763 annotavit,
1947 1715 2091 1755 addere

1127 1780 1325 1832 quaedam
1347 1779 1465 1830 juvat
1490 1791 1539 1817 ex
1566 1779 1606 1817 P.
1633 1778 1824 1817 Gandolfo
1847 1780 1885 1816 in
1910 1779 2013 1817 Diss.
2043 1779 2092 1818 de

1126 1844 1202 1883 CC.
1229 1842 1544 1893 Augustinianis.
1576 1841 1678 1880 Sunt
1704 1852 1798 1878 vero
1823 1841 1908 1878 libri
1941 1841 1982 1878 hi
2009 1852 2092 1879 om-

1127 1917 1199 1943 nes
1216 1916 1308 1943 cum
1335 1905 1505 1942 caeteris
1531 1904 1567 1940 in
1594 1903 1700 1942 MSS.
1727 1901 1938 1941 Codicibus
1961 1902 2091 1941 adhuc

1125 1966 1313 2005 latentes.
1345 1963 1601 2014 Quaestiones
1622 1975 1744 2014 super
1762 1963 2091 2015 praedicamenta

1125 2032 1162 2066 et
1180 2026 1482 2078 periermenias.
1510 2027 1566 2064 De
1588 2025 1822 2064 idiomatum
1846 2024 2085 2074 differentia.

1125 2091 1180 2128 De
1198 2088 1414 2141 principiis
1437 2088 1601 2126 ordinis.
1638 2088 1693 2126 De
1718 2088 1795 2126 Deo
1824 2086 1926 2124 trino
1952 2089 1990 2124 et
2012 2097 2088 2123 uno

1126 2153 1181 2190 De
1205 2153 1337 2191 sacris
1358 2149 1590 2203 disciplinis.
1613 2154 1686 2188 etc.
1846 2140 1852 2151 ⁴

1181 2213 1473 2253 MALACHIAS
1491 2213 1687 2262 (Hibernis
1705 2208 1937 2251 Malmecloic
1949 2210 2092 2247 OMon-

1121 2276 1226 2326 9air)
1256 2288 1306 2314 ex
1354 2275 1508 2313 Abbate
1551 2273 1821 2313 Banchorensi
1867 2273 2089 2322 Episcopus

1126 2338 1398 2376 Connorensis
1423 2338 1461 2374 in
1488 2337 1685 2384 Hibernia,
1703 2341 1823 2385 atque
1849 2335 1881 2371 si
1908 2335 2089 2372 Alberico

1125 2411 1212 2450 pag.
1231 2399 1324 2438 252.
1345 2399 1558 2446 Chronici7
1585 2403 1624 2436 et
1649 2398 1722 2436 274
1750 2397 1874 2443 fides,
1900 2397 1948 2434 ab
1974 2396 2088 2433 Anno

1127 2461 1230 2500 4426
1265 2466 1374 2499 certe
1408 2461 1456 2499 ab
1492 2472 1555 2499 an.
1595 2460 1710 2498 4432.
1754 2458 2088 2507 Archiepiscopus

1126 2522 1548 2569 Armaehanus‚1mm
1582 2521 1744 2559 Annum
1779 2520 1893 2558 4131..
1931 2523 2083 2568 ponunt

1124 2583 1205 2621 JaC.
1223 2583 1419 2621 Wareaus
1445 2583 1482 2619 in
1511 2582 1693 2620 Hibernia
1711 2591 1820 2618 sacra
1849 2591 1934 2629 pag.
1962 2577 2024 2616 ili.
2047 2584 2087 2615 et

1125 2643 1173 2682 de
1193 2644 1400 2682 Hiberniae
1418 2642 1678 2693 scriptoribus
1703 2652 1777 2690 pag
1815 2639 1879 2677 52.
1904 2639 2083 2682 (Imeus,

1124 2707 1269 2756 aliique
1287 2707 1352 2755 qui
1371 2710 1491 2743 etan.
1510 2704 1613 2743 4137
1634 2707 1775 2753 sponte
1798 2713 1840 2739 se
1864 2700 2083 2742 abdicasse.

1125 2773 1245 2818 atque
1278 2767 1369 2805 inde
1393 2766 1516 2805 semel
1550 2767 1775 2814 iterumque
1806 2764 1982 2813 petiisse,
2012 2763 2083 2799 Ro—

1128 2841 1234 2867 mam
1261 2833 1300 2867 et
1328 2830 1363 2866 in
1391 2826 1568 2866 secundo
1586 2828 1725 2864 itinere
1750 2825 1974 2862 decessisse
1999 2835 2085 2873 per-

1123 2891 1260 2929 hibent
1286 2892 1323 2928 in
1349 2889 1545 2928 Coenobio
1571 2887 1854 2928 Clarevallensi
1879 2897 1943 2923 an.
1970 2885 2081 2923 1418.

1122 2953 1157 2990 2.
1190 2953 1288 2990 Nov.
1312 2951 1408 2989 Vide
1436 2952 1579 2988 iterum
1613 2949 1838 2988 Albericum
1875 2958 1959 2997 pag.
1991 2946 2079 2983 316.

1122 3013 1301 3052 Morienti
1352 3013 1392 3051 S.
1437 3010 1737 3050 BERNARDUS
1767 3008 1919 3053 adfuit,
1952 3011 1992 3044 et
2024 3008 2082 3043 vi-

1121 3080 1201 3113 tam
1227 3076 1260 3123 a)
1292 3075 1452 3124 scripsit
1482 3072 1661 3111 defuncti
1703 3075 1743 3107 et
1784 3069 1885 3106 duos
1919 3070 1955 3105 in
1992 3068 2080 3118 ejus

1120 3137 1352 3175 memoriam
1398 3143 1609 3172 sermones
1647 3132 1809 3174 habuit,
1835 3135 1879 3168 ut
1909 3129 1988 3167 (lixi
2015 3140 2080 3168 su-

1119 3211 1187 3248 pra
1212 3203 1307 3235 tom.
1331 3199 1365 3235 4.
1387 3208 1473 3246 pag.
1491 3195 1579 3232 (307.
1601 3194 1663 3232 uhi
1683 3193 1817 3230 notavi
1840 3192 1958 3230 ctiam
1982 3192 2080 3231 San—

1110 3338 1341 3377 Messinghaini
1376 3336 1537 3375 florilegio
1570 3338 1716 3368 Sauciet.
1737 3335 1917 3366 Hiberniae
1945 3343 1983 3373 p.
2007 3334 2082 3365 5252.

1707 3404 1776 3441 1533
