2533 4009
407 178 483 216 646
991 173 1020 209 D
1042 171 1054 209 1
1077 172 1108 209 Ο
1132 171 1165 208 Μ
1187 170 1217 208 Ε
1240 169 1270 206 D
1292 168 1305 206 1
1328 168 1354 206 S

407 250 463 288 Ea
494 258 584 286 vero
613 246 814 295 collegisti,
844 234 1008 293 quibus)
1044 242 1109 292 qui
1153 240 1354 290 obtempe-

411 313 610 356 raverint3
642 321 716 348 non
749 306 1058 355 modo'regnum
1091 315 1208 343 suum
1239 305 1353 353 tueri,

407 386 450 414 ac
480 371 702 417 defendere,
734 380 871 409 verum
909 369 1027 407 etiam
1069 366 1243 406 alienum
1287 365 1355 404 ad-

408 436 649 474 mirationem
682 434 739 471 sui
770 442 1012 481 comparare,
1042 434 1080 468 et
1111 429 1182 467 sibi
1226 429 1354 467 conci-

409 498 499 535 liare
529 496 682 546 poterit.
709 495 749 532 ln
775 493 1052 531 distributione
1075 495 1274 542 praeterea
1301 491 1354 529 rei

408 558 606 598 familiaris
635 557 702 594 tibi
735 556 947 607 plurimum
980 560 1019 592 et
1050 564 1160 600 usus,
1192 558 1232 591 et
1271 564 1357 602 pro-

409 621 602 658 videntiae
632 630 841 670 superesse
872 617 1106 665 ostendisti3
1144 621 1187 664 ut
1223 616 1269 655 ad
1301 616 1358 654 di-

407 681 652 734 spensandas
702 681 911 721 facultates
957 685 1031 719 tua·
1075 679 1146 718 sibi
1196 680 1356 718 consilia

408 755 610 784 assumere
635 748 714 783 tam
733 745 887 795 privati,
911 754 1029 794 quam
1058 743 1254 794 principes
1285 743 1360 782 uti-

409 808 496 847 liter
517 809 681 859 possint.
706 807 805 853 Quid
832 811 963 845 autem
987 806 1034 844 de
1060 811 1358 856 praeceptorum

408 870 542 910 ordine
579 869 748 921 loquar?
792 871 889 910 Nam
934 870 1008 907 etsi
1054 868 1277 920 pulc-lirum,
1322 873 1361 906 et

407 933 563 972 difficile
592 938 651 971 est
684 934 860 971 iuvenire
891 932 1109 984 praeclar-03
1136 930 1279 970 indocti
1305 935 1362 970 ta-

409 1008 498 1035 men
530 995 741 1044 interdum,
773 1000 811 1034 et
850 995 1001 1035 barbari
1049 993 1082 1032 id
1130 994 1257 1032 facere
1301 1005 1362 1032 so-

407 1059 516 1101 lent:
546 1058 754 1108 disponere
784 1062 915 1096 autem
949 1062 1052 1107 apte,
1084 1057 1156 1094 nisi
1182 1055 1361 1105 eruditis,

408 1127 446 1159 et
478 1132 618 1171 magno
650 1122 804 1171 ingenio
835 1119 1021 1170 praeditis
1052 1124 1239 1170 negatum
1271 1130 1360 1157 esse

408 1182 561 1222 dieitur.
594 1183 630 1221 ls
659 1184 763 1220 enim
794 1194 813 1221 a
845 1188 883 1221 te
922 1187 1108 1221 servatus
1149 1186 1213 1220 est
1257 1181 1363 1228 ordo,

410 1246 474 1296 qui
510 1245 680 1284 maxime
711 1244 873 1294 debuit3
907 1249 946 1284 ut
979 1256 1023 1283 ea
1055 1245 1164 1295 prius
1192 1243 1358 1293 explica-

409 1313 558 1349 rentur.
588 1319 688 1359 quae
720 1307 879 1358 majoris
908 1312 1045 1346 essent
1085 1306 1281 1358 ponderis,
1324 1312 1364 1345 et

408 1384 427 1411 a
458 1371 604 1422 quibus
635 1373 846 1422 posteriora
880 1370 1050 1421 pendere
1076 1381 1362 1421 cognosceren-

411 1441 492 1483 tur3
539 1439 583 1473 ut
629 1444 824 1483 nusquam
871 1432 1116 1480 diluciditas,
1163 1443 1360 1483 nusquam

413 1496 617 1543 industria,
650 1506 845 1546 nusquam
878 1500 944 1534 tua
966 1495 1216 1534 desideretur
1237 1500 1364 1533 atten-

412 1561 477 1597 tio.
507 1559 548 1597 ln
579 1557 800 1608 eloquendo
831 1569 924 1595 vero
955 1570 1045 1598 eum
1070 1558 1229 1597 modum
1256 1556 1365 1595 adbi-

414 1622 545 1666 buisti,
577 1626 617 1661 ut
642 1631 733 1659 cum
766 1622 1002 1671 praecipere,
1033 1621 1162 1671 qualis
1185 1631 1272 1658 esse
1299 1619 1365 1658 de-

415 1684 504 1723 beat
551 1684 745 1734 princeps,
790 1694 1015 1731 onerosum⁷
1059 1695 1103 1722 ac
1144 1694 1262 1734 prope
1300 1693 1366 1722 su-

418 1747 581 1798 perbum
615 1745 745 1784 haberi
792 1746 943 1795 soleat3
986 1751 1026 1785 tu
1071 1745 1195 1785 aliena
1242 1746 1366 1795 magis

418 1811 594 1853 recitare,
624 1821 742 1860 quam
774 1820 820 1847 ex
853 1814 890 1847 te
922 1814 1150 1859 arroganter
1174 1819 1367 1859 promere,

417 1878 485 1911 aut
520 1871 659 1911 docere.
706 1870 927 1910 verecunde
970 1871 1168 1921 professus
1210 1882 1278 1909 es:
1323 1881 1368 1909 ac

420 1947 537 1986 saepe
579 1935 859 1986 sapientissimi
904 1939 973 1972 aut
1015 1935 1091 1981 avi,
1135 1938 1202 1972 aut
1246 1934 1367 1983 patris

417 2000 491 2037 mci
518 1998 775 2038 saluberrima
799 1997 889 2035 milii
915 1996 1093 2046 exempla
1115 1996 1366 2046 proposuisti,

418 2063 463 2102 ad
494 2073 595 2113 quae
627 2060 735 2099 facile.
766 2060 927 2098 excitari
960 2070 1127 2110 queam:
1150 2071 1238 2098 eum
1263 2070 1281 2096 a
1309 2070 1370 2097 sa-

417 2124 614 2178 pientibus
643 2122 715 2162 dici
755 2122 912 2161 solitum
957 2124 1208 2173 accepimus:
1252 2121 1371 2159 lione-

418 2188 637 2227 stissimum
671 2197 758 2224 esse
804 2186 991 2223 maiorum
1035 2186 1198 2235 vestigia
1244 2185 1368 2235 sequi,

420 2251 650 2301 praesertim
683 2249 713 2286 si
746 2253 851 2287 recto
883 2249 1021 2285 itinere
1054 2252 1369 2298 praecesserunt.

418 2312 516 2361 Quid
547 2311 648 2363 quod
683 2311 774 2350 nibil
806 2311 1065 2361 superfluum,
1097 2316 1165 2349 aut
1203 2311 1371 2348 accersi-

421 2382 503 2416 tum
536 2375 764 2415 inculcasti:
794 2375 874 2425 ipsa
898 2385 989 2412 vero
1016 2378 1222 2424 praecepta
1256 2371 1369 2424 (quod

423 2441 458 2477 in
481 2451 524 2477 οο
549 2450 690 2489 genere
710 2435 1002 2476 observandum
1024 2447 1112 2474 esse
1131 2434 1266 2486 ajunt)
1290 2435 1374 2473 bre-

423 2503 510 2541 vius
539 2512 656 2552 quam
689 2500 769 2538 [ieri
802 2499 924 2548 possit
954 2496 1196 2549 explicasti?
1238 2499 1373 2548 Neque

423 2565 526 2602 enim
559 2561 684 2615 (quod
717 2561 893 2602 accidere
925 2561 991 2599 tibi
1024 2561 1126 2611 apud
1161 2573 1221 2600 me
1260 2572 1375 2612 posse

424 2626 598 2670 vereris}
630 2630 668 2663 te
699 2625 934 2676 prolixitatis
964 2636 1119 2664 accuso.
1150 2626 1285 2675 Neque
1316 2636 1377 2663 se-

427 2689 501 2728 mel
532 2693 685 2727 tantum
716 2699 736 2726 a
769 2688 895 2726 fronte
940 2687 986 2726 ad
1018 2687 1165 2726 calcem
1198 2687 1374 2726 libellum

427 2752 553 2802 ipsum
586 2750 744 2802 pet-legi,
786 2749 853 2789 sed
899 2749 1111 2788 identidem
1150 2751 1186 2788 in
1234 2760 1376 2788 manus

1401 167 1429 205 C
1452 167 1484 205 A
1506 168 1534 205 tt
1557 167 1585 206 Α
1608 167 1632 204 F
1657 167 1681 204 F
1704 166 1734 206 Α
1757 168 1787 206 Ε

1426 239 1639 289 assumpsi,
1670 250 1907 291 semperque
1945 238 2105 289 aliquid,
2147 250 2224 288 quo
2261 240 2372 289 quasi

1429 315 1530 342 novo
1559 302 1790 348 dolectarer,
1819 303 1976 351 inveni3
2023 312 2093 340 nee
2136 302 2210 339 nisi
2253 313 2377 342 unum

1428 367 1512 414 fuit,
1532 365 1633 416 quod
1663 365 1840 404 molestia
1868 376 1929 403 me
1951 365 2143 404 afficeret:
2171 375 2261 402 nam
2285 375 2376 404 cum

1430 430 1574 478 scripta
1607 432 1671 466 tua
1702 431 1857 465 tantum
1889 427 2031 465 habere
2057 427 2280 472 suavitatis,
2306 426 2380 466 uti—

1430 492 1629 541 litatisque
1649 490 1921 541 intelligerem,
1939 489 2063 527 multo
2086 488 2274 539 majorem
2299 498 2383 526 ser-

1431 554 1614 592 monibus
1663 553 1766 597 tuis‚
1813 551 2166 601 praesentibusque
2207 550 2383 589 consutis

1433 617 1562 654 inesse
1592 614 1854 665 conjectabar,
1884 618 2003 664 atque
2042 613 2138 652 adeo
2182 613 2381 662 sciebam;

1431 690 1555 728 eaque
1587 688 1663 726 res,
1693 688 1770 727 quo
1801 676 1935 726 sepius
1966 675 2053 725 legi,
2082 686 2126 714 eo
2170 676 2292 726 magis
2334 674 2382 714 ad

1434 739 1674 778 desiderium
1705 739 1760 778 tui
1794 749 1855 776 me
1894 736 2087 785 accendit,
2129 737 2387 776 acerbiorem-

1434 815 1511 852 que
1544 801 1636 840 milii
1668 801 1886 840 absentiam
1918 804 2026 839 tuam
2059 799 2252 838 reddidit:
2278 800 2383 839 Scito

1435 866 1564 916 igitur,
1599 865 1827 903 Clarissime
1858 864 1936 910 vir,
1969 873 2115 901 munus
2144 866 2256 901 tuum
2293 862 2385 901 mibi

1434 927 1706 980 gratissimum
1731 926 1853 965 fuisse
1877 936 2003 976 eoque
2027 924 2182 962 nomine
2207 924 2388 976 ingentes

1435 1002 1456 1029 a
1489 1001 1550 1028 me
1583 988 1650 1027 tibi
1682 989 1828 1038 gratias
1850 988 1923 1039 agi,
1946 986 2177 1038 liaberique3
2198 990 2236 1024 ct
2260 985 2388 1036 quoad

1437 1053 1584 1098 vivam,
1615 1062 1634 1090 a
1667 1051 1746 1090 tuis
1779 1061 1840 1088 me
1869 1049 2044 1088 consiliis
2075 1049 2112 1086 in
2160 1049 2304 1099 Regum
2345 1059 2390 1087 ac

1435 1127 1476 1153 re
1506 1113 1698 1160 familiari,
1721 1111 2035 1152 administranda
2063 1112 2224 1149 minime
2243 1109 2392 1150 disces-

1438 1188 1572 1216 suram
1604 1187 1693 1215 cum
1728 1181 1778 1220 te,
1809 1180 1848 1213 et
1879 1179 2017 1213 natura
2048 1179 2227 1219 acutum,
2254 1177 2293 1212 et
2316 1183 2390 1212 usu

1438 1239 1713 1287 exercitatum,
1745 1242 1784 1275 et
1814 1236 1861 1275 ad
1898 1238 2106 1276 veritatem
2152 1239 2390 1286 promptum.

1437 1301 1687 1352 fidelemque,
1719 1311 1808 1338 esse
1834 1299 2072 1351 jampridem
2107 1298 2198 1337 mihi
2231 1308 2392 1348 persua-

1436 1365 1568 1402 serim.
1599 1363 1673 1402 Sed
1693 1374 1783 1402 oum
1805 1373 1904 1413 opus
1926 1367 2038 1401 tuum
2068 1373 2117 1400 ex
2146 1361 2251 1400 omni
2281 1365 2391 1412 parte

1440 1427 1708 1474 utilissimum,
1730 1437 1774 1464 ac
1796 1436 1952 1465 summa
1975 1423 2091 1463 laude
2112 1423 2389 1474 dignissimum

1436 1489 1484 1528 al)
1514 1489 1699 1527 omnibus
1729 1489 1881 1527 censeri
1917 1485 2305 1535 animadverterem3
2350 1488 2392 1524 ut

1439 1564 1513 1589 non
1545 1551 1674 1590 solum
1707 1551 1825 1598 ltalis7
1856 1550 1922 1589 sed
1955 1550 2103 1588 exteris
2133 1559 2290 1599 quoque
2328 1558 2409 1598 nar

1439 1614 1614 1653 tionibus
1645 1613 1845 1665 prodesse,
1877 1617 1916 1651 et
1942 1623 2083 1650 nomeu
2106 1616 2233 1658 tuum,
2256 1621 2395 1662 quam·

1442 1678 1501 1715 vis
1533 1688 1600 1726 per
1625 1688 1667 1714 se
1690 1677 1788 1715 satis
1817 1676 1983 1722 clarum,
2004 1675 2076 1713 hac
2100 1675 2218 1713 etiam
2245 1674 2394 1712 ratione

1439 1740 1485 1778 ad
1519 1740 1699 1791 regiones
1737 1739 1971 1790 longinquas
2015 1737 2203 1776 trasmitti
2248 1739 2395 1787 posset,

1441 1802 1528 1841 dedi
1559 1813 1731 1853 operam,
1764 1806 1806 1839 ut
1835 1813 1855 1839 a
1899 1801 2073 1851 Baptista
2103 1798 2287 1841 Guarino.
2328 1798 2395 1836 bo-

1442 1867 1546 1904 mine
1578 1864 1806 1903 nonnullius
1838 1865 1873 1901 in
1920 1874 1960 1901 ie
2004 1862 2171 1901 literaria
2213 1861 2395 1911 nominis,

1441 1927 1556 1976 cujus
1600 1927 1757 1973 tidem„
1782 1926 2157 1976 observantiamque
2199 1934 2289 1976 erga
2335 1935 2397 1964 me

1443 1988 1810 2034 innumerabilibus,
1841 1993 1879 2025 et
1909 1988 2025 2027 claris
2071 1986 2223 2025 indiciis
2265 1987 2397 2037 explo-

1443 2058 1566 2091 ratam
1596 2051 1799 2096 habebam,
1822 2051 1857 2088 in
1883 2051 2058 2089 Latinam
2084 2049 2270 2099 linguam,
2292 2047 2394 2098 quod

1443 2125 1488 2152 ea
1519 2114 1685 2164 longius,
1733 2113 1930 2163 latiusque
1972 2112 2112 2151 diffusa
2157 2114 2231 2159 est,
2276 2121 2394 2161 quam

1446 2181 1579 2214 noster
1609 2176 1850 2215 vernaculus
1881 2180 1919 2213 et
1943 2175 2119 2225 vulgaris
2144 2184 2286 2222 serum,
2307 2184 2398 2212 con-

1447 2243 1696 2277 verteretur:
1731 2237 1847 2289 idque
1870 2243 2072 2288 tamquam
2106 2240 2266 2275 mutuae
2291 2236 2328 2273 in
2359 2239 2398 2274 te

1446 2301 1748 2339 benevolentiae
1797 2312 1906 2340 meae
1950 2300 2221 2338 testimonium
2269 2297 2316 2337 ad
2359 2301 2400 2337 te

1449 2364 1650 2401 remittere
1680 2364 1882 2412 constitui,
1928 2368 1971 2402 ut
2014 2362 2127 2414 quasi
2164 2361 2332 2412 diligens
2360 2371 2400 2400 a-

1448 2426 1591 2477 gricola
1624 2427 1776 2477 primus
1809 2425 1983 2465 laborum
2023 2431 2181 2464 tuorum
2227 2423 2398 2462 fructum

1452 2492 1686 2540 perciperes.
1727 2490 1810 2536 Qua
1846 2493 1880 2527 in
1914 2501 1953 2527 re,
1983 2488 2014 2526 si
2046 2487 2116 2525 sibi
2147 2490 2302 2538 gratum
2332 2485 2401 2524 ali-

1449 2554 1540 2605 quid
1568 2555 1708 2602 fecer0‚
1731 2551 1908 2605 gaudebo
1933 2562 2028 2590 sane
2053 2561 2115 2589 me
2139 2559 2297 2600 operam
2324 2558 2398 2586 non

1449 2618 1684 2669 perdidisse;
1705 2618 1735 2655 si
1764 2618 1916 2665 minus;
1943 2624 2074 2653 meum
2101 2617 2233 2652 tamen
2260 2611 2296 2649 in
2322 2609 2401 2648 dis-

1449 2679 1680 2720 semnandis
1711 2679 1892 2719 laudibus
1925 2678 2004 2717 tuis
2034 2674 2210 2715 studium
2257 2674 2400 2724 impro-

1450 2744 1540 2783 bare
1573 2755 1646 2782 non
1679 2742 1854 2781 debebis.
2347 2751 2348 2754 ¹

997 2859 1363 2900 DIOMEDIS
1411 2852 1807 2898 CAttAFFAE

430 2957 588 2997 Comitis
619 2954 847 3006 Maqdaloni
875 2959 912 2994 et
939 2955 1048 3006 quii
1076 2954 1310 2996 Consz'liarii
1335 2954 1485 2995 Secreta·
1512 2952 1566 2991 ad
1594 2950 1910 2992 Illustrissz'mam
1940 2945 2159 2988 Ferrariae
2189 2943 2398 2985 Ducissam

682 3017 730 3056 D.
762 3015 988 3056 Elionoram
1019 3017 1272 3069 sti-ayoniam,
1303 3016 1348 3056 de
1378 3015 1563 3068 reflantis,
1595 3023 1629 3054 et
1662 3013 1752 3053 bom·
1779 3012 1978 3065 Principis
2007 3009 2157 3064 officiis.

1296 3115 1469 3145 I'ROOBMl
1479 3116 1546 3144 [ΞΜ.

486 3173 629 3272 Quod
675 3214 808 3253 multis
853 3225 1150 3264 nonnumquam
1203 3212 1380 3252 accidere
1452 3224 1528 3264 que
1559 3211 1768 3250 ostendere
1797 3213 2007 3261 quaerunt,
2042 3206 2285 3258 arrogantiae
2327 3203 2404 3244 cri-

437 3274 627 3322 videmus‚
656 3276 926 3315 titustrissima
956 3276 1150 3324 Elianora,
1200 3280 1243 3315 ut
1281 3275 1375 3315 dum

436 3336 710 3378 benemerendi
741 3337 915 3378 studium
948 3350 1078 3387 suum,
1104 3337 1379 3389 cupiditatem·

1455 3286 1543 3313 men
1577 3274 1805 3315 incurrant:
1836 3272 1994 3311 tametsi
2028 3281 2166 3311 eorum
2200 3267 2399 3320 ingenium

1451 3337 1499 3376 ab
1544 3334 1768 3386 hujusmodi
1812 3334 1925 3384 culpa
1969 3334 2082 3384 longe
2131 3331 2257 3377 absim
2308 3326 2401 3368 mihi
