2517 4009
925 209 1214 249 SALVUS

72 280 223 320 sationis
252 284 458 320 extremae
489 279 626 330 partis
670 277 946 318 Ecclesiastici
971 279 1020 318 ad

71 342 282 382 Claudium
311 341 550 392 Episcopum
581 341 852 380 Viennensem
885 341 970 380 libr.
994 342 1021 380 1.

71 404 352 443 Heoeaemeron
383 413 513 452 versu,
545 402 611 441 lib.
641 404 668 441 Ι.
700 403 864 442 Fabricii
898 404 1021 441 nostri

72 465 300 516 conjectura
320 469 394 512 est,
412 465 580 502 fortasse
602 464 695 504 illud
715 475 816 512 esse,
834 463 938 514 quod
950 463 1024 502 sub

71 527 301 566 Tertulliani
333 526 492 564 nomine
523 531 669 565 exstat.
697 524 892 565 Homilias
925 525 1026 564 mul-

72 594 134 628 tas
156 588 363 639 Episcopis
389 587 512 626 factas
542 592 582 626 et
612 587 658 626 de
684 587 948 626 sacramentis
976 586 1024 625 ad

69 649 273 701 populum.
303 647 415 688 Adde
446 649 709 688 Trithemiurn
742 661 778 688 c.
803 650 892 688 475.
918 647 1026 687 Alios

69 709 297 762 deperditos
327 715 510 748 recenset
557 710 654 749 Phil.
682 710 840 750 Elssius
871 710 907 746 in
946 709 1027 748 En-

69 771 300 812 comiastico
328 770 619 821 Augustiniano
645 783 730 822 pag.
768 771 861 809 607.
888 769 1025 820 Expo-

69 831 223 872 saionis
251 834 458 870 eaetremae
484 833 616 883 partis
660 831 920 871 Ecclesiastes
956 832 1023 882 (le-

69 894 243 945 gendum
269 893 543 943 Ecclesiastae]
570 893 624 933 ad
649 893 863 934 Claudium
891 893 1022 945 Episc.

82 955 359 994 Viennensem:
389 955 660 995 Anti'cimenon
703 954 766 995 lib.
796 956 836 995 5.
868 955 907 993 in
937 955 1025 1006 qui-

71 1014 144 1056 bus
159 1017 410 1056 continentur
431 1018 681 1069 quaestiones
706 1017 856 1057 Veteris
872 1020 910 1056 et
924 1016 1028 1056 Novi

76 1079 325 1126 Testamenti,
354 1079 401 1118 cle
430 1078 526 1118 locis
554 1078 595 1117 in
614 1079 781 1130 speciem
803 1081 868 1129 iita
892 1079 1026 1129 legen-

70 1139 180 1187 dum,
211 1152 288 1179 non
307 1139 348 1178 in
364 1140 506 1191 specie)
536 1140 641 1179 inter
670 1151 712 1179 se
735 1138 1025 1191 puynantibus‚

65 1213 143 1254 per
172 1201 520 1253 interrogationem
550 1205 587 1239 et
614 1201 922 1252 responsionem.
947 1200 1025 1239 Sed

71 1263 197 1303 falsus
225 1268 288 1302 est
318 1265 355 1301 in
380 1263 442 1301 his
462 1263 638 1311 Elssius,
660 1274 784 1312 quum
813 1273 929 1300 nemo
948 1261 1025 1299 fide

69 1323 215 1374 dignus
230 1325 398 1374 scriptor
411 1323 599 1362 Salviano
617 1323 711 1361 talia
730 1333 937 1372 nunquam
958 1323 1026 1359 tri-

71 1386 214 1426 buerit.
239 1386 339 1424 Male
378 1384 495 1433 idem,
526 1385 593 1435 qui
624 1384 745 1423 libros
773 1383 821 1422 de
845 1382 1026 1422 avaritia

73 1450 112 1487 et
137 1446 194 1486 ad
210 1445 435 1486 Ecclesiam
465 1445 709 1487 Catlzolieam
735 1445 917 1483 diversos
937 1455 1027 1483 esse

70 1508 237 1560 judicat.
260 1510 470 1548 Sermones
498 1509 551 1546 ΙΙ.
582 1507 629 1546 de
658 1506 851 1546 Passione
877 1505 1033 1544 Domini

71 1572 148 1611 sub
171 1571 331 1610 nomine
354 1571 528 1609 Salviani
559 1574 658 1608 sunt
687 1569 832 1607 Romae
858 1570 896 1606 in
932 1569 1029 1607 Bibl.

69 1634 278 1673 Sfortiana.
303 1631 399 1672 Vide
419 1633 499 1671 Nic.
521 1632 713 1670 Comneni
739 1630 1028 1669 Praenotiones

70 1694 364 1746 mystagogicas
388 1705 478 1744 pag.
503 1693 596 1732 240.

124 1755 147 1780 ³¹⁵
170 1757 303 1794 Tertia
336 1755 479 1794 Balutii
517 1754 637 1793 editio
672 1765 736 1792 an.
776 1753 891 1793 1689.
933 1754 970 1791 in
1010 1754 1035 1792 8

71 1818 262 1858 adornata
285 1828 426 1856 recusa
447 1821 510 1855 est
532 1827 608 1854 non
626 1820 718 1854 ante
740 1815 890 1854 multos
906 1826 1034 1853 annos

71 1881 262 1920 Venetiis.
287 1878 345 1918 Ac
365 1877 527 1917 tandem
553 1875 740 1916 Salviani
766 1875 1036 1915 Massiliensis

72 1941 263 1994 Episcopi
283 1941 395 1991 (lege
424 1939 678 1989 Presbyteri)
719 1937 1036 1977 Concordantiae

74 2001 261 2056 operibus
285 2002 370 2041 eius
393 2011 580 2040 anneaeae
609 1999 825 2051 dispositae
864 2010 966 2037 cura
1001 2003 1039 2037 et

71 2063 202 2104 studio
230 2062 425 2102 Demetrii
456 2059 656 2100 Barbulii.
702 2060 930 2099 Prodierum
979 2061 1038 2099 Pi-

73 2127 204 2166 sauris
227 2136 332 2164 anno
362 2123 476 2163 1729.
504 2123 539 2161 4.
569 2122 592 2145 ³*

126 2187 187 2227 SA
194 2186 337 2226 LVIUS
354 2184 401 2224 de
412 2184 546 2233 Baria,
563 2195 585 2222 a
600 2185 739 2234 patria,
752 2183 848 2222 urbe
859 2182 1038 2232 Apuliae,

32 2273 34 2276 >
73 2249 206 2289 dictus
224 2280 236 2298 ,
266 2248 355 2287 aliis
383 2245 562 2294 Saulus,
589 2245 684 2284 Ord.
706 2243 1038 2290 Praedicatorum‚

75 2312 299 2361 Episcopus
328 2309 535 2359 Salpensis
562 2307 613 2346 ab
640 2318 675 2345 a.
707 2305 812 2345 1264
842 2304 888 2343 ad
923 2303 1041 2343 1274.

80 2372 248 2422 Scripsit.
277 2371 488 2409 Sermones
511 2368 557 2407 de
588 2372 760 2418 tempore
784 2369 823 2404 et
853 2364 1012 2405 Sanctis
1029 2396 1040 2413 ,

80 2436 164 2473 Jac.
192 2432 330 2479 Quetii'
356 2430 405 2469 de
435 2429 703 2479 scriptoribus
726 2428 821 2466 Ord.
840 2427 1044 2466 Praedica-

77 2501 209 2534 torum
257 2498 353 2532 tom.
382 2493 411 2530 Ι
444 2503 481 2541 p.
525 2489 615 2528 674.
658 2489 865 2527 Altamura
890 2499 925 2537 p.
954 2487 1044 2526 133.

119 2552 436 2596 LinusColucius
453 2551 511 2592 SA
521 2549 764 2597 LUTATUS‚
774 2548 1045 2587 Cancellarius

81 2615 456 2667 Florentinus.Ejus
470 2617 645 2664 quatuor
657 2609 851 2663 Epistolas
868 2614 1045 2658 tempore

83 2677 314 2718 schismatis
342 2677 512 2725 scriptas
543 2675 577 2712 1.
601 2672 649 2711 ad
687 2670 919 2710 Cardinales
957 2668 1046 2707 Gal-

83 2740 211 2792 licos·⁷
239 2739 264 2778 2
294 2739 408 2778 Petro
436 2736 486 2775 de
521 2735 701 2774 Corsinis
746 2731 946 2770 Cardinali
965 2760 975 2776 ‚
1006 2730 1042 2769 3.

79 2898 187 2932 tensio
201 2920 212 2936 ,
234 2904 302 2938 qua
325 2895 457 2928 scilicet
480 2892 643 2926 satisfacit
666 2894 785 2924 auctor
820 2889 1052 2929 objectonibus

83 2946 369 2982 adversariorum,
391 2943 453 2976 Sed
494 2942 691 2982 depravatio
727 2940 791 2972 loci
828 2941 910 2970 viris
947 2938 1054 2969 doctis

86 2997 297 3036 imposuit,:
321 2993 530 3025 interserunt
553 2993 643 3023 enim
667 2989 804 3021 Codices
838 2995 955 3019 vocem
984 2995 1053 3018 me·

84 3045 158 3077 rito
176 3067 187 3084 ,
209 3048 244 3076 et
267 3044 383 3083 legunt
401 3067 412 3081 ‚
436 3050 501 3082 pro
528 3049 649 3073 eorum
672 3039 799 3070 merito
823 3036 1052 3075 satisfaccio-

85 3095 144 3127 m‘s
159 3117 171 3132 ,
193 3093 251 3125 alii
273 3101 339 3133 pro
357 3100 479 3124 eorum
503 3090 676 3131 praemio.
701 3089 837 3120 Accedit
860 3087 926 3118 alia
951 3087 1058 3126 signi-

87 3145 202 3179 ficatio
219 3165 230 3181 ,
254 3150 321 3182 qua
345 3141 485 3174 verbum
509 3139 721 3178 satisfacere
747 3136 812 3169 illis
853 3136 1058 3175 temporibus

88 3191 275 3227 denotabat
298 3198 335 3223 se
358 3197 517 3222 excusare
540 3197 616 3220 cum
639 3191 735 3228 gestu
758 3190 787 3218 et
813 3185 923 3216 verbis
943 3186 976 3216 in
995 3184 1040 3216 hu

90 3242 270 3275 militatem
285 3241 482 3282 compositis
496 3239 631 3272 veniam
644 3244 790 3269 errorem
798 3242 930 3274 rogare.
940 3236 1060 3266 Exem-

89 3291 144 3333 pia
166 3293 296 3333 praeter
321 3290 486 3330 cangium
509 3287 634 3320 habent
659 3286 853 3317 Torrentius
875 3283 917 3315 ad
941 3285 1059 3315 Sueto-

1985 208 2065 248 443

1097 279 1310 319 Marchioni
1366 279 1736 330 Brandoburgensi‚
1788 278 1825 317 [ι.
1871 279 2062 317 Innocen-

1099 342 1152 379 tio
1184 342 1264 379 Vll.
1295 342 1330 378 in
1357 341 1553 380 Coenobio
1583 340 1825 390 Angelorum
1849 339 1953 390 apud
1979 340 2064 378 Flo-

1099 403 1268 440 rentiam
1300 401 1728 446 invenitMabillonius,
1755 400 1859 450 quod
1892 402 1975 450 ipse
2005 412 2065 439 re-

1100 463 1175 501 fert
1197 465 1232 501 in
1262 464 1347 501 ltin.
1376 464 1508 501 italico
1532 474 1565 512 p.
1588 462 1677 500 168.
1700 461 2062 500 Vid.COLUT1US.

1155 525 1458 570 SALUSTIUS,
1489 524 1760 563 cancellarius
1781 524 1965 573 Episcopi
1990 522 2067 562 Ge-

1102 587 1289 634 nuonsis‚
1318 587 1421 623 circa
1452 596 1487 623 a.
1518 585 1634 624 1098.
1659 584 1704 622 de
1733 582 1993 622 translatione
2022 583 2066 622 S.

1101 646 1321 685 Fructuosi
1360 647 1569 695 scripsisse
1608 650 1852 683 memoratur
1882 656 1903 682 a
1934 645 2065 683 Fabri-

1098 709 1158 746 cio
1190 713 1350 751 nostro,
1382 706 1450 744 sed
1496 715 1574 744 non
1625 707 1819 752 memini,
1851 706 1930 744 tale
1970 705 2066 756 quid

1107 769 1202 807 mihi
1229 774 1310 807 tam
1344 767 1469 806 multa
1501 767 1703 806 volumina
1734 768 1981 817 pervolventi
2003 778 2067 806 oc-

1097 842 1271 870 currere.

1150 891 1458 940 SALUTARIS,
1491 891 1656 930 dubium
1687 901 1737 928 an
1765 890 1871 935 viri,
1901 901 1950 928 an
1971 901 2066 928 vero

1097 955 1234 1004 scripti
1279 965 1440 993 nomen.
1491 954 1648 991 Poetam
1693 956 1811 990 vocat
1842 952 1996 989 Flacius
2027 953 2066 988 in

1100 1016 1354 1055 Poematibus
1387 1015 1591 1053 veteribus
1620 1014 1668 1052 de
1697 1018 1883 1062 corrupto
1931 1013 2068 1051 Eccle-

1100 1079 1181 1116 siae
1211 1082 1318 1116 statu
1350 1088 1435 1127 pag.
1470 1077 1559 1115 416.
1588 1081 1628 1113 et
1669 1073 1854 1113 Barthius
1899 1072 2067 1111 Advers.

1101 1139 1202 1177 XlV.
1236 1139 1269 1176 4.
1295 1140 1494 1188 Leyserus
1518 1143 1652 1175 autem
1687 1138 1723 1174 in
1773 1135 1936 1173 historia
1979 1136 2072 1172 Poe-

1101 1204 1232 1238 tarum
1253 1199 1370 1237 medii
1387 1200 1474 1237 aevi
1497 1210 1531 1248 p.
1550 1199 1668 1236 2058.
1686 1198 1847 1236 titulum
1872 1197 2068 1246 poematis

1100 1271 1190 1298 esse
1235 1261 1404 1307 statuit,
1435 1259 1539 1309 quod
1587 1258 1816 1296 inscribitur
1846 1256 2067 1296 Salutaris.

1099 1321 1216 1360 Edita
1234 1326 1331 1359 sunt
1349 1322 1550 1370 Excerpta
1575 1319 1771 1370 quaedam
1797 1331 1818 1358 a
1840 1319 1969 1357 Flacio
1987 1319 2014 1357 l.
2033 1329 2069 1356 c.

1099 1382 1303 1420 Joachimo
1324 1382 1465 1420 Ursino
1486 1382 1522 1418 in
1540 1380 1711 1431 Speculo
1728 1381 1921 1418 Jesuitico
1932 1379 2070 1429 p.218.

1102 1443 1328 1483 Christiano
1358 1443 1525 1481 Daumio
1557 1445 1645 1491 post
1675 1441 1852 1478 Disticha
1894 1441 2071 1486 Catonis,

1102 1506 1287 1555 Cygneae
1305 1503 1420 1542 1662.
1437 1502 1554 1540 editis
1572 1514 1607 1551 p.
1629 1503 1720 1539 199.
1749 1501 1934 1539 editionis
1954 1501 2073 1540 1672.

1105 1579 1190 1617 pag.
1223 1566 1313 1605 217.
1346 1566 1550 1614 Integrum
1582 1567 1717 1601 autem
1748 1573 1798 1600 ex
1827 1563 1906 1600 MS.
1935 1561 2077 1600 Codice

1108 1627 1419 1667 Helmstadiensi
1435 1594 1575 1663 ῦρᾱίᾱίι
1596 1624 1840 1674 Polycarpus
1862 1624 2074 1673 leyserus,

1109 1689 1194 1728 loco
1225 1689 1406 1739 allegato.

1159 1749 1379 1795 SALVUS,
1402 1747 1537 1786 Abbas
1565 1743 1810 1784 Alvelclensis
1848 1746 2078 1784 monasterii

1108 1813 1145 1850 in
1177 1812 1380 1859 Navarra,
1409 1809 1503 1847 obiit
1533 1819 1566 1847 a.
1599 1808 1688 1846 962.
1714 1808 1880 1857 Scripsit
1909 1805 2078 1856 Reyula-

1108 1884 1193 1911 rem
1218 1870 1390 1910 libellum
1409 1881 1487 1921 pro
1517 1868 1668 1908 sanctis
1696 1866 1940 1918 viryinibus,
1960 1867 2078 1916 cujus

1109 1933 1293 1973 Codicem
1338 1933 1415 1971 MS.
1465 1930 1657 1968 viderunt
1692 1929 1775 1967 Phil
1820 1928 2000 1967 Labbeus
2038 1933 2078 1965 et

1110 1997 1191 2034 Nic.
1221 1995 1419 2032 Antonius
1444 2006 1451 2031 :
1484 1994 1578 2030 item
1609 1992 1810 2042 Hymnos,
1843 1989 2077 2040 Orationes,

1109 2067 1252 2096 versus
1278 2067 1326 2093 ac
1350 2054 1496 2093 missas
1512 2084 1523 2102 ,
1549 2064 1651 2103 quae
1680 2053 1846 2102 periisse
1877 2050 2078 2089 videntur.

1112 2119 1257 2158 Confer
1286 2119 1368 2156 ΝΟ.
1400 2115 1565 2155 Antonii
1595 2113 1692 2152 Bibl.
1719 2112 1944 2163 Hispanam
1966 2113 2081 2150 Vete-

1113 2191 1197 2217 rem
1229 2180 1292 2217 Vi.
1327 2179 1391 2217 14.
1423 2189 1462 2214 n.
1495 2177 1585 2214 348.
1616 2186 1727 2224 seqq.
1758 2180 1799 2212 et
1830 2175 1952 2212 vitam
1992 2174 2080 2223 eJus

1111 2252 1214 2291 quae
1259 2244 1349 2289 post
1394 2237 1678 2286 ildephonsum
1723 2235 1772 2273 de
1820 2235 2081 2285 scriptoribus

1112 2301 1267 2340 Eccles.
1297 2300 1443 2349 legitur
1473 2310 1508 2348 p.
1536 2298 1599 2334 68.
1628 2296 1723 2334 edit.
1750 2296 1929 2334 Fabricii.

1169 2362 1272 2412 (306
1302 2360 1496 2400 SALVUS
1525 2359 1654 2396 Burce
1685 2357 1774 2394 nob.
1800 2357 1902 2394 civis
1923 2355 2083 2394 Placen-

1117 2425 1169 2463 tia
1198 2423 1392 2462 oriundus
1421 2422 1548 2460 laicus
1572 2425 1613 2458 et
1642 2424 1686 2456 ut
1725 2420 1807 2468 ipse
1842 2417 1980 2454 scribit
2016 2416 2082 2454 lit·

1116 2489 1292 2523 terarum
1339 2483 1490 2521 inscius
1519 2485 1581 2519 est
1611 2480 1754 2518 author
1782 2489 1844 2528 op.
1876 2478 2082 2526 sequentis

1116 2557 1180 2584 an.
1201 2546 1315 2584 1235.
1337 2544 1550 2592 conscripti
1580 2540 1684 2590 quod
1716 2543 1902 2577 servatur
1922 2540 1959 2576 iu
1978 2538 2078 2577 Med.

1118 2609 1303 2646 Laurent.
1334 2604 1430 2643 Vide
1460 2602 1626 2642 Bandini
1656 2600 1782 2639 Catal.
1812 2605 1842 2637 t.
1873 2600 1939 2638 lX.
1966 2600 2082 2638 seul.

1119 2666 1395 2718 Leopoldinae.

1170 2724 1422 2780 Suprastella
1445 2723 1612 2776 (capitib.
1634 2723 1713 2771 29.)
1737 2725 1876 2760 contra
1906 2720 2084 2760 haaretz-

1114 2891 1162 2921 nii
1186 2890 1278 2921 Caes,
1302 2896 1333 2920 c.
1356 2887 1409 2917 75.
1427 2883 1600 2917 Marcellus
1623 2884 1772 2913 Donatus
1795 2881 1836 2913 ad
1859 2880 2033 2911 'tiberium
2055 2887 2087 2911 c.

1112 2939 1166 2970 ⁶27.
1192 2940 1262 2977 lpse
1282 2937 1461 2969 salvianus
1487 2934 1534 2965 lib
1568 2935 1592 2963 Ι.
1616 2936 1733 2963 contra
1758 2931 1936 2960 avaritiam
1960 2937 1993 2968 p.
2027 2928 2085 2960 27.

1114 2988 1194 3021 edit.
1219 2987 1422 3018 luttersiius.
1445 2987 1493 3016 sic
1517 2982 1667 3014 adhibet.
1682 2983 1831 3010 Fuerunt
1848 2980 1951 3017 igitur
1967 2977 2096 3008 sortas-

1116 3047 1175 3070 se:
1200 3039 1258 3078 qui
1282 3037 1450 3076 quaedam
1475 3034 1593 3065 durius
1616 3032 1705 3062 dicta
1743 3030 1886 3067 pessime
1932 3029 2096 3066 interpre-

1117 3090 1269 3118 tarentur
1285 3108 1295 3122 ,
1320 3087 1504 3124 ipsumque
1528 3082 1591 3112 hoc
1611 3080 1746 3110 nominc
1772 3078 1860 3116 apud
1884 3078 2097 3117 Episcopum

1119 3136 1302 3168 deferrent.
1325 3137 1538 3172 Quapropter
1565 3130 1739 3160 Salvianus
1766 3129 1932 3166 Episcopo
1956 3124 2098 3156 satisfe-

1122 3188 1166 3217 cit
1184 3210 1193 3223 ,
1217 3185 1250 3217 h.
1273 3192 1303 3215 e.
1326 3182 1468 3213 eundem
1493 3179 1665 3212 humiliter
1692 3179 1827 3216 rogavit
1858 3199 1868 3215 ,
1902 3183 1943 3207 ne
1965 3175 2046 3214 qnid
2077 3180 2097 3204 a

1121 3243 1154 3266 se
1178 3234 1266 3266 malo
1290 3234 1404 3264 animo
1430 3232 1592 3270 scriptum
1617 3236 1686 3260 esse
1705 3229 1911 3259 exstimaret.
