<?xml version="1.0" encoding="UTF-8"?>
<!DOCTYPE html PUBLIC "-//W3C//DTD XHTML 1.0 Transitional//EN"
    "http://www.w3.org/TR/xhtml1/DTD/xhtml1-transitional.dtd">
<html xmlns="http://www.w3.org/1999/xhtml" xml:lang="en" lang="en">
 <head>
  <title>
</title>
<meta http-equiv="Content-Type" content="text/html;charset=utf-8" />
  <meta name='ocr-system' content='tesseract 3.04.00' />
  <meta name='ocr-capabilities' content='ocr_page ocr_carea ocr_par ocr_line ocrx_word'/>
</head>
<body>
  <div class='ocr_page' id='page_1' title='image "./bibliothecalatin05fabruoft/bibliothecalatin05fabruoft_0027.png"; bbox 0 0 2566 4009; ppageno 0'>
   <div class='ocr_carea' id='block_1_1' title="bbox 872 257 2091 302">
    <p class='ocr_par' dir='ltr' id='par_1_1' title="bbox 872 257 2091 302">
     <span class='ocr_line' id='line_1_1' title="bbox 872 257 2091 302; baseline -0.005 0"><span class='ocrx_word' id='word_1_1' title='bbox 872 259 1340 302; x_wconf 73' lang='lat' dir='ltr'><strong>MARCELLUS</strong></span> <span class='ocrx_word' id='word_1_2' title='bbox 2045 257 2091 296; x_wconf 74' lang='lat'><strong>21</strong></span> 
     </span>
    </p>
   </div>
   <div class='ocr_carea' id='block_1_2' title="bbox 114 335 1070 1018">
    <p class='ocr_par' dir='ltr' id='par_1_2' title="bbox 118 335 1068 451">
     <span class='ocr_line' id='line_1_2' title="bbox 172 335 1068 389; baseline -0.01 -8"><span class='ocrx_word' id='word_1_3' title='bbox 172 337 523 382; x_wconf 77' lang='lat' dir='ltr'><strong>MARCELLINUS</strong></span> <span class='ocrx_word' id='word_1_4' title='bbox 553 335 766 389; x_wconf 77' lang='lat' dir='ltr'><strong><em>Presbyter</em></strong></span> <span class='ocrx_word' id='word_1_5' title='bbox 796 335 1068 375; x_wconf 85' lang='lat' dir='ltr'><strong>Luciferianus</strong></span> 
     </span>
     <span class='ocr_line' id='line_1_3' title="bbox 118 396 1065 451; baseline -0.012 -7"><span class='ocrx_word' id='word_1_6' title='bbox 118 406 220 444; x_wconf 86' lang='lat' dir='ltr'><strong>circa</strong></span> <span class='ocrx_word' id='word_1_7' title='bbox 239 414 302 442; x_wconf 90' lang='lat' dir='ltr'><strong>an.</strong></span> <span class='ocrx_word' id='word_1_8' title='bbox 325 401 413 442; x_wconf 59' lang='lat'><strong>3810.</strong></span> <span class='ocrx_word' id='word_1_9' title='bbox 429 400 478 440; x_wconf 91' lang='lat' dir='ltr'><strong>de</strong></span> <span class='ocrx_word' id='word_1_10' title='bbox 500 411 578 451; x_wconf 87' lang='lat' dir='ltr'><strong>quo</strong></span> <span class='ocrx_word' id='word_1_11' title='bbox 603 411 721 451; x_wconf 89' lang='lat' dir='ltr'><strong>supra</strong></span> <span class='ocrx_word' id='word_1_12' title='bbox 744 401 782 437; x_wconf 90' lang='lat' dir='ltr'><strong>in</strong></span> <span class='ocrx_word' id='word_1_13' title='bbox 805 396 1065 437; x_wconf 75' lang='lat' dir='ltr'><strong>FAUSTINO.</strong></span> 
     </span>
    </p>

    <p class='ocr_par' dir='ltr' id='par_1_3' title="bbox 115 461 1068 706">
     <span class='ocr_line' id='line_1_4' title="bbox 170 461 1068 514; baseline -0.011 -8"><span class='ocrx_word' id='word_1_14' title='bbox 170 464 470 506; x_wconf 81' lang='lat' dir='ltr'><strong>MARCELLUS</strong></span> <span class='ocrx_word' id='word_1_15' title='bbox 486 463 710 514; x_wconf 82' lang='lat' dir='ltr'>Episcopus</span> <span class='ocrx_word' id='word_1_16' title='bbox 731 462 940 501; x_wconf 82' lang='lat' dir='ltr'><strong>Africanus</strong></span> <span class='ocrx_word' id='word_1_17' title='bbox 964 461 1068 497; x_wconf 86' lang='lat' dir='ltr'><strong>inter</strong></span> 
     </span>
     <span class='ocr_line' id='line_1_5' title="bbox 115 521 1068 580; baseline -0.01 -12"><span class='ocrx_word' id='word_1_18' title='bbox 115 540 184 569; x_wconf 89' lang='lat' dir='ltr'><strong>eos</strong></span> <span class='ocrx_word' id='word_1_19' title='bbox 207 539 376 580; x_wconf 90' lang='lat' dir='ltr'><strong>quorum</strong></span> <span class='ocrx_word' id='word_1_20' title='bbox 402 528 562 565; x_wconf 87' lang='lat' dir='ltr'><strong>nomine</strong></span> <span class='ocrx_word' id='word_1_21' title='bbox 588 527 627 565; x_wconf 91' lang='lat' dir='ltr'><strong>S.</strong></span> <span class='ocrx_word' id='word_1_22' title='bbox 658 526 883 576; x_wconf 83' lang='lat' dir='ltr'>Cyprianus</span> <span class='ocrx_word' id='word_1_23' title='bbox 907 521 1068 572; x_wconf 77' lang='lat' dir='ltr'>scripsit</span> 
     </span>
     <span class='ocr_line' id='line_1_6' title="bbox 115 584 1066 643; baseline -0.009 -12"><span class='ocrx_word' id='word_1_24' title='bbox 115 591 335 643; x_wconf 89' lang='lat' dir='ltr'><strong>Epistolam</strong></span> <span class='ocrx_word' id='word_1_25' title='bbox 352 591 389 627; x_wconf 94' lang='lat' dir='ltr'><strong>in</strong></span> <span class='ocrx_word' id='word_1_26' title='bbox 414 588 506 628; x_wconf 89' lang='lat' dir='ltr'><strong>edit.</strong></span> <span class='ocrx_word' id='word_1_27' title='bbox 529 588 724 628; x_wconf 86' lang='lat' dir='ltr'><strong>Pamel.et</strong></span> <span class='ocrx_word' id='word_1_28' title='bbox 743 586 877 626; x_wconf 83' lang='lat' dir='ltr'><strong>BaluZ.</strong></span> <span class='ocrx_word' id='word_1_29' title='bbox 896 584 1066 624; x_wconf 81' lang='lat' dir='ltr'><strong>LXVIII.</strong></span> 
     </span>
     <span class='ocr_line' id='line_1_7' title="bbox 116 652 447 706; baseline -0.009 -12"><span class='ocrx_word' id='word_1_30' title='bbox 116 655 255 706; x_wconf 83' lang='lat' dir='ltr'><strong>(Oxon.</strong></span> <span class='ocrx_word' id='word_1_31' title='bbox 282 652 447 701; x_wconf 87' lang='lat' dir='ltr'><strong>LXVII.)</strong></span> 
     </span>
    </p>

    <p class='ocr_par' dir='ltr' id='par_1_4' title="bbox 114 709 1070 1018">
     <span class='ocr_line' id='line_1_8' title="bbox 170 709 1068 761; baseline -0.009 -5"><span class='ocrx_word' id='word_1_32' title='bbox 170 718 212 757; x_wconf 91' lang='lat' dir='ltr'><strong>S.</strong></span> <span class='ocrx_word' id='word_1_33' title='bbox 252 713 554 756; x_wconf 84' lang='lat' dir='ltr'><strong>MARCELLUS</strong></span> <span class='ocrx_word' id='word_1_34' title='bbox 583 714 612 752; x_wconf 91' lang='grc' dir='ltr'><strong>Ι.</strong></span> <span class='ocrx_word' id='word_1_35' title='bbox 650 713 853 751; x_wconf 87' lang='lat' dir='ltr'><strong>Romanus</strong></span> <span class='ocrx_word' id='word_1_36' title='bbox 888 711 990 761; x_wconf 88' lang='lat' dir='ltr'><strong>Papa</strong></span> <span class='ocrx_word' id='word_1_37' title='bbox 1019 709 1068 748; x_wconf 90' lang='lat' dir='ltr'><strong>ab</strong></span> 
     </span>
     <span class='ocr_line' id='line_1_9' title="bbox 115 771 1067 827; baseline -0.009 -8"><span class='ocrx_word' id='word_1_38' title='bbox 115 792 179 819; x_wconf 87' lang='lat' dir='ltr'><strong>an.</strong></span> <span class='ocrx_word' id='word_1_39' title='bbox 205 778 282 818; x_wconf 89' lang='grc'><strong>308</strong></span> <span class='ocrx_word' id='word_1_40' title='bbox 308 783 348 817; x_wconf 89' lang='lat' dir='ltr'><strong>et</strong></span> <span class='ocrx_word' id='word_1_41' title='bbox 368 778 517 827; x_wconf 82' lang='lat' dir='ltr'><strong>Martyr</strong></span> <span class='ocrx_word' id='word_1_42' title='bbox 537 777 696 814; x_wconf 89' lang='lat' dir='ltr'><strong>Januar.</strong></span> <span class='ocrx_word' id='word_1_43' title='bbox 722 785 785 812; x_wconf 89' lang='lat' dir='ltr'><strong>an.</strong></span> <span class='ocrx_word' id='word_1_44' title='bbox 803 772 892 812; x_wconf 89' lang='grc'>340.</span> <span class='ocrx_word' id='word_1_45' title='bbox 916 771 965 810; x_wconf 84' lang='grc'><strong>(16</strong></span> <span class='ocrx_word' id='word_1_46' title='bbox 989 783 1067 823; x_wconf 90' lang='lat' dir='ltr'><strong>quo</strong></span> 
     </span>
     <span class='ocr_line' id='line_1_10' title="bbox 114 835 1066 887; baseline -0.011 -5"><span class='ocrx_word' id='word_1_47' title='bbox 114 842 213 887; x_wconf 82' lang='lat' dir='ltr'><strong>Acta</strong></span> <span class='ocrx_word' id='word_1_48' title='bbox 238 841 417 880; x_wconf 79' lang='lat' dir='ltr'><strong>Sanctor.</strong></span> <span class='ocrx_word' id='word_1_49' title='bbox 443 844 524 876; x_wconf 76' lang='lat' dir='ltr'><strong>tom</strong></span> <span class='ocrx_word' id='word_1_50' title='bbox 563 838 600 876; x_wconf 90' lang='grc'><strong>2.</strong></span> <span class='ocrx_word' id='word_1_51' title='bbox 626 837 802 875; x_wconf 76' lang='lat' dir='ltr'><strong>Ianuarii</strong></span> <span class='ocrx_word' id='word_1_52' title='bbox 830 836 890 874; x_wconf 92' lang='grc'><strong>46.</strong></span> <span class='ocrx_word' id='word_1_53' title='bbox 912 846 998 886; x_wconf 86' lang='lat' dir='ltr'><strong>pag.</strong></span> <span class='ocrx_word' id='word_1_54' title='bbox 1031 835 1066 873; x_wconf 90' lang='lat'><strong>3.</strong></span> 
     </span>
     <span class='ocr_line' id='line_1_11' title="bbox 115 897 1068 955; baseline -0.008 -12"><span class='ocrx_word' id='word_1_55' title='bbox 115 915 200 955; x_wconf 86' lang='lat' dir='ltr'><strong>seq.</strong></span> <span class='ocrx_word' id='word_1_56' title='bbox 226 903 289 942; x_wconf 91' lang='lat' dir='ltr'><strong>ubi</strong></span> <span class='ocrx_word' id='word_1_57' title='bbox 320 907 360 941; x_wconf 88' lang='lat' dir='ltr'><strong>et</strong></span> <span class='ocrx_word' id='word_1_58' title='bbox 389 911 550 940; x_wconf 89' lang='lat' dir='ltr'><strong>carmen</strong></span> <span class='ocrx_word' id='word_1_59' title='bbox 578 900 614 937; x_wconf 93' lang='lat' dir='ltr'><strong>in</strong></span> <span class='ocrx_word' id='word_1_60' title='bbox 657 899 745 948; x_wconf 82' lang='lat' dir='ltr'><strong>ejus</strong></span> <span class='ocrx_word' id='word_1_61' title='bbox 784 897 943 937; x_wconf 87' lang='lat' dir='ltr'><strong>laudem</strong></span> <span class='ocrx_word' id='word_1_62' title='bbox 973 899 1068 936; x_wconf 83' lang='lat' dir='ltr'><strong>scri-</strong></span> 
     </span>
     <span class='ocr_line' id='line_1_12' title="bbox 114 961 1070 1018; baseline -0.006 -13"><span class='ocrx_word' id='word_1_63' title='bbox 114 971 226 1018; x_wconf 90' lang='lat' dir='ltr'><strong>ptum</strong></span> <span class='ocrx_word' id='word_1_64' title='bbox 252 965 274 1002; x_wconf 78' lang='lat' dir='ltr'><strong>a</strong></span> <span class='ocrx_word' id='word_1_65' title='bbox 298 965 342 1004; x_wconf 91' lang='lat' dir='ltr'><strong>S.</strong></span> <span class='ocrx_word' id='word_1_66' title='bbox 364 965 549 1008; x_wconf 83' lang='lat' dir='ltr'><strong>Damaso,</strong></span> <span class='ocrx_word' id='word_1_67' title='bbox 571 961 723 1001; x_wconf 87' lang='lat' dir='ltr'><strong>editum</strong></span> <span class='ocrx_word' id='word_1_68' title='bbox 751 963 922 1012; x_wconf 90' lang='lat' dir='ltr'><strong>primum</strong></span> <span class='ocrx_word' id='word_1_69' title='bbox 947 972 969 1000; x_wconf 87' lang='lat' dir='ltr'><strong>a</strong></span> <span class='ocrx_word' id='word_1_70' title='bbox 997 962 1070 999; x_wconf 89' lang='lat' dir='ltr'><strong>Ba-</strong></span> 
     </span>
    </p>
   </div>
   <div class='ocr_carea' id='block_1_3' title="bbox 32 1022 1070 1074">
    <p class='ocr_par' dir='ltr' id='par_1_5' title="bbox 32 1022 1070 1074">
     <span class='ocr_line' id='line_1_13' title="bbox 32 1022 1070 1074; baseline -0.007 -7"><span class='ocrx_word' id='word_1_71' title='bbox 32 1046 39 1051; x_wconf 90' lang='lat'><em>·</em></span> <span class='ocrx_word' id='word_1_72' title='bbox 116 1029 224 1067; x_wconf 90' lang='lat' dir='ltr'><strong>ronio</strong></span> <span class='ocrx_word' id='word_1_73' title='bbox 247 1027 296 1066; x_wconf 88' lang='lat' dir='ltr'><strong>ad</strong></span> <span class='ocrx_word' id='word_1_74' title='bbox 321 1037 383 1065; x_wconf 91' lang='lat' dir='ltr'><strong>an.</strong></span> <span class='ocrx_word' id='word_1_75' title='bbox 407 1026 546 1065; x_wconf 84' lang='lat' dir='ltr'><strong>309.n.</strong></span> <span class='ocrx_word' id='word_1_76' title='bbox 574 1024 609 1063; x_wconf 94' lang='lat'><strong>7.</strong></span> <span class='ocrx_word' id='word_1_77' title='bbox 635 1029 755 1074; x_wconf 80' lang='lat' dir='ltr'><strong>atque</strong></span> <span class='ocrx_word' id='word_1_78' title='bbox 777 1022 877 1062; x_wconf 83' lang='lat' dir='ltr'><strong>Acta</strong></span> <span class='ocrx_word' id='word_1_79' title='bbox 899 1024 940 1063; x_wconf 90' lang='lat' dir='ltr'><strong>S.</strong></span> <span class='ocrx_word' id='word_1_80' title='bbox 961 1025 1070 1063; x_wconf 83' lang='lat' dir='ltr'><strong>Mar-</strong></span> 
     </span>
    </p>
   </div>
   <div class='ocr_carea' id='block_1_4' title="bbox 90 1087 1086 3204">
    <p class='ocr_par' dir='ltr' id='par_1_6' title="bbox 111 1087 1073 1827">
     <span class='ocr_line' id='line_1_14' title="bbox 115 1087 1068 1139; baseline -0.005 -10"><span class='ocrx_word' id='word_1_81' title='bbox 115 1089 221 1139; x_wconf 86' lang='lat' dir='ltr'><strong>celli,</strong></span> <span class='ocrx_word' id='word_1_82' title='bbox 264 1094 426 1134; x_wconf 85' lang='lat' dir='ltr'><strong>auctore</strong></span> <span class='ocrx_word' id='word_1_83' title='bbox 463 1089 699 1138; x_wconf 67' lang='lat' dir='ltr'><strong>Anonymi),</strong></span> <span class='ocrx_word' id='word_1_84' title='bbox 731 1087 886 1137; x_wconf 86' lang='lat' dir='ltr'><strong>aliaque</strong></span> <span class='ocrx_word' id='word_1_85' title='bbox 916 1098 1001 1138; x_wconf 91' lang='lat' dir='ltr'><strong>pag.</strong></span> <span class='ocrx_word' id='word_1_86' title='bbox 1033 1087 1068 1124; x_wconf 91' lang='lat'><strong>9.</strong></span> 
     </span>
     <span class='ocr_line' id='line_1_15' title="bbox 116 1148 1069 1197; baseline -0.005 -5"><span class='ocrx_word' id='word_1_87' title='bbox 116 1154 223 1192; x_wconf 92' lang='lat' dir='ltr'><strong>libris</strong></span> <span class='ocrx_word' id='word_1_88' title='bbox 246 1152 401 1192; x_wconf 91' lang='lat' dir='ltr'><strong>duobus</strong></span> <span class='ocrx_word' id='word_1_89' title='bbox 439 1155 600 1190; x_wconf 86' lang='lat' dir='ltr'><strong>auctore</strong></span> <span class='ocrx_word' id='word_1_90' title='bbox 640 1148 882 1197; x_wconf 61' lang='lat' dir='ltr'><strong>URSIOIN&#39;E,</strong></span> <span class='ocrx_word' id='word_1_91' title='bbox 917 1150 1069 1188; x_wconf 87' lang='lat' dir='ltr'><strong>Abbatc</strong></span> 
     </span>
     <span class='ocr_line' id='line_1_16' title="bbox 113 1211 1067 1262; baseline -0.004 -8"><span class='ocrx_word' id='word_1_92' title='bbox 113 1215 410 1254; x_wconf 83' lang='lat' dir='ltr'><strong>Altimontensi.</strong></span> <span class='ocrx_word' id='word_1_93' title='bbox 434 1214 490 1252; x_wconf 89' lang='lat' dir='ltr'><strong>De</strong></span> <span class='ocrx_word' id='word_1_94' title='bbox 514 1212 668 1251; x_wconf 83' lang='lat' dir='ltr'><strong>decreto</strong></span> <span class='ocrx_word' id='word_1_95' title='bbox 692 1211 795 1262; x_wconf 86' lang='lat' dir='ltr'><strong>apud</strong></span> <span class='ocrx_word' id='word_1_96' title='bbox 831 1212 1067 1250; x_wconf 84' lang='lat' dir='ltr'><strong>Gratianum</strong></span> 
     </span>
     <span class='ocr_line' id='line_1_17' title="bbox 115 1275 1071 1326; baseline -0.004 -10"><span class='ocrx_word' id='word_1_97' title='bbox 115 1278 246 1317; x_wconf 84' lang='lat' dir='ltr'><strong>Causa</strong></span> <span class='ocrx_word' id='word_1_98' title='bbox 264 1278 355 1316; x_wconf 86' lang='lat' dir='ltr'><strong>XX.</strong></span> <span class='ocrx_word' id='word_1_99' title='bbox 381 1280 538 1326; x_wconf 87' lang='lat' dir='ltr'><strong>quaest.</strong></span> <span class='ocrx_word' id='word_1_100' title='bbox 570 1277 605 1314; x_wconf 94' lang='grc'><strong>4.</strong></span> <span class='ocrx_word' id='word_1_101' title='bbox 630 1285 717 1325; x_wconf 86' lang='lat' dir='ltr'><strong>cap.</strong></span> <span class='ocrx_word' id='word_1_102' title='bbox 744 1275 806 1314; x_wconf 91' lang='grc'><strong>40.</strong></span> <span class='ocrx_word' id='word_1_103' title='bbox 831 1286 909 1325; x_wconf 92' lang='lat' dir='ltr'><strong>quo</strong></span> <span class='ocrx_word' id='word_1_104' title='bbox 936 1275 1071 1326; x_wconf 89' lang='lat' dir='ltr'><strong>pueris</strong></span> 
     </span>
     <span class='ocr_line' id='line_1_18' title="bbox 114 1336 1073 1384; baseline -0.002 -6"><span class='ocrx_word' id='word_1_105' title='bbox 114 1340 254 1379; x_wconf 90' lang='lat' dir='ltr'><strong>minori</strong></span> <span class='ocrx_word' id='word_1_106' title='bbox 279 1343 409 1378; x_wconf 82' lang='lat' dir='ltr'><strong>aetate</strong></span> <span class='ocrx_word' id='word_1_107' title='bbox 434 1337 576 1376; x_wconf 87' lang='lat' dir='ltr'><strong>oblatis</strong></span> <span class='ocrx_word' id='word_1_108' title='bbox 597 1338 839 1375; x_wconf 86' lang='lat' dir='ltr'><strong>monasterio</strong></span> <span class='ocrx_word' id='word_1_109' title='bbox 858 1368 865 1384; x_wconf 77' lang='grc'><em>,</em></span> <span class='ocrx_word' id='word_1_110' title='bbox 883 1336 930 1375; x_wconf 91' lang='lat' dir='ltr'><strong>ad</strong></span> <span class='ocrx_word' id='word_1_111' title='bbox 958 1347 1073 1376; x_wconf 86' lang='lat' dir='ltr'><strong>secu-</strong></span> 
     </span>
     <span class='ocr_line' id='line_1_19' title="bbox 113 1399 1072 1452; baseline -0.004 -11"><span class='ocrx_word' id='word_1_112' title='bbox 113 1403 195 1441; x_wconf 92' lang='lat' dir='ltr'><strong>lum</strong></span> <span class='ocrx_word' id='word_1_113' title='bbox 207 1399 454 1452; x_wconf 84' lang='lat' dir='ltr'><strong>regrediendi</strong></span> <span class='ocrx_word' id='word_1_114' title='bbox 463 1403 641 1450; x_wconf 88' lang='lat' dir='ltr'><strong>potestas</strong></span> <span class='ocrx_word' id='word_1_115' title='bbox 650 1409 754 1437; x_wconf 92' lang='lat' dir='ltr'><strong>anno</strong></span> <span class='ocrx_word' id='word_1_116' title='bbox 767 1399 909 1436; x_wconf 86' lang='lat' dir='ltr'><strong>aetatis</strong></span> <span class='ocrx_word' id='word_1_117' title='bbox 918 1399 1072 1437; x_wconf 89' lang='lat' dir='ltr'><strong>decimo</strong></span> 
     </span>
     <span class='ocr_line' id='line_1_20' title="bbox 111 1461 1072 1517; baseline -0.005 -13"><span class='ocrx_word' id='word_1_118' title='bbox 111 1466 251 1517; x_wconf 87' lang='lat' dir='ltr'><strong>quinto</strong></span> <span class='ocrx_word' id='word_1_119' title='bbox 275 1462 536 1511; x_wconf 83' lang='lat' dir='ltr'><strong>conceditur,</strong></span> <span class='ocrx_word' id='word_1_120' title='bbox 562 1461 654 1500; x_wconf 89' lang='lat' dir='ltr'><strong>vide</strong></span> <span class='ocrx_word' id='word_1_121' title='bbox 681 1463 841 1500; x_wconf 89' lang='lat' dir='ltr'><strong>Petrum</strong></span> <span class='ocrx_word' id='word_1_122' title='bbox 874 1461 1072 1500; x_wconf 85' lang='lat' dir='ltr'><strong>Constant</strong></span> 
     </span>
     <span class='ocr_line' id='line_1_21' title="bbox 114 1523 1073 1578; baseline -0.003 -13"><span class='ocrx_word' id='word_1_123' title='bbox 114 1529 153 1566; x_wconf 91' lang='lat' dir='ltr'><strong>in</strong></span> <span class='ocrx_word' id='word_1_124' title='bbox 175 1526 368 1578; x_wconf 87' lang='lat' dir='ltr'><strong>Epistolis</strong></span> <span class='ocrx_word' id='word_1_125' title='bbox 391 1524 628 1564; x_wconf 78' lang='lat' dir='ltr'><strong>Pontificum</strong></span> <span class='ocrx_word' id='word_1_126' title='bbox 649 1535 736 1575; x_wconf 88' lang='lat' dir='ltr'><strong>pag.</strong></span> <span class='ocrx_word' id='word_1_127' title='bbox 765 1524 842 1562; x_wconf 80' lang='grc'><strong>344</strong></span> <span class='ocrx_word' id='word_1_128' title='bbox 869 1534 952 1574; x_wconf 89' lang='lat' dir='ltr'><strong>seq.</strong></span> <span class='ocrx_word' id='word_1_129' title='bbox 974 1523 1073 1575; x_wconf 83' lang='lat' dir='ltr'><strong>Epi—</strong></span> 
     </span>
     <span class='ocr_line' id='line_1_22' title="bbox 114 1585 1072 1640; baseline -0.004 -12"><span class='ocrx_word' id='word_1_130' title='bbox 114 1588 256 1629; x_wconf 78' lang='lat' dir='ltr'><strong>stolam</strong></span> <span class='ocrx_word' id='word_1_131' title='bbox 271 1587 324 1627; x_wconf 82' lang='lat' dir='ltr'><strong>ad</strong></span> <span class='ocrx_word' id='word_1_132' title='bbox 347 1587 558 1640; x_wconf 82' lang='lat' dir='ltr'><strong>Episcopos</strong></span> <span class='ocrx_word' id='word_1_133' title='bbox 581 1598 658 1639; x_wconf 85' lang='lat' dir='ltr'><strong>per</strong></span> <span class='ocrx_word' id='word_1_134' title='bbox 680 1585 966 1625; x_wconf 80' lang='lat' dir='ltr'><em>Antiochenam</em></span> <span class='ocrx_word' id='word_1_135' title='bbox 976 1598 1072 1638; x_wconf 84' lang='lat' dir='ltr'><strong>pro-</strong></span> 
     </span>
     <span class='ocr_line' id='line_1_23' title="bbox 113 1649 1073 1692; baseline -0.004 0"><span class='ocrx_word' id='word_1_136' title='bbox 113 1652 285 1692; x_wconf 83' lang='lat' dir='ltr'><strong>vinciam</strong></span> <span class='ocrx_word' id='word_1_137' title='bbox 314 1653 544 1690; x_wconf 65' lang='lat' dir='ltr'><strong>constitutos</strong></span> <span class='ocrx_word' id='word_1_138' title='bbox 568 1654 608 1688; x_wconf 86' lang='lat' dir='ltr'><strong>et</strong></span> <span class='ocrx_word' id='word_1_139' title='bbox 632 1650 800 1688; x_wconf 84' lang='lat' dir='ltr'><strong>alteram</strong></span> <span class='ocrx_word' id='word_1_140' title='bbox 827 1649 882 1688; x_wconf 86' lang='lat' dir='ltr'><strong>ad</strong></span> <span class='ocrx_word' id='word_1_141' title='bbox 903 1651 1073 1688; x_wconf 65' lang='lat' dir='ltr'><strong>Maecen-</strong></span> 
     </span>
     <span class='ocr_line' id='line_1_24' title="bbox 115 1713 1072 1755; baseline -0.003 0"><span class='ocrx_word' id='word_1_142' title='bbox 115 1715 212 1755; x_wconf 81' lang='lat' dir='ltr'><strong>tium</strong></span> <span class='ocrx_word' id='word_1_143' title='bbox 231 1714 392 1754; x_wconf 76' lang='lat' dir='ltr'>exhibet</span> <span class='ocrx_word' id='word_1_144' title='bbox 415 1719 456 1753; x_wconf 90' lang='lat' dir='ltr'><strong>et</strong></span> <span class='ocrx_word' id='word_1_145' title='bbox 496 1713 682 1752; x_wconf 86' lang='lat' dir='ltr'><strong>falsitatis</strong></span> <span class='ocrx_word' id='word_1_146' title='bbox 720 1714 925 1752; x_wconf 84' lang='lat' dir='ltr'><strong>convincit</strong></span> <span class='ocrx_word' id='word_1_147' title='bbox 955 1713 1072 1752; x_wconf 90' lang='lat' dir='ltr'><strong>Blon—</strong></span> 
     </span>
     <span class='ocr_line' id='line_1_25' title="bbox 114 1775 928 1827; baseline -0.007 -8"><span class='ocrx_word' id='word_1_148' title='bbox 114 1779 245 1819; x_wconf 89' lang='lat' dir='ltr'><strong>dellus</strong></span> <span class='ocrx_word' id='word_1_149' title='bbox 269 1779 307 1817; x_wconf 93' lang='lat' dir='ltr'><strong>in</strong></span> <span class='ocrx_word' id='word_1_150' title='bbox 331 1775 656 1817; x_wconf 84' lang='lat' dir='ltr'><strong>Pseudo—Isidoro</strong></span> <span class='ocrx_word' id='word_1_151' title='bbox 675 1788 712 1827; x_wconf 91' lang='lat' dir='ltr'><strong>p.</strong></span> <span class='ocrx_word' id='word_1_152' title='bbox 739 1777 815 1815; x_wconf 88' lang='lat'><strong>393</strong></span> <span class='ocrx_word' id='word_1_153' title='bbox 841 1787 928 1826; x_wconf 86' lang='lat' dir='ltr'><strong>seq.</strong></span> 
     </span>
    </p>

    <p class='ocr_par' dir='ltr' id='par_1_7' title="bbox 116 1840 1078 1954">
     <span class='ocr_line' id='line_1_26' title="bbox 167 1840 1077 1890; baseline -0.003 -9"><span class='ocrx_word' id='word_1_154' title='bbox 167 1840 469 1881; x_wconf 84' lang='lat' dir='ltr'><strong>MARCELLUS</strong></span> <span class='ocrx_word' id='word_1_155' title='bbox 504 1840 552 1879; x_wconf 89' lang='lat' dir='ltr'><strong>II.</strong></span> <span class='ocrx_word' id='word_1_156' title='bbox 577 1840 820 1887; x_wconf 76' lang='lat' dir='ltr'><strong>politianus,</strong></span> <span class='ocrx_word' id='word_1_157' title='bbox 843 1841 1077 1890; x_wconf 82' lang='lat' dir='ltr'><strong>cognomine</strong></span> 
     </span>
     <span class='ocr_line' id='line_1_27' title="bbox 116 1901 1078 1954; baseline -0.002 -11"><span class='ocrx_word' id='word_1_158' title='bbox 116 1905 340 1950; x_wconf 83' lang='lat' dir='ltr'><strong>Cervinus,</strong></span> <span class='ocrx_word' id='word_1_159' title='bbox 372 1905 475 1954; x_wconf 87' lang='lat' dir='ltr'><strong>Papa</strong></span> <span class='ocrx_word' id='word_1_160' title='bbox 494 1914 559 1941; x_wconf 85' lang='lat' dir='ltr'><strong>an.</strong></span> <span class='ocrx_word' id='word_1_161' title='bbox 575 1901 750 1942; x_wconf 74' lang='lat' dir='ltr'><strong>4555.ab</strong></span> <span class='ocrx_word' id='word_1_162' title='bbox 766 1902 888 1953; x_wconf 87' lang='lat' dir='ltr'><strong>April.</strong></span> <span class='ocrx_word' id='word_1_163' title='bbox 912 1903 947 1940; x_wconf 87' lang='lat'><strong>9.</strong></span> <span class='ocrx_word' id='word_1_164' title='bbox 974 1901 1022 1941; x_wconf 82' lang='lat' dir='ltr'><strong>ad</strong></span> <span class='ocrx_word' id='word_1_165' title='bbox 1043 1905 1078 1942; x_wconf 90' lang='grc'><strong>4.</strong></span> 
     </span>
    </p>

    <p class='ocr_par' dir='ltr' id='par_1_8' title="bbox 90 1965 1077 2080">
     <span class='ocr_line' id='line_1_28' title="bbox 113 1965 1077 2019; baseline -0.002 -13"><span class='ocrx_word' id='word_1_166' title='bbox 113 1965 200 2019; x_wconf 88' lang='lat' dir='ltr'><strong>Maji</strong></span> <span class='ocrx_word' id='word_1_167' title='bbox 217 1965 266 2005; x_wconf 85' lang='lat' dir='ltr'><strong>de</strong></span> <span class='ocrx_word' id='word_1_168' title='bbox 281 1977 358 2017; x_wconf 90' lang='lat' dir='ltr'><strong>quo</strong></span> <span class='ocrx_word' id='word_1_169' title='bbox 374 1965 560 2005; x_wconf 87' lang='lat' dir='ltr'><strong>consules</strong></span> <span class='ocrx_word' id='word_1_170' title='bbox 578 1966 742 2005; x_wconf 89' lang='lat' dir='ltr'><strong>Paulum</strong></span> <span class='ocrx_word' id='word_1_171' title='bbox 759 1965 1025 2005; x_wconf 89' lang='lat' dir='ltr'><strong>Colomesium</strong></span> <span class='ocrx_word' id='word_1_172' title='bbox 1039 1967 1077 2005; x_wconf 91' lang='lat' dir='ltr'><strong>in</strong></span> 
     </span>
     <span class='ocr_line' id='line_1_29' title="bbox 90 2028 753 2080; baseline -0.003 -12"><span class='ocrx_word' id='word_1_173' title='bbox 90 2050 93 2053; x_wconf 97' lang='lat'>·</span> <span class='ocrx_word' id='word_1_174' title='bbox 116 2029 226 2068; x_wconf 86' lang='lat' dir='ltr'><strong>ltalia</strong></span> <span class='ocrx_word' id='word_1_175' title='bbox 247 2028 437 2068; x_wconf 79' lang='lat' dir='ltr'><strong>Orientali</strong></span> <span class='ocrx_word' id='word_1_176' title='bbox 461 2041 546 2080; x_wconf 89' lang='lat' dir='ltr'><strong>pag.</strong></span> <span class='ocrx_word' id='word_1_177' title='bbox 579 2028 641 2067; x_wconf 88' lang='grc'><strong>77.</strong></span> <span class='ocrx_word' id='word_1_178' title='bbox 669 2040 753 2079; x_wconf 88' lang='lat' dir='ltr'><strong>seq.</strong></span> 
     </span>
    </p>

    <p class='ocr_par' dir='ltr' id='par_1_9' title="bbox 116 2091 1074 2319">
     <span class='ocr_line' id='line_1_30' title="bbox 168 2091 1074 2142; baseline -0.003 -10"><span class='ocrx_word' id='word_1_179' title='bbox 168 2092 471 2132; x_wconf 84' lang='lat' dir='ltr'><strong>MARCELLUS</strong></span> <span class='ocrx_word' id='word_1_180' title='bbox 517 2091 852 2142; x_wconf 79' lang='lat' dir='ltr'><strong>Burdegalensts,</strong></span> <span class='ocrx_word' id='word_1_181' title='bbox 897 2091 1074 2130; x_wconf 86' lang='lat' dir='ltr'><strong>Medicus</strong></span> 
     </span>
     <span class='ocr_line' id='line_1_31' title="bbox 118 2153 1070 2207; baseline -0.001 -13"><span class='ocrx_word' id='word_1_182' title='bbox 118 2153 373 2207; x_wconf 84' lang='lat' dir='ltr'><strong>Empiricus,</strong></span> <span class='ocrx_word' id='word_1_183' title='bbox 397 2153 603 2194; x_wconf 82' lang='lat' dir='ltr'><strong>Theodosii</strong></span> <span class='ocrx_word' id='word_1_184' title='bbox 629 2154 759 2204; x_wconf 82' lang='lat' dir='ltr'><strong>Magni</strong></span> <span class='ocrx_word' id='word_1_185' title='bbox 779 2153 1000 2202; x_wconf 84' lang='lat' dir='ltr'><strong>archiater,</strong></span> <span class='ocrx_word' id='word_1_186' title='bbox 1022 2153 1070 2193; x_wconf 89' lang='lat' dir='ltr'><strong>de</strong></span> 
     </span>
     <span class='ocr_line' id='line_1_32' title="bbox 116 2216 1074 2267; baseline -0.003 -10"><span class='ocrx_word' id='word_1_187' title='bbox 116 2219 231 2257; x_wconf 89' lang='lat' dir='ltr'><strong>cuius</strong></span> <span class='ocrx_word' id='word_1_188' title='bbox 254 2217 351 2257; x_wconf 91' lang='lat' dir='ltr'><strong>libro</strong></span> <span class='ocrx_word' id='word_1_189' title='bbox 375 2217 769 2265; x_wconf 84' lang='lat' dir='ltr'><strong>Medicamentorum,</strong></span> <span class='ocrx_word' id='word_1_190' title='bbox 794 2218 963 2267; x_wconf 84' lang='lat' dir='ltr'><strong>eiusque</strong></span> <span class='ocrx_word' id='word_1_191' title='bbox 990 2216 1074 2256; x_wconf 89' lang='lat' dir='ltr'><strong>edi-</strong></span> 
     </span>
     <span class='ocr_line' id='line_1_33' title="bbox 116 2279 1074 2319; baseline -0.001 -1"><span class='ocrx_word' id='word_1_192' title='bbox 116 2280 288 2319; x_wconf 86' lang='lat' dir='ltr'><strong>tionibus</strong></span> <span class='ocrx_word' id='word_1_193' title='bbox 309 2279 387 2318; x_wconf 78' lang='lat' dir='ltr'><strong>dix¹</strong></span> <span class='ocrx_word' id='word_1_194' title='bbox 411 2281 448 2318; x_wconf 91' lang='lat' dir='ltr'><strong>in</strong></span> <span class='ocrx_word' id='word_1_195' title='bbox 470 2279 711 2318; x_wconf 78' lang='lat' dir='ltr'><strong>Bibliotheca</strong></span> <span class='ocrx_word' id='word_1_196' title='bbox 730 2281 867 2318; x_wconf 84' lang='lat' dir='ltr'><strong>Latina</strong></span> <span class='ocrx_word' id='word_1_197' title='bbox 884 2279 933 2317; x_wconf 81' lang='lat' dir='ltr'><strong>IV</strong></span> <span class='ocrx_word' id='word_1_198' title='bbox 952 2279 1015 2318; x_wconf 82' lang='grc'><strong>42.</strong></span> <span class='ocrx_word' id='word_1_199' title='bbox 1036 2279 1074 2318; x_wconf 96' lang='lat'><strong>3.</strong></span> 
     </span>
    </p>

    <p class='ocr_par' dir='ltr' id='par_1_10' title="bbox 120 2341 1078 2455">
     <span class='ocr_line' id='line_1_34' title="bbox 170 2341 1077 2392; baseline -0.002 -11"><span class='ocrx_word' id='word_1_200' title='bbox 170 2343 474 2382; x_wconf 81' lang='lat' dir='ltr'><strong>MARCELLUS</strong></span> <span class='ocrx_word' id='word_1_201' title='bbox 498 2353 617 2392; x_wconf 85' lang='lat' dir='ltr'><strong>quem</strong></span> <span class='ocrx_word' id='word_1_202' title='bbox 639 2343 769 2380; x_wconf 72' lang='lat' dir='ltr'><strong>Marci</strong></span> <span class='ocrx_word' id='word_1_203' title='bbox 793 2341 980 2392; x_wconf 86' lang='lat' dir='ltr'><strong>praefecti</strong></span> <span class='ocrx_word' id='word_1_204' title='bbox 1008 2342 1077 2380; x_wconf 92' lang='lat' dir='ltr'><strong>Ur—</strong></span> 
     </span>
     <span class='ocr_line' id='line_1_35' title="bbox 120 2403 1078 2455; baseline -0.001 -13"><span class='ocrx_word' id='word_1_205' title='bbox 120 2403 182 2443; x_wconf 90' lang='lat' dir='ltr'><strong>bis</strong></span> <span class='ocrx_word' id='word_1_206' title='bbox 209 2405 250 2443; x_wconf 91' lang='lat' dir='ltr'><strong>F.</strong></span> <span class='ocrx_word' id='word_1_207' title='bbox 277 2409 318 2443; x_wconf 90' lang='lat' dir='ltr'><strong>et</strong></span> <span class='ocrx_word' id='word_1_208' title='bbox 346 2415 397 2443; x_wconf 79' lang='lat' dir='ltr'><strong>ex</strong></span> <span class='ocrx_word' id='word_1_209' title='bbox 427 2405 600 2443; x_wconf 89' lang='lat' dir='ltr'><strong>Simonis</strong></span> <span class='ocrx_word' id='word_1_210' title='bbox 628 2406 725 2455; x_wconf 85' lang='lat' dir='ltr'><strong>Magi</strong></span> <span class='ocrx_word' id='word_1_211' title='bbox 756 2404 910 2443; x_wconf 85' lang='lat' dir='ltr'><strong>assecla</strong></span> <span class='ocrx_word' id='word_1_212' title='bbox 947 2406 981 2452; x_wconf 72' lang='lat' dir='ltr'><strong>a)</strong></span> <span class='ocrx_word' id='word_1_213' title='bbox 1021 2403 1078 2442; x_wconf 91' lang='lat' dir='ltr'><strong>di-</strong></span> 
     </span>
    </p>

    <p class='ocr_par' dir='ltr' id='par_1_11' title="bbox 96 2466 1086 3204">
     <span class='ocr_line' id='line_1_36' title="bbox 96 2466 1080 2518; baseline -0.001 -13"><span class='ocrx_word' id='word_1_214' title='bbox 96 2509 98 2512; x_wconf 60' lang='grc'><strong>,</strong></span> <span class='ocrx_word' id='word_1_215' title='bbox 122 2467 319 2518; x_wconf 89' lang='lat' dir='ltr'><strong>scipulum</strong></span> <span class='ocrx_word' id='word_1_216' title='bbox 345 2467 383 2506; x_wconf 91' lang='lat' dir='ltr'><strong>S.</strong></span> <span class='ocrx_word' id='word_1_217' title='bbox 405 2468 510 2505; x_wconf 84' lang='lat' dir='ltr'><strong>Petri</strong></span> <span class='ocrx_word' id='word_1_218' title='bbox 530 2466 708 2518; x_wconf 82' lang='lat' dir='ltr'><strong>Apostoli</strong></span> <span class='ocrx_word' id='word_1_219' title='bbox 734 2466 964 2514; x_wconf 89' lang='lat' dir='ltr'><strong>venditant,</strong></span> <span class='ocrx_word' id='word_1_220' title='bbox 983 2467 1080 2505; x_wconf 82' lang='lat' dir='ltr'><strong>scri—</strong></span> 
     </span>
     <span class='ocr_line' id='line_1_37' title="bbox 122 2528 1079 2579; baseline 0 -13"><span class='ocrx_word' id='word_1_221' title='bbox 122 2533 212 2579; x_wconf 88' lang='lat' dir='ltr'><strong>ptor</strong></span> <span class='ocrx_word' id='word_1_222' title='bbox 238 2530 538 2568; x_wconf 85' lang='lat' dir='ltr'><strong>commentitius</strong></span> <span class='ocrx_word' id='word_1_223' title='bbox 580 2530 782 2568; x_wconf 92' lang='lat' dir='ltr'><strong>variorum</strong></span> <span class='ocrx_word' id='word_1_224' title='bbox 808 2531 1000 2568; x_wconf 80' lang='lat' dir='ltr'><strong>Actorum</strong></span> <span class='ocrx_word' id='word_1_225' title='bbox 1030 2528 1079 2566; x_wconf 87' lang='lat' dir='ltr'><strong>de</strong></span> 
     </span>
     <span class='ocr_line' id='line_1_38' title="bbox 125 2590 1082 2642; baseline -0.002 -12"><span class='ocrx_word' id='word_1_226' title='bbox 125 2590 270 2641; x_wconf 90' lang='lat' dir='ltr'><strong>quibus</strong></span> <span class='ocrx_word' id='word_1_227' title='bbox 311 2590 542 2642; x_wconf 80' lang='lat' dir='ltr'><strong>sigebertus</strong></span> <span class='ocrx_word' id='word_1_228' title='bbox 576 2602 663 2641; x_wconf 89' lang='lat' dir='ltr'><strong>cap.</strong></span> <span class='ocrx_word' id='word_1_229' title='bbox 694 2592 728 2629; x_wconf 94' lang='grc'><strong>4.</strong></span> <span class='ocrx_word' id='word_1_230' title='bbox 759 2595 799 2628; x_wconf 84' lang='lat' dir='ltr'><strong>et</strong></span> <span class='ocrx_word' id='word_1_231' title='bbox 827 2602 876 2629; x_wconf 83' lang='lat' dir='ltr'><strong>ex</strong></span> <span class='ocrx_word' id='word_1_232' title='bbox 907 2602 952 2628; x_wconf 91' lang='lat' dir='ltr'><strong>eo</strong></span> <span class='ocrx_word' id='word_1_233' title='bbox 981 2591 1082 2629; x_wconf 80' lang='lat' dir='ltr'><strong>Trit-</strong></span> 
     </span>
     <span class='ocr_line' id='line_1_39' title="bbox 123 2653 1079 2706; baseline -0.002 -13"><span class='ocrx_word' id='word_1_234' title='bbox 123 2654 281 2693; x_wconf 90' lang='lat' dir='ltr'><strong>hemius</strong></span> <span class='ocrx_word' id='word_1_235' title='bbox 300 2665 387 2706; x_wconf 90' lang='lat' dir='ltr'><strong>cap.</strong></span> <span class='ocrx_word' id='word_1_236' title='bbox 412 2654 447 2692; x_wconf 78' lang='lat'><strong>4.</strong></span> <span class='ocrx_word' id='word_1_237' title='bbox 473 2655 618 2693; x_wconf 84' lang='lat' dir='ltr'><strong>Mentio</strong></span> <span class='ocrx_word' id='word_1_238' title='bbox 644 2653 763 2704; x_wconf 83' lang='lat' dir='ltr'><strong>hujus</strong></span> <span class='ocrx_word' id='word_1_239' title='bbox 787 2654 956 2692; x_wconf 82' lang='lat' dir='ltr'><strong>Marcelli</strong></span> <span class='ocrx_word' id='word_1_240' title='bbox 975 2653 1079 2703; x_wconf 87' lang='lat' dir='ltr'><strong>apud</strong></span> 
     </span>
     <span class='ocr_line' id='line_1_40' title="bbox 124 2716 1078 2767; baseline -0.003 -11"><span class='ocrx_word' id='word_1_241' title='bbox 124 2716 277 2756; x_wconf 79' lang='lat' dir='ltr'><strong>Pseudo</strong></span> <span class='ocrx_word' id='word_1_242' title='bbox 321 2716 486 2756; x_wconf 86' lang='lat' dir='ltr'><strong>Abdiam</strong></span> <span class='ocrx_word' id='word_1_243' title='bbox 533 2717 598 2755; x_wconf 90' lang='lat' dir='ltr'><strong>lib.</strong></span> <span class='ocrx_word' id='word_1_244' title='bbox 629 2718 663 2755; x_wconf 93' lang='grc'><strong>4.</strong></span> <span class='ocrx_word' id='word_1_245' title='bbox 710 2727 793 2767; x_wconf 87' lang='lat' dir='ltr'><strong>cap.</strong></span> <span class='ocrx_word' id='word_1_246' title='bbox 833 2716 901 2754; x_wconf 90' lang='lat' dir='ltr'><strong>ult.</strong></span> <span class='ocrx_word' id='word_1_247' title='bbox 933 2717 999 2765; x_wconf 88' lang='lat' dir='ltr'><strong>qui</strong></span> <span class='ocrx_word' id='word_1_248' title='bbox 1030 2727 1078 2754; x_wconf 81' lang='lat' dir='ltr'><strong>ex</strong></span> 
     </span>
     <span class='ocr_line' id='line_1_41' title="bbox 121 2775 1081 2829; baseline -0.001 -12"><span class='ocrx_word' id='word_1_249' title='bbox 121 2777 209 2829; x_wconf 83' lang='lat' dir='ltr'><strong>ejus</strong></span> <span class='ocrx_word' id='word_1_250' title='bbox 232 2779 342 2818; x_wconf 89' lang='lat' dir='ltr'><strong>Actis</strong></span> <span class='ocrx_word' id='word_1_251' title='bbox 365 2780 484 2817; x_wconf 86' lang='lat' dir='ltr'><strong>etiam</strong></span> <span class='ocrx_word' id='word_1_252' title='bbox 511 2779 699 2818; x_wconf 76' lang='lat' dir='ltr'><strong>nonnulla</strong></span> <span class='ocrx_word' id='word_1_253' title='bbox 726 2780 868 2829; x_wconf 86' lang='lat' dir='ltr'><strong>repetit</strong></span> <span class='ocrx_word' id='word_1_254' title='bbox 893 2775 1081 2829; x_wconf 70' lang='grc' dir='ltr'>ἀυτολεξεί</span> 
     </span>
     <span class='ocr_line' id='line_1_42' title="bbox 125 2837 1085 2890; baseline 0 -13"><span class='ocrx_word' id='word_1_255' title='bbox 125 2838 315 2878; x_wconf 82' lang='lat' dir='ltr'><strong>Libellum</strong></span> <span class='ocrx_word' id='word_1_256' title='bbox 347 2837 393 2877; x_wconf 84' lang='lat' dir='ltr'><strong>de</strong></span> <span class='ocrx_word' id='word_1_257' title='bbox 431 2838 612 2890; x_wconf 79' lang='lat' dir='ltr'><strong>mirificis</strong></span> <span class='ocrx_word' id='word_1_258' title='bbox 649 2837 805 2878; x_wconf 74' lang='lat' dir='ltr'><strong>actibus</strong></span> <span class='ocrx_word' id='word_1_259' title='bbox 834 2840 875 2877; x_wconf 83' lang='lat' dir='ltr'><strong>B.</strong></span> <span class='ocrx_word' id='word_1_260' title='bbox 908 2839 1025 2877; x_wconf 86' lang='lat' dir='ltr'><strong>Petri</strong></span> <span class='ocrx_word' id='word_1_261' title='bbox 1047 2841 1085 2877; x_wconf 80' lang='lat' dir='ltr'><strong>et</strong></span> 
     </span>
     <span class='ocr_line' id='line_1_43' title="bbox 127 2899 1085 2952; baseline 0 -14"><span class='ocrx_word' id='word_1_262' title='bbox 127 2899 256 2949; x_wconf 80' lang='lat' dir='ltr'><strong>Pauli,</strong></span> <span class='ocrx_word' id='word_1_263' title='bbox 281 2904 319 2940; x_wconf 86' lang='lat' dir='ltr'><strong>et</strong></span> <span class='ocrx_word' id='word_1_264' title='bbox 340 2900 387 2940; x_wconf 83' lang='lat' dir='ltr'><strong>de</strong></span> <span class='ocrx_word' id='word_1_265' title='bbox 410 2901 575 2952; x_wconf 70' lang='lat' dir='ltr'><strong>mayicis</strong></span> <span class='ocrx_word' id='word_1_266' title='bbox 599 2900 756 2940; x_wconf 59' lang='lat' dir='ltr'><strong>artibus</strong></span> <span class='ocrx_word' id='word_1_267' title='bbox 791 2901 960 2941; x_wconf 78' lang='lat' dir='ltr'><strong>Simonis</strong></span> <span class='ocrx_word' id='word_1_268' title='bbox 978 2912 1085 2951; x_wconf 71' lang='lat' dir='ltr'><strong>maqz</strong></span> 
     </span>
     <span class='ocr_line' id='line_1_44' title="bbox 125 2963 1084 3015; baseline -0.001 -13"><span class='ocrx_word' id='word_1_269' title='bbox 125 2963 173 3002; x_wconf 88' lang='lat' dir='ltr'><strong>ad</strong></span> <span class='ocrx_word' id='word_1_270' title='bbox 206 2963 264 3002; x_wconf 90' lang='lat' dir='ltr'><strong>SS</strong></span> <span class='ocrx_word' id='word_1_271' title='bbox 306 2963 476 3002; x_wconf 89' lang='lat' dir='ltr'><strong>Nereum</strong></span> <span class='ocrx_word' id='word_1_272' title='bbox 507 2970 548 3002; x_wconf 84' lang='lat' dir='ltr'><strong>et</strong></span> <span class='ocrx_word' id='word_1_273' title='bbox 590 2965 840 3012; x_wconf 67' lang='lat' dir='ltr'><strong>Achaicum,</strong></span> <span class='ocrx_word' id='word_1_274' title='bbox 874 2975 943 3015; x_wconf 85' lang='lat' dir='ltr'><strong>pro</strong></span> <span class='ocrx_word' id='word_1_275' title='bbox 973 2963 1084 3005; x_wconf 88' lang='lat' dir='ltr'><strong>Chri-</strong></span> 
     </span>
     <span class='ocr_line' id='line_1_45' title="bbox 126 3027 1085 3078; baseline 0.001 -14"><span class='ocrx_word' id='word_1_276' title='bbox 126 3031 188 3065; x_wconf 90' lang='lat' dir='ltr'><strong>sto</strong></span> <span class='ocrx_word' id='word_1_277' title='bbox 219 3028 255 3064; x_wconf 91' lang='lat' dir='ltr'><strong>in</strong></span> <span class='ocrx_word' id='word_1_278' title='bbox 288 3028 475 3065; x_wconf 84' lang='lat' dir='ltr'><strong>Pontiana</strong></span> <span class='ocrx_word' id='word_1_279' title='bbox 500 3028 631 3066; x_wconf 84' lang='lat' dir='ltr'><strong>Insula</strong></span> <span class='ocrx_word' id='word_1_280' title='bbox 659 3028 867 3078; x_wconf 62' lang='lat' dir='ltr'><strong>relegatos.</strong></span> <span class='ocrx_word' id='word_1_281' title='bbox 894 3027 1085 3066; x_wconf 82' lang='lat' dir='ltr'><strong>recuden-</strong></span> 
     </span>
     <span class='ocr_line' id='line_1_46' title="bbox 125 3089 1086 3142; baseline 0 -14"><span class='ocrx_word' id='word_1_282' title='bbox 125 3089 221 3129; x_wconf 91' lang='lat' dir='ltr'><strong>dum</strong></span> <span class='ocrx_word' id='word_1_283' title='bbox 252 3089 389 3130; x_wconf 89' lang='lat' dir='ltr'><strong>curavl</strong></span> <span class='ocrx_word' id='word_1_284' title='bbox 423 3090 459 3128; x_wconf 92' lang='lat' dir='ltr'><strong>in</strong></span> <span class='ocrx_word' id='word_1_285' title='bbox 499 3096 610 3140; x_wconf 87' lang='lat' dir='ltr'><strong>parte</strong></span> <span class='ocrx_word' id='word_1_286' title='bbox 640 3092 754 3129; x_wconf 85' lang='lat' dir='ltr'><strong>tertia</strong></span> <span class='ocrx_word' id='word_1_287' title='bbox 798 3090 954 3130; x_wconf 84' lang='lat' dir='ltr'><strong>Codicis</strong></span> <span class='ocrx_word' id='word_1_288' title='bbox 984 3093 1086 3142; x_wconf 79' lang='lat' dir='ltr'><strong>Apo-</strong></span> 
     </span>
     <span class='ocr_line' id='line_1_47' title="bbox 126 3153 1085 3204; baseline 0.004 -15"><span class='ocrx_word' id='word_1_289' title='bbox 126 3153 265 3204; x_wconf 76' lang='lat' dir='ltr'><strong>cryphi</strong></span> <span class='ocrx_word' id='word_1_290' title='bbox 290 3154 385 3192; x_wconf 62' lang='lat' dir='ltr'><strong>Novi</strong></span> <span class='ocrx_word' id='word_1_291' title='bbox 414 3154 659 3191; x_wconf 74' lang='lat' dir='ltr'><strong>Testamenti</strong></span> <span class='ocrx_word' id='word_1_292' title='bbox 690 3164 776 3204; x_wconf 87' lang='lat' dir='ltr'><strong>pag.</strong></span> <span class='ocrx_word' id='word_1_293' title='bbox 806 3153 885 3192; x_wconf 82' lang='lat'><strong>632</strong></span> <span class='ocrx_word' id='word_1_294' title='bbox 910 3154 999 3193; x_wconf 84' lang='lat'><strong>653.</strong></span> <span class='ocrx_word' id='word_1_295' title='bbox 1024 3155 1085 3193; x_wconf 79' lang='lat' dir='ltr'><strong>Ex</strong></span> 
     </span>
    </p>
   </div>
   <div class='ocr_carea' id='block_1_5' title="bbox 122 3313 1095 3449">
    <p class='ocr_par' dir='ltr' id='par_1_12' title="bbox 122 3313 1095 3449">
     <span class='ocr_line' id='line_1_48' title="bbox 183 3313 1093 3354; baseline -0.001 -8"><span class='ocrx_word' id='word_1_296' title='bbox 183 3315 217 3353; x_wconf 78' lang='lat' dir='ltr'><strong>a)</strong></span> <span class='ocrx_word' id='word_1_297' title='bbox 239 3317 286 3348; x_wconf 68' lang='lat' dir='ltr'><strong>lta</strong></span> <span class='ocrx_word' id='word_1_298' title='bbox 313 3315 439 3347; x_wconf 76' lang='lat' dir='ltr'><strong>Pseudo</strong></span> <span class='ocrx_word' id='word_1_299' title='bbox 463 3315 562 3344; x_wconf 79' lang='lat' dir='ltr'><strong>Linus</strong></span> <span class='ocrx_word' id='word_1_300' title='bbox 576 3337 585 3351; x_wconf 88' lang='lat'><em>,</em></span> <span class='ocrx_word' id='word_1_301' title='bbox 609 3317 640 3344; x_wconf 81' lang='lat' dir='ltr'><strong>et</strong></span> <span class='ocrx_word' id='word_1_302' title='bbox 662 3313 788 3345; x_wconf 82' lang='lat' dir='ltr'><strong>Pseudo</strong></span> <span class='ocrx_word' id='word_1_303' title='bbox 812 3314 982 3346; x_wconf 76' lang='lat' dir='ltr'><strong>Marcellus</strong></span> <span class='ocrx_word' id='word_1_304' title='bbox 1000 3316 1068 3354; x_wconf 81' lang='lat' dir='ltr'><strong>ipse</strong></span> <span class='ocrx_word' id='word_1_305' title='bbox 1083 3337 1093 3352; x_wconf 82' lang='lat'>‚</span> 
     </span>
     <span class='ocr_line' id='line_1_49' title="bbox 129 3363 1095 3406; baseline 0.001 -11"><span class='ocrx_word' id='word_1_306' title='bbox 129 3369 230 3406; x_wconf 79' lang='lat' dir='ltr'><strong>atque</strong></span> <span class='ocrx_word' id='word_1_307' title='bbox 250 3366 326 3398; x_wconf 82' lang='lat' dir='ltr'><strong>inde</strong></span> <span class='ocrx_word' id='word_1_308' title='bbox 343 3364 533 3405; x_wconf 79' lang='lat' dir='ltr'><strong>Sigebertus</strong></span> <span class='ocrx_word' id='word_1_309' title='bbox 547 3387 555 3401; x_wconf 91' lang='lat'>‚</span> <span class='ocrx_word' id='word_1_310' title='bbox 575 3368 606 3394; x_wconf 73' lang='lat' dir='ltr'><strong>et</strong></span> <span class='ocrx_word' id='word_1_311' title='bbox 629 3363 895 3404; x_wconf 65' lang='lat' dir='ltr'><strong>Marfyrologium</strong></span> <span class='ocrx_word' id='word_1_312' title='bbox 911 3366 1095 3396; x_wconf 78' lang='lat' dir='ltr'><strong>Romanum</strong></span> 
     </span>
     <span class='ocr_line' id='line_1_50' title="bbox 122 3416 299 3449; baseline -0.011 0"><span class='ocrx_word' id='word_1_313' title='bbox 122 3418 153 3449; x_wconf 89' lang='grc'><strong>7.</strong></span> <span class='ocrx_word' id='word_1_314' title='bbox 177 3416 299 3449; x_wconf 80' lang='lat' dir='ltr'><strong>Octobr</strong></span> 
     </span>
    </p>
   </div>
   <div class='ocr_carea' id='block_1_6' title="bbox 1135 327 2121 3456">
    <p class='ocr_par' dir='ltr' id='par_1_13' title="bbox 1135 327 2121 3210">
     <span class='ocr_line' id='line_1_51' title="bbox 1140 327 2098 379; baseline -0.004 -9"><span class='ocrx_word' id='word_1_315' title='bbox 1140 331 1279 370; x_wconf 87' lang='lat' dir='ltr'><strong>eodem</strong></span> <span class='ocrx_word' id='word_1_316' title='bbox 1311 331 1524 370; x_wconf 87' lang='lat' dir='ltr'><strong>Ordericus</strong></span> <span class='ocrx_word' id='word_1_317' title='bbox 1552 329 1688 369; x_wconf 87' lang='lat' dir='ltr'><strong>Vitalis</strong></span> <span class='ocrx_word' id='word_1_318' title='bbox 1713 328 1928 379; x_wconf 83' lang='lat' dir='ltr'><strong>Epistolam</strong></span> <span class='ocrx_word' id='word_1_319' title='bbox 1948 327 1994 367; x_wconf 86' lang='lat' dir='ltr'><strong>de</strong></span> <span class='ocrx_word' id='word_1_320' title='bbox 2009 339 2098 367; x_wconf 83' lang='lat' dir='ltr'><strong>con-</strong></span> 
     </span>
     <span class='ocr_line' id='line_1_52' title="bbox 1135 390 2098 445; baseline -0.002 -13"><span class='ocrx_word' id='word_1_321' title='bbox 1135 393 1249 445; x_wconf 77' lang='lat' dir='ltr'><strong>flictu</strong></span> <span class='ocrx_word' id='word_1_322' title='bbox 1276 393 1446 433; x_wconf 76' lang='lat' dir='ltr'><strong>Simonis</strong></span> <span class='ocrx_word' id='word_1_323' title='bbox 1480 393 1589 431; x_wconf 79' lang='lat' dir='ltr'><strong>Petri</strong></span> <span class='ocrx_word' id='word_1_324' title='bbox 1617 395 1657 431; x_wconf 83' lang='lat' dir='ltr'><strong>et</strong></span> <span class='ocrx_word' id='word_1_325' title='bbox 1679 390 1854 432; x_wconf 80' lang='lat' dir='ltr'><strong>Simonis</strong></span> <span class='ocrx_word' id='word_1_326' title='bbox 1880 390 1991 442; x_wconf 73' lang='lat' dir='ltr'><strong>Mayi</strong></span> <span class='ocrx_word' id='word_1_327' title='bbox 2017 392 2098 430; x_wconf 80' lang='lat' dir='ltr'><strong>fere</strong></span> 
     </span>
     <span class='ocr_line' id='line_1_53' title="bbox 1140 454 2095 507; baseline -0.002 -14"><span class='ocrx_word' id='word_1_328' title='bbox 1140 458 1335 507; x_wconf 87' lang='lat' dir='ltr'><strong>integram</strong></span> <span class='ocrx_word' id='word_1_329' title='bbox 1366 455 1555 494; x_wconf 84' lang='lat' dir='ltr'><strong>describit</strong></span> <span class='ocrx_word' id='word_1_330' title='bbox 1585 455 1648 494; x_wconf 89' lang='lat' dir='ltr'><strong>lib.</strong></span> <span class='ocrx_word' id='word_1_331' title='bbox 1675 455 1712 493; x_wconf 93' lang='grc'><strong>2.</strong></span> <span class='ocrx_word' id='word_1_332' title='bbox 1742 454 1842 493; x_wconf 85' lang='lat' dir='ltr'><strong>Hist.</strong></span> <span class='ocrx_word' id='word_1_333' title='bbox 1873 454 2023 493; x_wconf 87' lang='lat' dir='ltr'><strong>Eccles.</strong></span> <span class='ocrx_word' id='word_1_334' title='bbox 2060 465 2095 504; x_wconf 90' lang='lat' dir='ltr'><strong>p.</strong></span> 
     </span>
     <span class='ocr_line' id='line_1_54' title="bbox 1140 516 2100 569; baseline -0.004 -11"><span class='ocrx_word' id='word_1_335' title='bbox 1140 519 1229 558; x_wconf 86' lang='grc'>392.</span> <span class='ocrx_word' id='word_1_336' title='bbox 1257 529 1339 569; x_wconf 87' lang='lat' dir='ltr'><strong>seq.</strong></span> <span class='ocrx_word' id='word_1_337' title='bbox 1366 519 1417 568; x_wconf 81' lang='lat' dir='ltr'><strong>(in</strong></span> <span class='ocrx_word' id='word_1_338' title='bbox 1443 517 1703 568; x_wconf 88' lang='lat' dir='ltr'><strong>scriptoribus</strong></span> <span class='ocrx_word' id='word_1_339' title='bbox 1723 517 2000 556; x_wconf 75' lang='lat' dir='ltr'><strong>Normannicis</strong></span> <span class='ocrx_word' id='word_1_340' title='bbox 2019 516 2100 555; x_wconf 76' lang='lat' dir='ltr'><strong>An-</strong></span> 
     </span>
     <span class='ocr_line' id='line_1_55' title="bbox 1140 579 2098 628; baseline -0.003 -8"><span class='ocrx_word' id='word_1_341' title='bbox 1140 581 1258 620; x_wconf 87' lang='lat' dir='ltr'><strong>dreae</strong></span> <span class='ocrx_word' id='word_1_342' title='bbox 1278 581 1332 620; x_wconf 92' lang='lat' dir='ltr'><strong>du</strong></span> <span class='ocrx_word' id='word_1_343' title='bbox 1358 581 1528 628; x_wconf 88' lang='lat' dir='ltr'><strong>Chesne)</strong></span> <span class='ocrx_word' id='word_1_344' title='bbox 1553 579 1710 618; x_wconf 86' lang='lat' dir='ltr'><strong>laudato</strong></span> <span class='ocrx_word' id='word_1_345' title='bbox 1735 584 1873 619; x_wconf 87' lang='lat' dir='ltr'><strong>autore</strong></span> <span class='ocrx_word' id='word_1_346' title='bbox 1897 579 2098 627; x_wconf 88' lang='lat' dir='ltr'><strong>Marcello,</strong></span> 
     </span>
     <span class='ocr_line' id='line_1_56' title="bbox 1141 641 2101 694; baseline -0.002 -12"><span class='ocrx_word' id='word_1_347' title='bbox 1141 646 1231 694; x_wconf 89' lang='lat' dir='ltr'><strong>(non</strong></span> <span class='ocrx_word' id='word_1_348' title='bbox 1258 645 1378 692; x_wconf 84' lang='lat' dir='ltr'><strong>Lino,</strong></span> <span class='ocrx_word' id='word_1_349' title='bbox 1409 647 1453 681; x_wconf 90' lang='lat' dir='ltr'><strong>ut</strong></span> <span class='ocrx_word' id='word_1_350' title='bbox 1482 643 1654 681; x_wconf 85' lang='lat' dir='ltr'><strong>affirmat</strong></span> <span class='ocrx_word' id='word_1_351' title='bbox 1684 644 1744 681; x_wconf 91' lang='lat' dir='ltr'><strong>vir</strong></span> <span class='ocrx_word' id='word_1_352' title='bbox 1773 642 1916 682; x_wconf 87' lang='lat' dir='ltr'><strong>doctus</strong></span> <span class='ocrx_word' id='word_1_353' title='bbox 1940 643 1976 680; x_wconf 93' lang='lat' dir='ltr'><strong>in</strong></span> <span class='ocrx_word' id='word_1_354' title='bbox 2003 641 2101 681; x_wconf 85' lang='lat' dir='ltr'><strong>diss.</strong></span> 
     </span>
     <span class='ocr_line' id='line_1_57' title="bbox 1141 705 2102 756; baseline -0.001 -11"><span class='ocrx_word' id='word_1_355' title='bbox 1141 706 1189 746; x_wconf 89' lang='lat' dir='ltr'><strong>de</strong></span> <span class='ocrx_word' id='word_1_356' title='bbox 1220 706 1403 745; x_wconf 87' lang='lat' dir='ltr'><strong>Patribus</strong></span> <span class='ocrx_word' id='word_1_357' title='bbox 1421 705 1664 755; x_wconf 85' lang='lat' dir='ltr'><strong>Apostolicis</strong></span> <span class='ocrx_word' id='word_1_358' title='bbox 1684 717 1770 756; x_wconf 87' lang='lat' dir='ltr'><strong>pag.</strong></span> <span class='ocrx_word' id='word_1_359' title='bbox 1797 707 1872 751; x_wconf 81' lang='lat'><strong>55.)</strong></span> <span class='ocrx_word' id='word_1_360' title='bbox 1899 705 1980 744; x_wconf 92' lang='lat' dir='ltr'><strong>Sub</strong></span> <span class='ocrx_word' id='word_1_361' title='bbox 2002 707 2102 744; x_wconf 77' lang='lat' dir='ltr'><strong>Mar-</strong></span> 
     </span>
     <span class='ocr_line' id='line_1_58' title="bbox 1141 767 2104 818; baseline -0.002 -10"><span class='ocrx_word' id='word_1_362' title='bbox 1141 770 1228 809; x_wconf 86' lang='lat' dir='ltr'><strong>celli</strong></span> <span class='ocrx_word' id='word_1_363' title='bbox 1251 770 1410 808; x_wconf 82' lang='lat' dir='ltr'><strong>nomine</strong></span> <span class='ocrx_word' id='word_1_364' title='bbox 1435 767 1538 807; x_wconf 90' lang='lat' dir='ltr'><strong>idem</strong></span> <span class='ocrx_word' id='word_1_365' title='bbox 1570 769 1762 818; x_wconf 89' lang='lat' dir='ltr'><strong>scriptum</strong></span> <span class='ocrx_word' id='word_1_366' title='bbox 1796 770 1993 818; x_wconf 83' lang='lat' dir='ltr'><strong>integrum</strong></span> <span class='ocrx_word' id='word_1_367' title='bbox 2027 768 2104 818; x_wconf 87' lang='lat' dir='ltr'><strong>pri-</strong></span> 
     </span>
     <span class='ocr_line' id='line_1_59' title="bbox 1143 831 2100 871; baseline -0.003 0"><span class='ocrx_word' id='word_1_368' title='bbox 1143 843 1232 871; x_wconf 89' lang='lat' dir='ltr'><strong>mus</strong></span> <span class='ocrx_word' id='word_1_369' title='bbox 1255 831 1379 870; x_wconf 82' lang='lat' dir='ltr'><strong>edidit</strong></span> <span class='ocrx_word' id='word_1_370' title='bbox 1396 835 1436 870; x_wconf 88' lang='lat' dir='ltr'><strong>et</strong></span> <span class='ocrx_word' id='word_1_371' title='bbox 1461 831 1566 869; x_wconf 90' lang='lat' dir='ltr'><strong>notis</strong></span> <span class='ocrx_word' id='word_1_372' title='bbox 1593 831 1807 869; x_wconf 89' lang='lat' dir='ltr'><strong>illustravit</strong></span> <span class='ocrx_word' id='word_1_373' title='bbox 1832 831 2100 869; x_wconf 74' lang='lat' dir='ltr'><strong>Florentinius</strong></span> 
     </span>
     <span class='ocr_line' id='line_1_60' title="bbox 1141 894 2100 945; baseline -0.003 -11"><span class='ocrx_word' id='word_1_374' title='bbox 1141 895 1189 933; x_wconf 89' lang='lat' dir='ltr'><strong>ad</strong></span> <span class='ocrx_word' id='word_1_375' title='bbox 1220 894 1469 945; x_wconf 86' lang='lat' dir='ltr'><strong>Martyrolog.</strong></span> <span class='ocrx_word' id='word_1_376' title='bbox 1512 894 1864 943; x_wconf 83' lang='lat' dir='ltr'><strong>Hieronymianum</strong></span> <span class='ocrx_word' id='word_1_377' title='bbox 1896 905 1983 944; x_wconf 88' lang='lat' dir='ltr'><strong>pag.</strong></span> <span class='ocrx_word' id='word_1_378' title='bbox 2011 895 2100 933; x_wconf 86' lang='grc'>403.</span> 
     </span>
     <span class='ocr_line' id='line_1_61' title="bbox 1145 955 2103 1009; baseline -0.003 -11"><span class='ocrx_word' id='word_1_379' title='bbox 1145 959 1533 1009; x_wconf 75' lang='lat' dir='ltr'><strong>lll.Fragme11tum</strong></span> <span class='ocrx_word' id='word_1_380' title='bbox 1559 956 1664 995; x_wconf 90' lang='lat' dir='ltr'><strong>illius</strong></span> <span class='ocrx_word' id='word_1_381' title='bbox 1689 955 1870 1007; x_wconf 88' lang='lat' dir='ltr'><strong>vulgavit</strong></span> <span class='ocrx_word' id='word_1_382' title='bbox 1895 967 1941 994; x_wconf 78' lang='lat' dir='ltr'><strong>ex</strong></span> <span class='ocrx_word' id='word_1_383' title='bbox 1968 956 2103 995; x_wconf 86' lang='lat' dir='ltr'><strong>codice</strong></span> 
     </span>
     <span class='ocr_line' id='line_1_62' title="bbox 1145 1019 2105 1070; baseline -0.001 -10"><span class='ocrx_word' id='word_1_384' title='bbox 1145 1022 1403 1060; x_wconf 87' lang='lat' dir='ltr'><strong>Lateranensi</strong></span> <span class='ocrx_word' id='word_1_385' title='bbox 1436 1021 1583 1059; x_wconf 89' lang='lat' dir='ltr'><strong>Paulus</strong></span> <span class='ocrx_word' id='word_1_386' title='bbox 1607 1019 1838 1070; x_wconf 88' lang='lat' dir='ltr'><strong>Aringhus,</strong></span> <span class='ocrx_word' id='word_1_387' title='bbox 1864 1020 2008 1058; x_wconf 84' lang='lat' dir='ltr'><strong>Rornae</strong></span> <span class='ocrx_word' id='word_1_388' title='bbox 2039 1030 2105 1059; x_wconf 91' lang='lat' dir='ltr'><strong>su-</strong></span> 
     </span>
     <span class='ocr_line' id='line_1_63' title="bbox 1143 1082 2106 1133; baseline -0.001 -11"><span class='ocrx_word' id='word_1_389' title='bbox 1143 1084 1377 1123; x_wconf 90' lang='lat' dir='ltr'><strong>bterraneae</strong></span> <span class='ocrx_word' id='word_1_390' title='bbox 1416 1084 1482 1122; x_wconf 92' lang='lat' dir='ltr'><strong>lib.</strong></span> <span class='ocrx_word' id='word_1_391' title='bbox 1511 1083 1548 1121; x_wconf 98' lang='grc'><strong>2.</strong></span> <span class='ocrx_word' id='word_1_392' title='bbox 1584 1094 1669 1133; x_wconf 92' lang='lat' dir='ltr'><strong>cap.</strong></span> <span class='ocrx_word' id='word_1_393' title='bbox 1701 1082 1740 1121; x_wconf 80' lang='lat'><strong>5.</strong></span> <span class='ocrx_word' id='word_1_394' title='bbox 1776 1094 1886 1121; x_wconf 89' lang='lat' dir='ltr'><strong>num.</strong></span> <span class='ocrx_word' id='word_1_395' title='bbox 1918 1083 1954 1120; x_wconf 89' lang='grc'><strong>9.</strong></span> <span class='ocrx_word' id='word_1_396' title='bbox 1986 1086 2025 1119; x_wconf 84' lang='lat' dir='ltr'><strong>et</strong></span> <span class='ocrx_word' id='word_1_397' title='bbox 2055 1093 2106 1121; x_wconf 77' lang='lat' dir='ltr'><strong>ex</strong></span> 
     </span>
     <span class='ocr_line' id='line_1_64' title="bbox 1143 1144 2107 1186; baseline -0.003 0"><span class='ocrx_word' id='word_1_398' title='bbox 1143 1147 1435 1186; x_wconf 88' lang='lat' dir='ltr'><strong>Flaviniacensi</strong></span> <span class='ocrx_word' id='word_1_399' title='bbox 1457 1146 1591 1185; x_wconf 88' lang='lat' dir='ltr'><strong>codice</strong></span> <span class='ocrx_word' id='word_1_400' title='bbox 1614 1145 1708 1184; x_wconf 90' lang='lat' dir='ltr'><strong>Lud.</strong></span> <span class='ocrx_word' id='word_1_401' title='bbox 1731 1144 1904 1183; x_wconf 80' lang='lat' dir='ltr'><strong>Jacobus</strong></span> <span class='ocrx_word' id='word_1_402' title='bbox 1929 1146 1950 1183; x_wconf 76' lang='lat' dir='ltr'><strong>a</strong></span> <span class='ocrx_word' id='word_1_403' title='bbox 1977 1145 2016 1183; x_wconf 87' lang='lat' dir='ltr'><strong>S.</strong></span> <span class='ocrx_word' id='word_1_404' title='bbox 2033 1146 2107 1184; x_wconf 86' lang='lat' dir='ltr'><strong>Ca-</strong></span> 
     </span>
     <span class='ocr_line' id='line_1_65' title="bbox 1145 1206 2107 1258; baseline -0.007 -8"><span class='ocrx_word' id='word_1_405' title='bbox 1145 1211 1227 1250; x_wconf 92' lang='lat' dir='ltr'><strong>rolo</strong></span> <span class='ocrx_word' id='word_1_406' title='bbox 1256 1209 1304 1249; x_wconf 87' lang='lat' dir='ltr'><strong>ad</strong></span> <span class='ocrx_word' id='word_1_407' title='bbox 1335 1209 1484 1248; x_wconf 86' lang='lat' dir='ltr'><strong>calcem</strong></span> <span class='ocrx_word' id='word_1_408' title='bbox 1515 1208 1611 1247; x_wconf 91' lang='lat' dir='ltr'><strong>Bibl.</strong></span> <span class='ocrx_word' id='word_1_409' title='bbox 1642 1208 1868 1247; x_wconf 78' lang='lat' dir='ltr'><strong>Pontificiae</strong></span> <span class='ocrx_word' id='word_1_410' title='bbox 1898 1218 1983 1258; x_wconf 88' lang='lat' dir='ltr'><strong>pag.</strong></span> <span class='ocrx_word' id='word_1_411' title='bbox 2017 1206 2107 1244; x_wconf 76' lang='lat'><strong>487.</strong></span> 
     </span>
     <span class='ocr_line' id='line_1_66' title="bbox 1145 1268 2108 1324; baseline -0.005 -13"><span class='ocrx_word' id='word_1_412' title='bbox 1145 1275 1351 1324; x_wconf 89' lang='lat' dir='ltr'><strong>Integrum</strong></span> <span class='ocrx_word' id='word_1_413' title='bbox 1383 1282 1543 1321; x_wconf 88' lang='lat' dir='ltr'><strong>quoque</strong></span> <span class='ocrx_word' id='word_1_414' title='bbox 1573 1269 1726 1321; x_wconf 87' lang='lat' dir='ltr'><strong>pridem</strong></span> <span class='ocrx_word' id='word_1_415' title='bbox 1758 1269 1937 1308; x_wconf 87' lang='lat' dir='ltr'><strong>ediderat</strong></span> <span class='ocrx_word' id='word_1_416' title='bbox 1974 1268 2108 1307; x_wconf 85' lang='lat' dir='ltr'><strong>Fride-</strong></span> 
     </span>
     <span class='ocr_line' id='line_1_67' title="bbox 1144 1331 2103 1382; baseline -0.006 -8"><span class='ocrx_word' id='word_1_417' title='bbox 1144 1337 1252 1375; x_wconf 91' lang='lat' dir='ltr'><strong>ricus</strong></span> <span class='ocrx_word' id='word_1_418' title='bbox 1282 1335 1434 1373; x_wconf 68' lang='lat' dir='ltr'><strong>Nausea</strong></span> <span class='ocrx_word' id='word_1_419' title='bbox 1467 1335 1505 1372; x_wconf 90' lang='lat' dir='ltr'><strong>iu</strong></span> <span class='ocrx_word' id='word_1_420' title='bbox 1538 1332 1791 1371; x_wconf 86' lang='lat' dir='ltr'><strong>Passionibus</strong></span> <span class='ocrx_word' id='word_1_421' title='bbox 1821 1331 2103 1382; x_wconf 83' lang='lat' dir='ltr'><strong>Apostolorum</strong></span> 
     </span>
     <span class='ocr_line' id='line_1_68' title="bbox 1146 1392 2104 1437; baseline -0.006 0"><span class='ocrx_word' id='word_1_422' title='bbox 1146 1399 1213 1437; x_wconf 83' lang='lat' dir='ltr'><strong>sed</strong></span> <span class='ocrx_word' id='word_1_423' title='bbox 1227 1398 1301 1437; x_wconf 90' lang='lat' dir='ltr'><strong>sub</strong></span> <span class='ocrx_word' id='word_1_424' title='bbox 1317 1394 1814 1435; x_wconf 84' lang='lat' dir='ltr'><strong>nominePHlLALETllAE</strong></span> <span class='ocrx_word' id='word_1_425' title='bbox 1832 1392 2104 1433; x_wconf 77' lang='lat' dir='ltr'><strong>EUSEBIANI</strong></span> 
     </span>
     <span class='ocr_line' id='line_1_69' title="bbox 1146 1455 2103 1508; baseline -0.007 -7"><span class='ocrx_word' id='word_1_426' title='bbox 1146 1463 1280 1502; x_wconf 90' lang='lat' dir='ltr'><strong>Colon.</strong></span> <span class='ocrx_word' id='word_1_427' title='bbox 1307 1462 1381 1500; x_wconf 85' lang='lat' dir='ltr'><strong>An.</strong></span> <span class='ocrx_word' id='word_1_428' title='bbox 1415 1460 1510 1499; x_wconf 76' lang='grc'><strong>4534</strong></span> <span class='ocrx_word' id='word_1_429' title='bbox 1550 1460 1584 1497; x_wconf 82' lang='lat'><strong>4.</strong></span> <span class='ocrx_word' id='word_1_430' title='bbox 1614 1458 1835 1508; x_wconf 89' lang='lat' dir='ltr'><strong>Epistolam</strong></span> <span class='ocrx_word' id='word_1_431' title='bbox 1861 1457 2031 1496; x_wconf 78' lang='lat' dir='ltr'><strong>Marcelli</strong></span> <span class='ocrx_word' id='word_1_432' title='bbox 2056 1455 2103 1495; x_wconf 88' lang='lat' dir='ltr'><strong>ad</strong></span> 
     </span>
     <span class='ocr_line' id='line_1_70' title="bbox 1147 1518 2105 1564; baseline -0.008 0"><span class='ocrx_word' id='word_1_433' title='bbox 1147 1526 1317 1564; x_wconf 76' lang='lat' dir='ltr'><strong>Nereum</strong></span> <span class='ocrx_word' id='word_1_434' title='bbox 1350 1527 1390 1562; x_wconf 90' lang='lat' dir='ltr'><strong>et</strong></span> <span class='ocrx_word' id='word_1_435' title='bbox 1420 1521 1644 1561; x_wconf 78' lang='lat' dir='ltr'><strong>Achilleum</strong></span> <span class='ocrx_word' id='word_1_436' title='bbox 1671 1525 1764 1559; x_wconf 82' lang='lat' dir='ltr'><strong>ante</strong></span> <span class='ocrx_word' id='word_1_437' title='bbox 1790 1518 1886 1559; x_wconf 88' lang='lat' dir='ltr'><strong>Lud.</strong></span> <span class='ocrx_word' id='word_1_438' title='bbox 1917 1519 2105 1557; x_wconf 88' lang='lat' dir='ltr'><strong>Jacobum</strong></span> 
     </span>
     <span class='ocr_line' id='line_1_71' title="bbox 1147 1579 2107 1635; baseline -0.008 -9"><span class='ocrx_word' id='word_1_439' title='bbox 1147 1599 1167 1626; x_wconf 93' lang='lat' dir='ltr'><strong>a</strong></span> <span class='ocrx_word' id='word_1_440' title='bbox 1198 1587 1236 1626; x_wconf 94' lang='lat' dir='ltr'><strong>S.</strong></span> <span class='ocrx_word' id='word_1_441' title='bbox 1268 1585 1408 1625; x_wconf 89' lang='lat' dir='ltr'><strong>Carolo</strong></span> <span class='ocrx_word' id='word_1_442' title='bbox 1434 1584 1617 1635; x_wconf 85' lang='lat' dir='ltr'><strong>vulgavit</strong></span> <span class='ocrx_word' id='word_1_443' title='bbox 1642 1584 1881 1622; x_wconf 84' lang='lat' dir='ltr'><strong>Laurentius</strong></span> <span class='ocrx_word' id='word_1_444' title='bbox 1901 1581 2043 1620; x_wconf 88' lang='lat' dir='ltr'><strong>Surius</strong></span> <span class='ocrx_word' id='word_1_445' title='bbox 2059 1579 2107 1619; x_wconf 87' lang='lat' dir='ltr'><strong>ad</strong></span> 
     </span>
     <span class='ocr_line' id='line_1_72' title="bbox 1146 1645 2112 1700; baseline -0.007 -11"><span class='ocrx_word' id='word_1_446' title='bbox 1146 1651 1252 1689; x_wconf 87' lang='lat' dir='ltr'><strong>diem</strong></span> <span class='ocrx_word' id='word_1_447' title='bbox 1285 1649 1347 1689; x_wconf 86' lang='grc'><strong>42.</strong></span> <span class='ocrx_word' id='word_1_448' title='bbox 1377 1648 1493 1700; x_wconf 69' lang='lat' dir='ltr'><strong>Maii,</strong></span> <span class='ocrx_word' id='word_1_449' title='bbox 1519 1646 1625 1686; x_wconf 85' lang='lat' dir='ltr'><strong>unde</strong></span> <span class='ocrx_word' id='word_1_450' title='bbox 1655 1650 1793 1697; x_wconf 86' lang='lat' dir='ltr'><strong>postea</strong></span> <span class='ocrx_word' id='word_1_451' title='bbox 1819 1645 1962 1695; x_wconf 85' lang='lat' dir='ltr'><strong>legitur</strong></span> <span class='ocrx_word' id='word_1_452' title='bbox 1992 1647 2112 1682; x_wconf 87' lang='lat' dir='ltr'><strong>etiam</strong></span> 
     </span>
     <span class='ocr_line' id='line_1_73' title="bbox 1147 1708 2115 1759; baseline -0.007 -7"><span class='ocrx_word' id='word_1_453' title='bbox 1147 1715 1185 1752; x_wconf 94' lang='lat' dir='ltr'><strong>in</strong></span> <span class='ocrx_word' id='word_1_454' title='bbox 1216 1713 1328 1752; x_wconf 82' lang='lat' dir='ltr'><strong>Actis</strong></span> <span class='ocrx_word' id='word_1_455' title='bbox 1358 1713 1538 1751; x_wconf 81' lang='lat' dir='ltr'><strong>Sanctor.</strong></span> <span class='ocrx_word' id='word_1_456' title='bbox 1570 1715 1668 1748; x_wconf 90' lang='lat' dir='ltr'><strong>tom.</strong></span> <span class='ocrx_word' id='word_1_457' title='bbox 1695 1710 1732 1748; x_wconf 90' lang='lat'><strong>3.</strong></span> <span class='ocrx_word' id='word_1_458' title='bbox 1757 1708 1848 1759; x_wconf 84' lang='lat' dir='ltr'><strong>Maji</strong></span> <span class='ocrx_word' id='word_1_459' title='bbox 1876 1709 1937 1747; x_wconf 88' lang='grc'><strong>42.</strong></span> <span class='ocrx_word' id='word_1_460' title='bbox 1967 1719 2052 1759; x_wconf 89' lang='lat' dir='ltr'><strong>pag.</strong></span> <span class='ocrx_word' id='word_1_461' title='bbox 2077 1708 2115 1746; x_wconf 91' lang='lat'><strong>9.</strong></span> 
     </span>
     <span class='ocr_line' id='line_1_74' title="bbox 1148 1771 2117 1828; baseline -0.006 -13"><span class='ocrx_word' id='word_1_462' title='bbox 1148 1788 1232 1828; x_wconf 91' lang='lat' dir='ltr'><strong>seq.</strong></span> <span class='ocrx_word' id='word_1_463' title='bbox 1265 1779 1303 1814; x_wconf 92' lang='lat' dir='ltr'><strong>in</strong></span> <span class='ocrx_word' id='word_1_464' title='bbox 1335 1775 1451 1814; x_wconf 89' lang='lat' dir='ltr'><strong>Actis</strong></span> <span class='ocrx_word' id='word_1_465' title='bbox 1481 1774 1548 1813; x_wconf 91' lang='lat' dir='ltr'><strong>SS.</strong></span> <span class='ocrx_word' id='word_1_466' title='bbox 1577 1774 1693 1813; x_wconf 73' lang='lat' dir='ltr'><strong>Nerei</strong></span> <span class='ocrx_word' id='word_1_467' title='bbox 1723 1776 1763 1810; x_wconf 87' lang='lat' dir='ltr'><strong>et</strong></span> <span class='ocrx_word' id='word_1_468' title='bbox 1804 1771 1983 1810; x_wconf 86' lang='lat' dir='ltr'><strong>Achillei.</strong></span> <span class='ocrx_word' id='word_1_469' title='bbox 2016 1771 2117 1821; x_wconf 91' lang='lat' dir='ltr'><strong>Sup-</strong></span> 
     </span>
     <span class='ocr_line' id='line_1_75' title="bbox 1153 1834 2118 1891; baseline -0.007 -13"><span class='ocrx_word' id='word_1_470' title='bbox 1153 1840 1292 1891; x_wconf 87' lang='lat' dir='ltr'><strong>positis</strong></span> <span class='ocrx_word' id='word_1_471' title='bbox 1321 1837 1552 1877; x_wconf 86' lang='lat' dir='ltr'><strong>adscribent</strong></span> <span class='ocrx_word' id='word_1_472' title='bbox 1579 1836 1810 1887; x_wconf 89' lang='lat' dir='ltr'><strong>quicunque</strong></span> <span class='ocrx_word' id='word_1_473' title='bbox 1836 1838 1988 1873; x_wconf 85' lang='lat' dir='ltr'><strong>attente</strong></span> <span class='ocrx_word' id='word_1_474' title='bbox 2013 1834 2118 1884; x_wconf 86' lang='lat' dir='ltr'><strong>lege-</strong></span> 
     </span>
     <span class='ocr_line' id='line_1_76' title="bbox 1157 1896 2119 1943; baseline -0.007 -3"><span class='ocrx_word' id='word_1_475' title='bbox 1157 1903 1235 1940; x_wconf 89' lang='lat' dir='ltr'><strong>rint</strong></span> <span class='ocrx_word' id='word_1_476' title='bbox 1261 1901 1454 1940; x_wconf 85' lang='lat' dir='ltr'><strong>universi.</strong></span> <span class='ocrx_word' id='word_1_477' title='bbox 1482 1899 1579 1937; x_wconf 66' lang='lat' dir='ltr'><strong>Vide</strong></span> <span class='ocrx_word' id='word_1_478' title='bbox 1601 1898 1821 1936; x_wconf 88' lang='lat' dir='ltr'><strong>Jobannem</strong></span> <span class='ocrx_word' id='word_1_479' title='bbox 1850 1896 2023 1943; x_wconf 82' lang='lat' dir='ltr'><strong>Hessels,</strong></span> <span class='ocrx_word' id='word_1_480' title='bbox 2051 1897 2119 1934; x_wconf 88' lang='lat' dir='ltr'><strong>Lo-</strong></span> 
     </span>
     <span class='ocr_line' id='line_1_77' title="bbox 1154 1958 2117 2009; baseline -0.005 -8"><span class='ocrx_word' id='word_1_481' title='bbox 1154 1966 1388 2003; x_wconf 88' lang='lat' dir='ltr'><strong>vaniensem</strong></span> <span class='ocrx_word' id='word_1_482' title='bbox 1414 1962 1618 2001; x_wconf 88' lang='lat' dir='ltr'><strong>doctorem</strong></span> <span class='ocrx_word' id='word_1_483' title='bbox 1645 1962 1682 1999; x_wconf 90' lang='lat' dir='ltr'><strong>in</strong></span> <span class='ocrx_word' id='word_1_484' title='bbox 1709 1971 1879 1999; x_wconf 89' lang='lat' dir='ltr'><strong>censura</strong></span> <span class='ocrx_word' id='word_1_485' title='bbox 1904 1959 1953 1997; x_wconf 89' lang='lat' dir='ltr'><strong>de</strong></span> <span class='ocrx_word' id='word_1_486' title='bbox 1974 1958 2117 2009; x_wconf 90' lang='lat' dir='ltr'><strong>quibu-</strong></span> 
     </span>
     <span class='ocr_line' id='line_1_78' title="bbox 1153 2021 2117 2074; baseline -0.006 -8"><span class='ocrx_word' id='word_1_487' title='bbox 1153 2027 1266 2067; x_wconf 88' lang='lat' dir='ltr'><strong>sdam</strong></span> <span class='ocrx_word' id='word_1_488' title='bbox 1294 2030 1523 2066; x_wconf 88' lang='lat' dir='ltr'><strong>sanctorum</strong></span> <span class='ocrx_word' id='word_1_489' title='bbox 1544 2025 1719 2063; x_wconf 89' lang='lat' dir='ltr'><strong>historiis</strong></span> <span class='ocrx_word' id='word_1_490' title='bbox 1737 2035 1821 2074; x_wconf 90' lang='lat' dir='ltr'><strong>cap.</strong></span> <span class='ocrx_word' id='word_1_491' title='bbox 1849 2023 1884 2061; x_wconf 89' lang='lat'><strong>6.</strong></span> <span class='ocrx_word' id='word_1_492' title='bbox 1909 2021 2117 2061; x_wconf 89' lang='lat' dir='ltr'><strong>Hensche-</strong></span> 
     </span>
     <span class='ocr_line' id='line_1_79' title="bbox 1153 2084 2119 2137; baseline -0.006 -8"><span class='ocrx_word' id='word_1_493' title='bbox 1153 2092 1264 2130; x_wconf 90' lang='lat' dir='ltr'><strong>nium</strong></span> <span class='ocrx_word' id='word_1_494' title='bbox 1290 2095 1384 2128; x_wconf 85' lang='lat' dir='ltr'><strong>tom.</strong></span> <span class='ocrx_word' id='word_1_495' title='bbox 1417 2090 1451 2128; x_wconf 88' lang='lat'><strong>3.</strong></span> <span class='ocrx_word' id='word_1_496' title='bbox 1482 2088 1674 2127; x_wconf 82' lang='lat' dir='ltr'><strong>Actorum</strong></span> <span class='ocrx_word' id='word_1_497' title='bbox 1705 2086 1793 2136; x_wconf 78' lang='lat' dir='ltr'><strong>Maji</strong></span> <span class='ocrx_word' id='word_1_498' title='bbox 1826 2098 1914 2137; x_wconf 87' lang='lat' dir='ltr'><strong>pag.</strong></span> <span class='ocrx_word' id='word_1_499' title='bbox 1948 2087 2010 2124; x_wconf 92' lang='grc'><strong>40.</strong></span> <span class='ocrx_word' id='word_1_500' title='bbox 2040 2084 2119 2123; x_wconf 92' lang='lat' dir='ltr'><strong>Til-</strong></span> 
     </span>
     <span class='ocr_line' id='line_1_80' title="bbox 1151 2148 2116 2193; baseline -0.006 -1"><span class='ocrx_word' id='word_1_501' title='bbox 1151 2154 1386 2193; x_wconf 88' lang='lat' dir='ltr'><strong>lemontium</strong></span> <span class='ocrx_word' id='word_1_502' title='bbox 1419 2156 1514 2190; x_wconf 90' lang='lat' dir='ltr'><strong>tom.</strong></span> <span class='ocrx_word' id='word_1_503' title='bbox 1547 2153 1582 2190; x_wconf 92' lang='grc'><strong>4.</strong></span> <span class='ocrx_word' id='word_1_504' title='bbox 1614 2161 1784 2189; x_wconf 88' lang='lat' dir='ltr'><strong>memor.</strong></span> <span class='ocrx_word' id='word_1_505' title='bbox 1815 2148 1921 2187; x_wconf 87' lang='lat' dir='ltr'><strong>Hist.</strong></span> <span class='ocrx_word' id='word_1_506' title='bbox 1964 2148 2116 2188; x_wconf 90' lang='lat' dir='ltr'><strong>Eccles.</strong></span> 
     </span>
     <span class='ocr_line' id='line_1_81' title="bbox 1151 2211 2117 2268; baseline -0.006 -13"><span class='ocrx_word' id='word_1_507' title='bbox 1151 2228 1242 2268; x_wconf 88' lang='lat' dir='ltr'><strong>pag.</strong></span> <span class='ocrx_word' id='word_1_508' title='bbox 1274 2217 1362 2254; x_wconf 77' lang='lat'><strong>498.</strong></span> <span class='ocrx_word' id='word_1_509' title='bbox 1394 2220 1434 2254; x_wconf 89' lang='lat' dir='ltr'><strong>et</strong></span> <span class='ocrx_word' id='word_1_510' title='bbox 1463 2214 1554 2253; x_wconf 91' lang='grc'>784.</span> <span class='ocrx_word' id='word_1_511' title='bbox 1601 2224 1685 2263; x_wconf 83' lang='lat' dir='ltr'><strong>seq.</strong></span> <span class='ocrx_word' id='word_1_512' title='bbox 1731 2212 1852 2250; x_wconf 90' lang='lat' dir='ltr'><strong>Gerh.</strong></span> <span class='ocrx_word' id='word_1_513' title='bbox 1895 2211 2117 2250; x_wconf 79' lang='lat' dir='ltr'><strong>Iohannem</strong></span> 
     </span>
     <span class='ocr_line' id='line_1_82' title="bbox 1153 2275 2117 2326; baseline -0.008 -7"><span class='ocrx_word' id='word_1_514' title='bbox 1153 2281 1338 2319; x_wconf 79' lang='lat' dir='ltr'><strong>Vossium</strong></span> <span class='ocrx_word' id='word_1_515' title='bbox 1371 2278 1420 2317; x_wconf 89' lang='lat' dir='ltr'><strong>de</strong></span> <span class='ocrx_word' id='word_1_516' title='bbox 1460 2278 1658 2316; x_wconf 85' lang='lat' dir='ltr'><strong>historicis</strong></span> <span class='ocrx_word' id='word_1_517' title='bbox 1700 2276 1836 2314; x_wconf 85' lang='lat' dir='ltr'><strong>latinis</strong></span> <span class='ocrx_word' id='word_1_518' title='bbox 1866 2276 1930 2314; x_wconf 92' lang='lat' dir='ltr'><strong>lib.</strong></span> <span class='ocrx_word' id='word_1_519' title='bbox 1963 2275 1998 2314; x_wconf 90' lang='lat'><strong>3.</strong></span> <span class='ocrx_word' id='word_1_520' title='bbox 2030 2286 2117 2326; x_wconf 85' lang='lat' dir='ltr'><strong>pag.</strong></span> 
     </span>
     <span class='ocr_line' id='line_1_83' title="bbox 1150 2337 2121 2391; baseline -0.006 -10"><span class='ocrx_word' id='word_1_521' title='bbox 1150 2343 1240 2382; x_wconf 89' lang='grc'>736.</span> <span class='ocrx_word' id='word_1_522' title='bbox 1293 2343 1338 2381; x_wconf 89' lang='lat' dir='ltr'><strong>D.</strong></span> <span class='ocrx_word' id='word_1_523' title='bbox 1387 2342 1577 2391; x_wconf 77' lang='lat' dir='ltr'><strong>Ittigum‚</strong></span> <span class='ocrx_word' id='word_1_524' title='bbox 1621 2338 1838 2390; x_wconf 85' lang='lat' dir='ltr'><strong>appendice</strong></span> <span class='ocrx_word' id='word_1_525' title='bbox 1886 2338 1934 2377; x_wconf 90' lang='lat' dir='ltr'><strong>de</strong></span> <span class='ocrx_word' id='word_1_526' title='bbox 1984 2337 2121 2376; x_wconf 83' lang='lat' dir='ltr'><strong>haere-</strong></span> 
     </span>
     <span class='ocr_line' id='line_1_84' title="bbox 1154 2400 2119 2455; baseline -0.009 -10"><span class='ocrx_word' id='word_1_527' title='bbox 1154 2405 1300 2445; x_wconf 85' lang='lat' dir='ltr'><strong>siarch.</strong></span> <span class='ocrx_word' id='word_1_528' title='bbox 1341 2416 1428 2455; x_wconf 89' lang='lat' dir='ltr'><strong>pag.</strong></span> <span class='ocrx_word' id='word_1_529' title='bbox 1460 2404 1495 2440; x_wconf 81' lang='lat'><strong>8.</strong></span> <span class='ocrx_word' id='word_1_530' title='bbox 1528 2413 1610 2452; x_wconf 87' lang='lat' dir='ltr'><strong>seq.</strong></span> <span class='ocrx_word' id='word_1_531' title='bbox 1642 2406 1682 2439; x_wconf 89' lang='lat' dir='ltr'><strong>et</strong></span> <span class='ocrx_word' id='word_1_532' title='bbox 1721 2401 1817 2440; x_wconf 90' lang='lat' dir='ltr'><strong>diss.</strong></span> <span class='ocrx_word' id='word_1_533' title='bbox 1849 2400 1897 2439; x_wconf 89' lang='lat' dir='ltr'><strong>de</strong></span> <span class='ocrx_word' id='word_1_534' title='bbox 1940 2400 2119 2452; x_wconf 86' lang='lat' dir='ltr'><strong>patribus</strong></span> 
     </span>
     <span class='ocr_line' id='line_1_85' title="bbox 1152 2464 2120 2519; baseline -0.008 -12"><span class='ocrx_word' id='word_1_535' title='bbox 1152 2468 1390 2519; x_wconf 85' lang='lat' dir='ltr'><strong>Apostolicis</strong></span> <span class='ocrx_word' id='word_1_536' title='bbox 1421 2477 1506 2517; x_wconf 90' lang='lat' dir='ltr'><strong>pag.</strong></span> <span class='ocrx_word' id='word_1_537' title='bbox 1535 2467 1595 2503; x_wconf 91' lang='lat'><strong>55.</strong></span> <span class='ocrx_word' id='word_1_538' title='bbox 1625 2475 1696 2514; x_wconf 87' lang='lat' dir='ltr'><strong>seq</strong></span> <span class='ocrx_word' id='word_1_539' title='bbox 1732 2464 1796 2502; x_wconf 89' lang='lat' dir='ltr'><strong>ubi</strong></span> <span class='ocrx_word' id='word_1_540' title='bbox 1823 2465 1942 2502; x_wconf 87' lang='lat' dir='ltr'><strong>etiam</strong></span> <span class='ocrx_word' id='word_1_541' title='bbox 1970 2473 2120 2501; x_wconf 84' lang='lat' dir='ltr'><strong>memo-</strong></span> 
     </span>
     <span class='ocr_line' id='line_1_86' title="bbox 1156 2525 2116 2580; baseline -0.009 -10"><span class='ocrx_word' id='word_1_542' title='bbox 1156 2536 1216 2570; x_wconf 90' lang='lat' dir='ltr'><strong>rat</strong></span> <span class='ocrx_word' id='word_1_543' title='bbox 1231 2530 1507 2580; x_wconf 85' lang='lat' dir='ltr'><strong>supposititias</strong></span> <span class='ocrx_word' id='word_1_544' title='bbox 1525 2527 1781 2567; x_wconf 82' lang='lat' dir='ltr'><strong>EUTYCHIS</strong></span> <span class='ocrx_word' id='word_1_545' title='bbox 1800 2525 2054 2565; x_wconf 69' lang='lat' dir='ltr'><strong>vaomM</strong></span> <span class='ocrx_word' id='word_1_546' title='bbox 2076 2528 2116 2561; x_wconf 79' lang='lat' dir='ltr'><strong>et</strong></span> 
     </span>
     <span class='ocr_line' id='line_1_87' title="bbox 1155 2588 2119 2637; baseline -0.009 -5"><span class='ocrx_word' id='word_1_547' title='bbox 1155 2593 1310 2632; x_wconf 72' lang='lat' dir='ltr'><strong>MANIS</strong></span> <span class='ocrx_word' id='word_1_548' title='bbox 1353 2591 1400 2629; x_wconf 87' lang='lat' dir='ltr'><strong>ad</strong></span> <span class='ocrx_word' id='word_1_549' title='bbox 1447 2590 1679 2628; x_wconf 83' lang='lat' dir='ltr'><strong>Marcellum</strong></span> <span class='ocrx_word' id='word_1_550' title='bbox 1728 2589 1862 2626; x_wconf 84' lang='lat' dir='ltr'><strong>literas</strong></span> <span class='ocrx_word' id='word_1_551' title='bbox 1881 2618 1891 2634; x_wconf 91' lang='lat'><em>‚</em></span> <span class='ocrx_word' id='word_1_552' title='bbox 1936 2598 2038 2637; x_wconf 83' lang='lat' dir='ltr'><strong>quae</strong></span> <span class='ocrx_word' id='word_1_553' title='bbox 2081 2588 2119 2623; x_wconf 92' lang='lat' dir='ltr'><strong>in</strong></span> 
     </span>
     <span class='ocr_line' id='line_1_88' title="bbox 1157 2648 2117 2693; baseline -0.006 -1"><span class='ocrx_word' id='word_1_554' title='bbox 1157 2656 1266 2693; x_wconf 77' lang='lat' dir='ltr'><strong>Actis</strong></span> <span class='ocrx_word' id='word_1_555' title='bbox 1288 2653 1437 2692; x_wconf 73' lang='lat' dir='ltr'><strong>NEREI</strong></span> <span class='ocrx_word' id='word_1_556' title='bbox 1463 2656 1503 2689; x_wconf 86' lang='lat' dir='ltr'><strong>et</strong></span> <span class='ocrx_word' id='word_1_557' title='bbox 1528 2649 1765 2690; x_wconf 83' lang='lat' dir='ltr'><strong>ACHILLEI</strong></span> <span class='ocrx_word' id='word_1_558' title='bbox 1789 2649 2043 2691; x_wconf 74' lang='lat' dir='ltr'><strong>exhibentur.</strong></span> <span class='ocrx_word' id='word_1_559' title='bbox 2069 2648 2117 2686; x_wconf 85' lang='lat' dir='ltr'><strong>de</strong></span> 
     </span>
     <span class='ocr_line' id='line_1_89' title="bbox 1157 2710 2118 2767; baseline -0.008 -12"><span class='ocrx_word' id='word_1_560' title='bbox 1157 2717 1305 2767; x_wconf 89' lang='lat' dir='ltr'><strong>quibus</strong></span> <span class='ocrx_word' id='word_1_561' title='bbox 1337 2714 1628 2765; x_wconf 82' lang='lat' dir='ltr'><strong>Papebrochius</strong></span> <span class='ocrx_word' id='word_1_562' title='bbox 1659 2718 1754 2750; x_wconf 89' lang='lat' dir='ltr'><strong>tom.</strong></span> <span class='ocrx_word' id='word_1_563' title='bbox 1786 2713 1822 2750; x_wconf 87' lang='lat'><strong>7.</strong></span> <span class='ocrx_word' id='word_1_564' title='bbox 1848 2712 1941 2750; x_wconf 78' lang='lat' dir='ltr'><strong>Act.</strong></span> <span class='ocrx_word' id='word_1_565' title='bbox 1968 2710 2053 2760; x_wconf 83' lang='lat' dir='ltr'><strong>Maji</strong></span> <span class='ocrx_word' id='word_1_566' title='bbox 2081 2712 2118 2748; x_wconf 91' lang='lat' dir='ltr'><strong>in</strong></span> 
     </span>
     <span class='ocr_line' id='line_1_90' title="bbox 1156 2773 2121 2826; baseline -0.006 -9"><span class='ocrx_word' id='word_1_567' title='bbox 1156 2777 1351 2817; x_wconf 80' lang='lat' dir='ltr'><strong>addendis</strong></span> <span class='ocrx_word' id='word_1_568' title='bbox 1382 2777 1428 2816; x_wconf 84' lang='lat' dir='ltr'><strong>ad</strong></span> <span class='ocrx_word' id='word_1_569' title='bbox 1463 2777 1523 2815; x_wconf 86' lang='lat' dir='ltr'><strong>illa</strong></span> <span class='ocrx_word' id='word_1_570' title='bbox 1555 2781 1641 2815; x_wconf 86' lang='lat' dir='ltr'><strong>acta</strong></span> <span class='ocrx_word' id='word_1_571' title='bbox 1664 2789 1671 2814; x_wconf 90' lang='grc'>;</span> <span class='ocrx_word' id='word_1_572' title='bbox 1695 2775 1868 2826; x_wconf 71' lang='lat' dir='ltr'><strong>Finyunt</strong></span> <span class='ocrx_word' id='word_1_573' title='bbox 1885 2774 2003 2812; x_wconf 82' lang='lat' dir='ltr'><strong>etiam</strong></span> <span class='ocrx_word' id='word_1_574' title='bbox 2029 2773 2121 2825; x_wconf 84' lang='lat' dir='ltr'><strong>Epi-</strong></span> 
     </span>
     <span class='ocr_line' id='line_1_91' title="bbox 1156 2837 2119 2888; baseline -0.006 -8"><span class='ocrx_word' id='word_1_575' title='bbox 1156 2841 1276 2880; x_wconf 77' lang='lat' dir='ltr'><strong>stolas</strong></span> <span class='ocrx_word' id='word_1_576' title='bbox 1305 2839 1359 2879; x_wconf 84' lang='lat' dir='ltr'><strong>ad</strong></span> <span class='ocrx_word' id='word_1_577' title='bbox 1388 2840 1508 2878; x_wconf 79' lang='lat' dir='ltr'><strong>istum</strong></span> <span class='ocrx_word' id='word_1_578' title='bbox 1539 2839 1791 2888; x_wconf 68' lang='lat' dir='ltr'><strong>(Marcellum)</strong></span> <span class='ocrx_word' id='word_1_579' title='bbox 1823 2839 1846 2875; x_wconf 85' lang='grc' dir='ltr'>ἀ</span> <span class='ocrx_word' id='word_1_580' title='bbox 1878 2837 2034 2876; x_wconf 81' lang='lat' dir='ltr'><strong>Sanctis</strong></span> <span class='ocrx_word' id='word_1_581' title='bbox 2063 2848 2119 2875; x_wconf 70' lang='lat' dir='ltr'><strong>em</strong></span> 
     </span>
     <span class='ocr_line' id='line_1_92' title="bbox 1159 2898 2119 2943; baseline -0.005 0"><span class='ocrx_word' id='word_1_582' title='bbox 1159 2903 1289 2943; x_wconf 81' lang='lat' dir='ltr'><strong>insula</strong></span> <span class='ocrx_word' id='word_1_583' title='bbox 1317 2903 1454 2942; x_wconf 81' lang='lat' dir='ltr'><strong>Pontia</strong></span> <span class='ocrx_word' id='word_1_584' title='bbox 1484 2906 1522 2941; x_wconf 79' lang='lat' dir='ltr'><strong>et</strong></span> <span class='ocrx_word' id='word_1_585' title='bbox 1539 2900 1590 2939; x_wconf 84' lang='lat' dir='ltr'><strong>ab</strong></span> <span class='ocrx_word' id='word_1_586' title='bbox 1616 2900 1684 2940; x_wconf 79' lang='lat' dir='ltr'><strong>hoc</strong></span> <span class='ocrx_word' id='word_1_587' title='bbox 1713 2899 1768 2938; x_wconf 76' lang='grc' dir='ltr'><strong>αιΙ</strong></span> <span class='ocrx_word' id='word_1_588' title='bbox 1796 2899 1880 2938; x_wconf 80' lang='lat' dir='ltr'><strong>illos</strong></span> <span class='ocrx_word' id='word_1_589' title='bbox 1918 2899 2034 2938; x_wconf 82' lang='lat' dir='ltr'><strong>(latas</strong></span> <span class='ocrx_word' id='word_1_590' title='bbox 2073 2898 2119 2938; x_wconf 83' lang='lat' dir='ltr'><strong>de</strong></span> 
     </span>
     <span class='ocr_line' id='line_1_93' title="bbox 1158 2962 2118 3016; baseline -0.009 -9"><span class='ocrx_word' id='word_1_591' title='bbox 1158 2966 1328 3007; x_wconf 77' lang='lat' dir='ltr'><strong>Simonis</strong></span> <span class='ocrx_word' id='word_1_592' title='bbox 1354 2965 1463 3016; x_wconf 68' lang='lat' dir='ltr'><strong>Maqi</strong></span> <span class='ocrx_word' id='word_1_593' title='bbox 1478 2969 1516 3003; x_wconf 79' lang='lat' dir='ltr'><strong>et</strong></span> <span class='ocrx_word' id='word_1_594' title='bbox 1531 2964 1640 3003; x_wconf 77' lang='lat' dir='ltr'><strong>Petri</strong></span> <span class='ocrx_word' id='word_1_595' title='bbox 1659 2964 1684 3002; x_wconf 76' lang='grc'><strong>,4</strong></span> <span class='ocrx_word' id='word_1_596' title='bbox 1693 2962 1835 3015; x_wconf 79' lang='lat' dir='ltr'><strong>postoli</strong></span> <span class='ocrx_word' id='word_1_597' title='bbox 1857 2962 2118 3010; x_wconf 62' lang='lat' dir='ltr'><strong>conventione,</strong></span> 
     </span>
     <span class='ocr_line' id='line_1_94' title="bbox 1161 3023 2120 3081; baseline -0.007 -12"><span class='ocrx_word' id='word_1_598' title='bbox 1161 3030 1408 3081; x_wconf 62' lang='lat' dir='ltr'><strong>argumentis</strong></span> <span class='ocrx_word' id='word_1_599' title='bbox 1428 3040 1483 3067; x_wconf 71' lang='lat' dir='ltr'><strong>em</strong></span> <span class='ocrx_word' id='word_1_600' title='bbox 1505 3027 1716 3079; x_wconf 66' lang='lat' dir='ltr'><strong>Ileqeszppz&#39;</strong></span> <span class='ocrx_word' id='word_1_601' title='bbox 1729 3025 1837 3077; x_wconf 75' lang='lat' dir='ltr'><strong>apud</strong></span> <span class='ocrx_word' id='word_1_602' title='bbox 1852 3025 2015 3064; x_wconf 81' lang='lat' dir='ltr'><strong>Surium</strong></span> <span class='ocrx_word' id='word_1_603' title='bbox 2031 3023 2120 3076; x_wconf 80' lang='lat' dir='ltr'><strong>sra-</strong></span> 
     </span>
     <span class='ocr_line' id='line_1_95' title="bbox 1157 3086 2119 3146; baseline -0.008 -14"><span class='ocrx_word' id='word_1_604' title='bbox 1157 3097 1311 3146; x_wconf 74' lang='lat' dir='ltr'><strong>9mento</strong></span> <span class='ocrx_word' id='word_1_605' title='bbox 1341 3092 1581 3142; x_wconf 74' lang='lat' dir='ltr'><strong>desumptis,</strong></span> <span class='ocrx_word' id='word_1_606' title='bbox 1612 3101 1713 3141; x_wconf 75' lang='lat' dir='ltr'><strong>quas</strong></span> <span class='ocrx_word' id='word_1_607' title='bbox 1747 3086 1950 3138; x_wconf 75' lang='lat' dir='ltr'><strong>Epistolas</strong></span> <span class='ocrx_word' id='word_1_608' title='bbox 1981 3087 2119 3125; x_wconf 79' lang='lat' dir='ltr'><strong>merito</strong></span> 
     </span>
     <span class='ocr_line' id='line_1_96' title="bbox 1162 3156 1363 3210; baseline -0.01 -14"><span class='ocrx_word' id='word_1_609' title='bbox 1162 3156 1363 3210; x_wconf 67' lang='lat' dir='ltr'><strong>explodes.</strong></span> 
     </span>
    </p>

    <p class='ocr_par' dir='ltr' id='par_1_14' title="bbox 1163 3217 2118 3456">
     <span class='ocr_line' id='line_1_97' title="bbox 1215 3217 2118 3268; baseline -0.009 -10"><span class='ocrx_word' id='word_1_610' title='bbox 1215 3220 1375 3268; x_wconf 79' lang='lat' dir='ltr'><strong>Reliqua</strong></span> <span class='ocrx_word' id='word_1_611' title='bbox 1408 3217 1614 3262; x_wconf 61' lang='lat' dir='ltr'><strong>sigeberto</strong></span> <span class='ocrx_word' id='word_1_612' title='bbox 1646 3219 1860 3253; x_wconf 82' lang='lat' dir='ltr'><strong>memorata</strong></span> <span class='ocrx_word' id='word_1_613' title='bbox 1884 3219 1991 3262; x_wconf 60' lang='lat' dir='ltr'><strong>sunt</strong></span> <span class='ocrx_word' id='word_1_614' title='bbox 2016 3226 2118 3264; x_wconf 78' lang='lat' dir='ltr'><strong>quae</strong></span> 
     </span>
     <span class='ocr_line' id='line_1_98' title="bbox 1163 3277 2115 3321; baseline -0.006 0"><span class='ocrx_word' id='word_1_615' title='bbox 1163 3284 1291 3321; x_wconf 87' lang='lat' dir='ltr'><strong>omnia</strong></span> <span class='ocrx_word' id='word_1_616' title='bbox 1325 3282 1360 3318; x_wconf 90' lang='lat' dir='ltr'><strong>in</strong></span> <span class='ocrx_word' id='word_1_617' title='bbox 1392 3279 1528 3317; x_wconf 77' lang='lat' dir='ltr'><strong>eadem</strong></span> <span class='ocrx_word' id='word_1_618' title='bbox 1560 3277 1606 3316; x_wconf 87' lang='lat' dir='ltr'><strong>ad</strong></span> <span class='ocrx_word' id='word_1_619' title='bbox 1632 3279 1802 3317; x_wconf 70' lang='lat' dir='ltr'><strong>Nereum</strong></span> <span class='ocrx_word' id='word_1_620' title='bbox 1828 3282 1867 3315; x_wconf 85' lang='lat' dir='ltr'><strong>et</strong></span> <span class='ocrx_word' id='word_1_621' title='bbox 1893 3277 2115 3316; x_wconf 72' lang='lat' dir='ltr'><strong>Achilleum</strong></span> 
     </span>
     <span class='ocr_line' id='line_1_99' title="bbox 1165 3339 2118 3394; baseline -0.004 -12"><span class='ocrx_word' id='word_1_622' title='bbox 1165 3343 1337 3394; x_wconf 75' lang='lat' dir='ltr'><strong>Epistola</strong></span> <span class='ocrx_word' id='word_1_623' title='bbox 1366 3343 1578 3388; x_wconf 76' lang='lat' dir='ltr'><strong>leguntur:</strong></span> <span class='ocrx_word' id='word_1_624' title='bbox 1603 3340 1662 3379; x_wconf 89' lang='lat' dir='ltr'><strong>De</strong></span> <span class='ocrx_word' id='word_1_625' title='bbox 1685 3339 1793 3378; x_wconf 78' lang='lat' dir='ltr'><strong>obitu</strong></span> <span class='ocrx_word' id='word_1_626' title='bbox 1815 3341 1853 3379; x_wconf 89' lang='lat' dir='ltr'><strong>S.</strong></span> <span class='ocrx_word' id='word_1_627' title='bbox 1883 3339 2118 3378; x_wconf 75' lang='lat' dir='ltr'><strong>Petronillcie</strong></span> 
     </span>
     <span class='ocr_line' id='line_1_100' title="bbox 1175 3403 2116 3456; baseline -0.003 -11"><span class='ocrx_word' id='word_1_628' title='bbox 1175 3405 1369 3456; x_wconf 76' lang='lat' dir='ltr'><strong>Viryinis‚</strong></span> <span class='ocrx_word' id='word_1_629' title='bbox 1402 3405 1515 3444; x_wconf 75' lang='lat' dir='ltr'><strong>Filiae</strong></span> <span class='ocrx_word' id='word_1_630' title='bbox 1547 3406 1585 3443; x_wconf 90' lang='lat' dir='ltr'><strong>B.</strong></span> <span class='ocrx_word' id='word_1_631' title='bbox 1618 3405 1718 3443; x_wconf 74' lang='lat' dir='ltr'><strong>Petri</strong></span> <span class='ocrx_word' id='word_1_632' title='bbox 1745 3403 1942 3454; x_wconf 74' lang='lat' dir='ltr'><strong>Apostoli:</strong></span> <span class='ocrx_word' id='word_1_633' title='bbox 1973 3404 2116 3443; x_wconf 66' lang='lat' dir='ltr'><strong>Confer</strong></span> 
     </span>
    </p>
   </div>
  </div>
 </body>
</html>
