<?xml version="1.0" encoding="UTF-8"?>
<!DOCTYPE html PUBLIC "-//W3C//DTD XHTML 1.0 Transitional//EN"
    "http://www.w3.org/TR/xhtml1/DTD/xhtml1-transitional.dtd">
<html xmlns="http://www.w3.org/1999/xhtml" xml:lang="en" lang="en">
 <head>
  <title>
</title>
<meta http-equiv="Content-Type" content="text/html;charset=utf-8" />
  <meta name='ocr-system' content='tesseract 3.04.00' />
  <meta name='ocr-capabilities' content='ocr_page ocr_carea ocr_par ocr_line ocrx_word'/>
</head>
<body>
  <div class='ocr_page' id='page_1' title='image "./bibliothecalatin05fabruoft/bibliothecalatin05fabruoft_0353.png"; bbox 0 0 2517 4009; ppageno 0'>
   <div class='ocr_carea' id='block_1_1' title="bbox 0 1413 43 4009">
    <p class='ocr_par' dir='ltr' id='par_1_1' title="bbox 0 1413 43 4009">
     <span class='ocr_line' id='line_1_1' title="bbox 0 1413 43 4009; baseline 0 0"><span class='ocrx_word' id='word_1_1' title='bbox 0 1413 43 4009; x_wconf 95' lang='lat' dir='ltr'><strong> </strong></span> 
     </span>
    </p>
   </div>
   <div class='ocr_carea' id='block_1_2' title="bbox 837 279 1277 319">
    <p class='ocr_par' dir='ltr' id='par_1_2' title="bbox 837 279 1277 319">
     <span class='ocr_line' id='line_1_2' title="bbox 837 279 1277 319; baseline 0 -1"><span class='ocrx_word' id='word_1_2' title='bbox 837 279 1277 319; x_wconf 73' lang='lat' dir='ltr'><strong>iiAlNALnUs</strong></span> 
     </span>
    </p>
   </div>
   <div class='ocr_carea' id='block_1_3' title="bbox 0 346 1036 3426">
    <p class='ocr_par' dir='ltr' id='par_1_3' title="bbox 2 346 1022 830">
     <span class='ocr_line' id='line_1_3' title="bbox 63 346 1022 401; baseline 0.001 -13"><span class='ocrx_word' id='word_1_3' title='bbox 63 350 236 388; x_wconf 79' lang='lat' dir='ltr'><strong>monium</strong></span> <span class='ocrx_word' id='word_1_4' title='bbox 250 346 476 401; x_wconf 81' lang='lat' dir='ltr'><strong>juridicum</strong></span> <span class='ocrx_word' id='word_1_5' title='bbox 497 348 543 386; x_wconf 74' lang='lat' dir='ltr'><strong>(Ie</strong></span> <span class='ocrx_word' id='word_1_6' title='bbox 565 349 639 398; x_wconf 70' lang='lat' dir='ltr'><strong>iis,</strong></span> <span class='ocrx_word' id='word_1_7' title='bbox 663 361 765 400; x_wconf 79' lang='lat' dir='ltr'><strong>quae</strong></span> <span class='ocrx_word' id='word_1_8' title='bbox 796 351 954 391; x_wconf 79' lang='lat' dir='ltr'><strong>audivit</strong></span> <span class='ocrx_word' id='word_1_9' title='bbox 983 355 1022 390; x_wconf 93' lang='lat' dir='ltr'><strong>et</strong></span> 
     </span>
     <span class='ocr_line' id='line_1_4' title="bbox 2 409 1020 465; baseline 0.003 -15"><span class='ocrx_word' id='word_1_10' title='bbox 2 421 26 450; x_wconf 55' lang='grc' dir='ltr'><em>π</em></span> <span class='ocrx_word' id='word_1_11' title='bbox 60 410 163 451; x_wconf 86' lang='lat' dir='ltr'><strong>vidit</strong></span> <span class='ocrx_word' id='word_1_12' title='bbox 179 412 346 450; x_wconf 81' lang='lat' dir='ltr'><strong>vacante</strong></span> <span class='ocrx_word' id='word_1_13' title='bbox 371 409 459 448; x_wconf 86' lang='lat' dir='ltr'><strong>sede</strong></span> <span class='ocrx_word' id='word_1_14' title='bbox 496 409 720 461; x_wconf 78' lang='lat' dir='ltr'><strong>Apostolica</strong></span> <span class='ocrx_word' id='word_1_15' title='bbox 746 418 837 465; x_wconf 86' lang='lat' dir='ltr'><strong>post</strong></span> <span class='ocrx_word' id='word_1_16' title='bbox 872 413 1020 453; x_wconf 84' lang='lat' dir='ltr'><strong>obitum</strong></span> 
     </span>
     <span class='ocr_line' id='line_1_5' title="bbox 61 470 1018 523; baseline 0.003 -12"><span class='ocrx_word' id='word_1_17' title='bbox 61 472 247 523; x_wconf 74' lang='lat' dir='ltr'><strong>Greqorii</strong></span> <span class='ocrx_word' id='word_1_18' title='bbox 258 471 323 510; x_wconf 82' lang='lat' dir='ltr'><strong>XI.</strong></span> <span class='ocrx_word' id='word_1_19' title='bbox 345 470 473 522; x_wconf 80' lang='lat' dir='ltr'>Opera</span> <span class='ocrx_word' id='word_1_20' title='bbox 492 473 610 511; x_wconf 86' lang='lat' dir='ltr'><strong>etiarn</strong></span> <span class='ocrx_word' id='word_1_21' title='bbox 633 474 672 512; x_wconf 87' lang='lat' dir='ltr'><strong>S.</strong></span> <span class='ocrx_word' id='word_1_22' title='bbox 687 475 922 514; x_wconf 86' lang='lat' dir='ltr'><strong>Catharinae</strong></span> <span class='ocrx_word' id='word_1_23' title='bbox 942 487 1018 514; x_wconf 91' lang='lat' dir='ltr'><strong>non</strong></span> 
     </span>
     <span class='ocr_line' id='line_1_6' title="bbox 60 534 1020 584; baseline 0.003 -12"><span class='ocrx_word' id='word_1_24' title='bbox 60 534 190 574; x_wconf 91' lang='lat' dir='ltr'><strong>solum</strong></span> <span class='ocrx_word' id='word_1_25' title='bbox 207 545 256 572; x_wconf 88' lang='lat' dir='ltr'><strong>ex</strong></span> <span class='ocrx_word' id='word_1_26' title='bbox 283 534 417 584; x_wconf 85' lang='lat' dir='ltr'><strong>lingua</strong></span> <span class='ocrx_word' id='word_1_27' title='bbox 443 534 576 573; x_wconf 84' lang='lat' dir='ltr'><strong>Italica</strong></span> <span class='ocrx_word' id='word_1_28' title='bbox 603 537 638 573; x_wconf 90' lang='lat' dir='ltr'><strong>in</strong></span> <span class='ocrx_word' id='word_1_29' title='bbox 659 537 836 575; x_wconf 83' lang='lat' dir='ltr'><strong>Latinam</strong></span> <span class='ocrx_word' id='word_1_30' title='bbox 852 548 1020 575; x_wconf 81' lang='lat' dir='ltr'><strong>conver-</strong></span> 
     </span>
     <span class='ocr_line' id='line_1_7' title="bbox 62 593 1017 648; baseline 0.005 -17"><span class='ocrx_word' id='word_1_31' title='bbox 62 596 208 642; x_wconf 86' lang='lat' dir='ltr'><strong>vertit,</strong></span> <span class='ocrx_word' id='word_1_32' title='bbox 232 593 281 631; x_wconf 89' lang='lat' dir='ltr'><strong>de</strong></span> <span class='ocrx_word' id='word_1_33' title='bbox 326 605 402 644; x_wconf 88' lang='lat' dir='ltr'><strong>qua</strong></span> <span class='ocrx_word' id='word_1_34' title='bbox 443 606 484 633; x_wconf 89' lang='lat' dir='ltr'><strong>re</strong></span> <span class='ocrx_word' id='word_1_35' title='bbox 521 596 661 635; x_wconf 73' lang='lat' dir='ltr'><strong>Noster</strong></span> <span class='ocrx_word' id='word_1_36' title='bbox 699 609 817 648; x_wconf 88' lang='lat' dir='ltr'><strong>supra</strong></span> <span class='ocrx_word' id='word_1_37' title='bbox 858 603 954 636; x_wconf 87' lang='lat' dir='ltr'><strong>tom.</strong></span> <span class='ocrx_word' id='word_1_38' title='bbox 991 599 1017 636; x_wconf 91' lang='grc' dir='ltr'><strong>Ι.</strong></span> 
     </span>
     <span class='ocr_line' id='line_1_8' title="bbox 62 655 1020 706; baseline 0.002 -11"><span class='ocrx_word' id='word_1_39' title='bbox 62 667 98 706; x_wconf 88' lang='lat' dir='ltr'><strong>p.</strong></span> <span class='ocrx_word' id='word_1_40' title='bbox 130 656 220 695; x_wconf 88' lang='lat'><strong>336.</strong></span> <span class='ocrx_word' id='word_1_41' title='bbox 251 655 320 694; x_wconf 87' lang='lat' dir='ltr'><strong>sed</strong></span> <span class='ocrx_word' id='word_1_42' title='bbox 360 658 480 695; x_wconf 87' lang='lat' dir='ltr'><strong>etiam</strong></span> <span class='ocrx_word' id='word_1_43' title='bbox 505 668 524 695; x_wconf 80' lang='lat' dir='ltr'><strong>a</strong></span> <span class='ocrx_word' id='word_1_44' title='bbox 560 658 778 697; x_wconf 82' lang='lat' dir='ltr'><strong>Whartono</strong></span> <span class='ocrx_word' id='word_1_45' title='bbox 802 664 940 697; x_wconf 87' lang='lat' dir='ltr'><strong>auctor</strong></span> <span class='ocrx_word' id='word_1_46' title='bbox 975 660 1020 697; x_wconf 96' lang='lat' dir='ltr'><strong>il-</strong></span> 
     </span>
     <span class='ocr_line' id='line_1_9' title="bbox 60 716 1019 765; baseline 0.004 -10"><span class='ocrx_word' id='word_1_47' title='bbox 60 718 186 756; x_wconf 84' lang='lat' dir='ltr'><strong>lorum</strong></span> <span class='ocrx_word' id='word_1_48' title='bbox 212 716 403 765; x_wconf 88' lang='lat' dir='ltr'><strong>creditur,</strong></span> <span class='ocrx_word' id='word_1_49' title='bbox 427 721 705 759; x_wconf 74' lang='lat' dir='ltr'><strong>consentiente</strong></span> <span class='ocrx_word' id='word_1_50' title='bbox 730 720 886 759; x_wconf 89' lang='lat' dir='ltr'><strong>Oudino</strong></span> <span class='ocrx_word' id='word_1_51' title='bbox 911 724 938 759; x_wconf 92' lang='lat' dir='ltr'><strong>t.</strong></span> <span class='ocrx_word' id='word_1_52' title='bbox 958 721 1019 759; x_wconf 88' lang='lat'><strong>111</strong></span> 
     </span>
     <span class='ocr_line' id='line_1_10' title="bbox 58 778 1020 830; baseline 0.003 -13"><span class='ocrx_word' id='word_1_53' title='bbox 58 779 221 830; x_wconf 73' lang='grc' dir='ltr'><strong>ρ.4264.</strong></span> <span class='ocrx_word' id='word_1_54' title='bbox 239 778 335 818; x_wconf 83' lang='lat' dir='ltr'>Vide</span> <span class='ocrx_word' id='word_1_55' title='bbox 351 789 471 830; x_wconf 88' lang='lat' dir='ltr'><strong>supra</strong></span> <span class='ocrx_word' id='word_1_56' title='bbox 494 781 785 821; x_wconf 77' lang='lat' dir='ltr'>CATHARINA</span> <span class='ocrx_word' id='word_1_57' title='bbox 817 782 1020 820; x_wconf 75' lang='lat' dir='ltr'><strong>Senensis.</strong></span> 
     </span>
    </p>

    <p class='ocr_par' dir='ltr' id='par_1_4' title="bbox 58 840 1020 1014">
     <span class='ocr_line' id='line_1_11' title="bbox 111 840 1020 894; baseline 0.001 -15"><span class='ocrx_word' id='word_1_58' title='bbox 111 840 207 879; x_wconf 87' lang='lat' dir='ltr'>Vide</span> <span class='ocrx_word' id='word_1_59' title='bbox 231 840 316 879; x_wconf 90' lang='lat' dir='ltr'><strong>Jac.</strong></span> <span class='ocrx_word' id='word_1_60' title='bbox 343 840 489 886; x_wconf 85' lang='lat' dir='ltr'><strong>Quetif.</strong></span> <span class='ocrx_word' id='word_1_61' title='bbox 519 842 568 880; x_wconf 89' lang='lat' dir='ltr'><strong>de</strong></span> <span class='ocrx_word' id='word_1_62' title='bbox 599 842 866 894; x_wconf 89' lang='lat' dir='ltr'><strong>Scriptoribus</strong></span> <span class='ocrx_word' id='word_1_63' title='bbox 903 842 1020 881; x_wconf 88' lang='lat' dir='ltr'><strong>Ordi-</strong></span> 
     </span>
     <span class='ocr_line' id='line_1_12' title="bbox 64 900 1019 955; baseline 0.003 -14"><span class='ocrx_word' id='word_1_64' title='bbox 64 903 126 941; x_wconf 91' lang='lat' dir='ltr'><strong>nis</strong></span> <span class='ocrx_word' id='word_1_65' title='bbox 154 900 476 942; x_wconf 87' lang='lat' dir='ltr'><strong>Praedicatorum</strong></span> <span class='ocrx_word' id='word_1_66' title='bbox 503 908 600 943; x_wconf 88' lang='lat' dir='ltr'><strong>tom.</strong></span> <span class='ocrx_word' id='word_1_67' title='bbox 625 905 639 943; x_wconf 88' lang='grc' dir='ltr'>Ι</span> <span class='ocrx_word' id='word_1_68' title='bbox 665 917 702 955; x_wconf 89' lang='lat' dir='ltr'><strong>p.</strong></span> <span class='ocrx_word' id='word_1_69' title='bbox 723 904 813 943; x_wconf 84' lang='grc'><strong>679.</strong></span> <span class='ocrx_word' id='word_1_70' title='bbox 838 904 1019 945; x_wconf 83' lang='lat' dir='ltr'><strong>Altamu-</strong></span> 
     </span>
     <span class='ocr_line' id='line_1_13' title="bbox 58 963 335 1014; baseline 0 -12"><span class='ocrx_word' id='word_1_71' title='bbox 58 975 99 1003; x_wconf 83' lang='lat' dir='ltr'><strong>ra</strong></span> <span class='ocrx_word' id='word_1_72' title='bbox 129 974 219 1014; x_wconf 83' lang='lat' dir='ltr'><strong>pag.</strong></span> <span class='ocrx_word' id='word_1_73' title='bbox 244 963 335 1003; x_wconf 63' lang='lat'><strong>4125.</strong></span> 
     </span>
    </p>

    <p class='ocr_par' dir='ltr' id='par_1_5' title="bbox 0 1025 1023 1325">
     <span class='ocr_line' id='line_1_14' title="bbox 109 1025 1021 1079; baseline 0.001 -15"><span class='ocrx_word' id='word_1_74' title='bbox 109 1025 406 1066; x_wconf 85' lang='lat' dir='ltr'><strong>RAlMUNDUS</strong></span> <span class='ocrx_word' id='word_1_75' title='bbox 436 1027 732 1079; x_wconf 65' lang='lat' dir='ltr'><strong>superaremus,</strong></span> <span class='ocrx_word' id='word_1_76' title='bbox 780 1029 913 1068; x_wconf 88' lang='lat' dir='ltr'><strong>italice</strong></span> <span class='ocrx_word' id='word_1_77' title='bbox 951 1030 1021 1068; x_wconf 88' lang='lat' dir='ltr'><strong>So-</strong></span> 
     </span>
     <span class='ocr_line' id='line_1_15' title="bbox 56 1088 1021 1136; baseline 0.003 -11"><span class='ocrx_word' id='word_1_78' title='bbox 56 1098 212 1136; x_wconf 74' lang='lat' dir='ltr'><strong>ranzo,</strong></span> <span class='ocrx_word' id='word_1_79' title='bbox 240 1088 364 1127; x_wconf 84' lang='lat' dir='ltr'><strong>JCtus</strong></span> <span class='ocrx_word' id='word_1_80' title='bbox 394 1089 432 1126; x_wconf 91' lang='lat' dir='ltr'><strong>in</strong></span> <span class='ocrx_word' id='word_1_81' title='bbox 463 1089 551 1128; x_wconf 89' lang='lat' dir='ltr'><strong>aula</strong></span> <span class='ocrx_word' id='word_1_82' title='bbox 584 1090 817 1129; x_wconf 85' lang='lat' dir='ltr'><strong>Pontificum</strong></span> <span class='ocrx_word' id='word_1_83' title='bbox 849 1090 1021 1129; x_wconf 89' lang='lat' dir='ltr'><strong>Avenio-</strong></span> 
     </span>
     <span class='ocr_line' id='line_1_16' title="bbox 57 1149 1021 1199; baseline 0.002 -12"><span class='ocrx_word' id='word_1_84' title='bbox 57 1150 171 1188; x_wconf 89' lang='lat' dir='ltr'><strong>nensi</strong></span> <span class='ocrx_word' id='word_1_85' title='bbox 201 1161 270 1188; x_wconf 83' lang='lat' dir='ltr'><strong>sec</strong></span> <span class='ocrx_word' id='word_1_86' title='bbox 299 1150 402 1189; x_wconf 86' lang='lat' dir='ltr'><strong>xlv.</strong></span> <span class='ocrx_word' id='word_1_87' title='bbox 431 1152 587 1199; x_wconf 87' lang='lat' dir='ltr'><strong>medio,</strong></span> <span class='ocrx_word' id='word_1_88' title='bbox 615 1149 737 1190; x_wconf 85' lang='lat' dir='ltr'><strong>libros</strong></span> <span class='ocrx_word' id='word_1_89' title='bbox 755 1151 959 1191; x_wconf 75' lang='lat' dir='ltr'><em>Ciceronis</em></span> <span class='ocrx_word' id='word_1_90' title='bbox 975 1151 1021 1190; x_wconf 87' lang='lat' dir='ltr'><strong>de</strong></span> 
     </span>
     <span class='ocr_line' id='line_1_17' title="bbox 53 1210 1023 1263; baseline 0 -13"><span class='ocrx_word' id='word_1_91' title='bbox 53 1210 186 1263; x_wconf 70' lang='lat' dir='ltr'><strong>ytoraa</strong></span> <span class='ocrx_word' id='word_1_92' title='bbox 208 1212 373 1260; x_wconf 90' lang='lat' dir='ltr'><strong>habuit,</strong></span> <span class='ocrx_word' id='word_1_93' title='bbox 398 1216 438 1250; x_wconf 90' lang='lat' dir='ltr'><strong>et</strong></span> <span class='ocrx_word' id='word_1_94' title='bbox 457 1213 691 1251; x_wconf 84' lang='lat' dir='ltr'><strong>Petrarchae</strong></span> <span class='ocrx_word' id='word_1_95' title='bbox 717 1213 906 1263; x_wconf 80' lang='lat' dir='ltr'><strong>legendos</strong></span> <span class='ocrx_word' id='word_1_96' title='bbox 931 1224 1023 1251; x_wconf 89' lang='lat' dir='ltr'><strong>con-</strong></span> 
     </span>
     <span class='ocr_line' id='line_1_18' title="bbox 0 1273 1023 1325; baseline 0.001 -14"><span class='ocrx_word' id='word_1_97' title='bbox 0 1293 2 1299; x_wconf 61' lang='lat'>&gt;</span> <span class='ocrx_word' id='word_1_98' title='bbox 55 1273 205 1322; x_wconf 88' lang='lat' dir='ltr'><strong>cessit,</strong></span> <span class='ocrx_word' id='word_1_99' title='bbox 241 1279 378 1325; x_wconf 81' lang='lat' dir='ltr'><strong>postea</strong></span> <span class='ocrx_word' id='word_1_100' title='bbox 405 1285 502 1313; x_wconf 86' lang='lat' dir='ltr'><strong>casu</strong></span> <span class='ocrx_word' id='word_1_101' title='bbox 530 1273 701 1323; x_wconf 87' lang='lat' dir='ltr'><strong>quodam</strong></span> <span class='ocrx_word' id='word_1_102' title='bbox 732 1274 880 1312; x_wconf 89' lang='lat' dir='ltr'><strong>amisit.</strong></span> <span class='ocrx_word' id='word_1_103' title='bbox 927 1274 1023 1312; x_wconf 82' lang='lat' dir='ltr'><strong>Vide</strong></span> 
     </span>
    </p>

    <p class='ocr_par' dir='ltr' id='par_1_6' title="bbox 54 1335 509 1387">
     <span class='ocr_line' id='line_1_19' title="bbox 54 1335 509 1387; baseline -0.002 -14"><span class='ocrx_word' id='word_1_104' title='bbox 54 1336 287 1387; x_wconf 82' lang='lat' dir='ltr'><strong>Menagiana</strong></span> <span class='ocrx_word' id='word_1_105' title='bbox 318 1340 414 1373; x_wconf 89' lang='lat' dir='ltr'><strong>tom.</strong></span> <span class='ocrx_word' id='word_1_106' title='bbox 446 1335 509 1373; x_wconf 92' lang='lat' dir='ltr'><strong>IV.</strong></span> 
     </span>
    </p>

    <p class='ocr_par' dir='ltr' id='par_1_7' title="bbox 0 1395 1021 1816">
     <span class='ocr_line' id='line_1_20' title="bbox 0 1395 1019 1443; baseline 0 -9"><span class='ocrx_word' id='word_1_107' title='bbox 0 1395 1 1415; x_wconf 48' lang='lat' dir='ltr'><strong>l</strong></span> <span class='ocrx_word' id='word_1_108' title='bbox 111 1396 398 1436; x_wconf 88' lang='lat' dir='ltr'><strong>RAINALDUS</strong></span> <span class='ocrx_word' id='word_1_109' title='bbox 414 1426 425 1443; x_wconf 86' lang='lat'><em>,</em></span> <span class='ocrx_word' id='word_1_110' title='bbox 446 1395 765 1434; x_wconf 79' lang='lat' dir='ltr'><strong>Archidiaconus</strong></span> <span class='ocrx_word' id='word_1_111' title='bbox 782 1396 823 1434; x_wconf 88' lang='lat' dir='ltr'><strong>S.</strong></span> <span class='ocrx_word' id='word_1_112' title='bbox 847 1397 1019 1434; x_wconf 84' lang='lat' dir='ltr'><strong>Mauritii</strong></span> 
     </span>
     <span class='ocr_line' id='line_1_21' title="bbox 55 1446 1021 1508; baseline -0.001 -12"><span class='ocrx_word' id='word_1_113' title='bbox 55 1446 386 1508; x_wconf 65' lang='lat' dir='ltr'><strong>Aizdeyavensis‚</strong></span> <span class='ocrx_word' id='word_1_114' title='bbox 429 1458 590 1507; x_wconf 79' lang='lat' dir='ltr'>scripsit</span> <span class='ocrx_word' id='word_1_115' title='bbox 627 1457 755 1495; x_wconf 82' lang='lat' dir='ltr'><em>Breve</em></span> <span class='ocrx_word' id='word_1_116' title='bbox 798 1455 1021 1496; x_wconf 81' lang='lat' dir='ltr'><strong>Chrom&#39;con</strong></span> 
     </span>
     <span class='ocr_line' id='line_1_22' title="bbox 57 1515 1019 1570; baseline -0.001 -12"><span class='ocrx_word' id='word_1_117' title='bbox 57 1530 78 1558; x_wconf 92' lang='lat' dir='ltr'><strong>a</strong></span> <span class='ocrx_word' id='word_1_118' title='bbox 96 1524 275 1570; x_wconf 90' lang='lat' dir='ltr'><strong>tempore</strong></span> <span class='ocrx_word' id='word_1_119' title='bbox 297 1519 510 1557; x_wconf 81' lang='lat' dir='ltr'><em>Ptolemaei</em></span> <span class='ocrx_word' id='word_1_120' title='bbox 531 1520 756 1568; x_wconf 80' lang='lat' dir='ltr'><strong>Evergetae</strong></span> <span class='ocrx_word' id='word_1_121' title='bbox 773 1517 820 1557; x_wconf 89' lang='lat' dir='ltr'><strong>ad</strong></span> <span class='ocrx_word' id='word_1_122' title='bbox 839 1530 873 1557; x_wconf 90' lang='lat' dir='ltr'><strong>a.</strong></span> <span class='ocrx_word' id='word_1_123' title='bbox 902 1515 1019 1558; x_wconf 83' lang='grc'><strong>4085.</strong></span> 
     </span>
     <span class='ocr_line' id='line_1_23' title="bbox 54 1579 1019 1632; baseline -0.002 -12"><span class='ocrx_word' id='word_1_124' title='bbox 54 1581 98 1620; x_wconf 92' lang='lat' dir='ltr'><strong>ln</strong></span> <span class='ocrx_word' id='word_1_125' title='bbox 115 1579 355 1632; x_wconf 88' lang='lat' dir='ltr'><strong>quibusdam</strong></span> <span class='ocrx_word' id='word_1_126' title='bbox 392 1580 502 1620; x_wconf 87' lang='lat' dir='ltr'><strong>MSS.</strong></span> <span class='ocrx_word' id='word_1_127' title='bbox 527 1580 751 1621; x_wconf 88' lang='lat' dir='ltr'><strong>Chronicon</strong></span> <span class='ocrx_word' id='word_1_128' title='bbox 777 1580 990 1619; x_wconf 90' lang='lat' dir='ltr'><strong>Frodoardi</strong></span> <span class='ocrx_word' id='word_1_129' title='bbox 1008 1612 1019 1629; x_wconf 91' lang='lat'><em>,</em></span> 
     </span>
     <span class='ocr_line' id='line_1_24' title="bbox 58 1642 1019 1687; baseline -0.001 -6"><span class='ocrx_word' id='word_1_130' title='bbox 58 1642 241 1682; x_wconf 88' lang='lat' dir='ltr'><strong>monachi</strong></span> <span class='ocrx_word' id='word_1_131' title='bbox 282 1643 322 1681; x_wconf 91' lang='lat' dir='ltr'><strong>S.</strong></span> <span class='ocrx_word' id='word_1_132' title='bbox 354 1642 525 1687; x_wconf 89' lang='lat' dir='ltr'><strong>Albani,</strong></span> <span class='ocrx_word' id='word_1_133' title='bbox 556 1642 606 1681; x_wconf 89' lang='lat' dir='ltr'><strong>ab</strong></span> <span class='ocrx_word' id='word_1_134' title='bbox 635 1654 656 1681; x_wconf 90' lang='lat' dir='ltr'><strong>a</strong></span> <span class='ocrx_word' id='word_1_135' title='bbox 686 1643 776 1680; x_wconf 84' lang='lat'><strong>966.</strong></span> <span class='ocrx_word' id='word_1_136' title='bbox 808 1642 857 1682; x_wconf 93' lang='lat' dir='ltr'><strong>ad</strong></span> <span class='ocrx_word' id='word_1_137' title='bbox 902 1642 1019 1682; x_wconf 92' lang='grc'><strong>4277.</strong></span> 
     </span>
     <span class='ocr_line' id='line_1_25' title="bbox 59 1702 1021 1755; baseline -0.002 -13"><span class='ocrx_word' id='word_1_138' title='bbox 59 1704 317 1742; x_wconf 81' lang='lat' dir='ltr'><strong>continuasse</strong></span> <span class='ocrx_word' id='word_1_139' title='bbox 345 1702 504 1742; x_wconf 88' lang='lat' dir='ltr'><strong>dicitur.</strong></span> <span class='ocrx_word' id='word_1_140' title='bbox 532 1705 614 1742; x_wconf 88' lang='lat' dir='ltr'><strong>Jac.</strong></span> <span class='ocrx_word' id='word_1_141' title='bbox 644 1703 681 1742; x_wconf 92' lang='lat' dir='ltr'><strong>le</strong></span> <span class='ocrx_word' id='word_1_142' title='bbox 713 1705 818 1755; x_wconf 81' lang='lat' dir='ltr'><strong>Long</strong></span> <span class='ocrx_word' id='word_1_143' title='bbox 843 1703 940 1742; x_wconf 92' lang='lat' dir='ltr'><strong>Bibl.</strong></span> <span class='ocrx_word' id='word_1_144' title='bbox 958 1705 1021 1742; x_wconf 87' lang='lat' dir='ltr'><strong>Hi-</strong></span> 
     </span>
     <span class='ocr_line' id='line_1_26' title="bbox 67 1763 689 1816; baseline 0.002 -13"><span class='ocrx_word' id='word_1_145' title='bbox 67 1765 213 1804; x_wconf 82' lang='lat' dir='ltr'><strong>storiae</strong></span> <span class='ocrx_word' id='word_1_146' title='bbox 241 1764 392 1804; x_wconf 90' lang='lat' dir='ltr'><strong>Galliae</strong></span> <span class='ocrx_word' id='word_1_147' title='bbox 421 1777 459 1816; x_wconf 90' lang='lat' dir='ltr'><strong>p.</strong></span> <span class='ocrx_word' id='word_1_148' title='bbox 482 1763 572 1805; x_wconf 58' lang='lat'><strong>3144.</strong></span> <span class='ocrx_word' id='word_1_149' title='bbox 597 1764 689 1804; x_wconf 76' lang='lat'><strong>754.</strong></span> 
     </span>
    </p>

    <p class='ocr_par' dir='ltr' id='par_1_8' title="bbox 58 1826 1034 3165">
     <span class='ocr_line' id='line_1_27' title="bbox 113 1826 1024 1866; baseline 0 -1"><span class='ocrx_word' id='word_1_150' title='bbox 113 1827 135 1850; x_wconf 73' lang='lat'><strong>³*</strong></span> <span class='ocrx_word' id='word_1_151' title='bbox 161 1826 364 1866; x_wconf 88' lang='lat' dir='ltr'><strong>Authores</strong></span> <span class='ocrx_word' id='word_1_152' title='bbox 395 1828 591 1866; x_wconf 82' lang='lat' dir='ltr'><strong>Historiae</strong></span> <span class='ocrx_word' id='word_1_153' title='bbox 618 1828 829 1866; x_wconf 85' lang='lat' dir='ltr'><strong>Literariae</strong></span> <span class='ocrx_word' id='word_1_154' title='bbox 854 1827 1024 1865; x_wconf 88' lang='lat' dir='ltr'><strong>Gallica-</strong></span> 
     </span>
     <span class='ocr_line' id='line_1_28' title="bbox 60 1889 1024 1940; baseline -0.002 -12"><span class='ocrx_word' id='word_1_155' title='bbox 60 1900 134 1928; x_wconf 89' lang='lat' dir='ltr'><strong>nae</strong></span> <span class='ocrx_word' id='word_1_156' title='bbox 163 1893 192 1927; x_wconf 91' lang='lat' dir='ltr'><strong>t.</strong></span> <span class='ocrx_word' id='word_1_157' title='bbox 222 1889 324 1928; x_wconf 90' lang='lat' dir='ltr'><strong>V111.</strong></span> <span class='ocrx_word' id='word_1_158' title='bbox 355 1901 441 1940; x_wconf 84' lang='lat' dir='ltr'><strong>pag.</strong></span> <span class='ocrx_word' id='word_1_159' title='bbox 467 1889 530 1928; x_wconf 84' lang='lat'><strong>36.</strong></span> <span class='ocrx_word' id='word_1_160' title='bbox 564 1893 728 1927; x_wconf 87' lang='lat' dir='ltr'><strong>monent</strong></span> <span class='ocrx_word' id='word_1_161' title='bbox 759 1891 797 1927; x_wconf 92' lang='lat' dir='ltr'><strong>in</strong></span> <span class='ocrx_word' id='word_1_162' title='bbox 828 1889 1024 1928; x_wconf 86' lang='lat' dir='ltr'><strong>Chronico</strong></span> 
     </span>
     <span class='ocr_line' id='line_1_29' title="bbox 60 1950 1024 2001; baseline 0 -12"><span class='ocrx_word' id='word_1_163' title='bbox 60 1950 235 2001; x_wconf 89' lang='lat' dir='ltr'><strong>quodam</strong></span> <span class='ocrx_word' id='word_1_164' title='bbox 260 1952 338 1990; x_wconf 87' lang='lat' dir='ltr'><strong>MS.</strong></span> <span class='ocrx_word' id='word_1_165' title='bbox 363 1951 629 1990; x_wconf 73' lang='lat' dir='ltr'><strong>Bibliothecae</strong></span> <span class='ocrx_word' id='word_1_166' title='bbox 656 1952 918 1990; x_wconf 86' lang='lat' dir='ltr'><strong>Cottonianae</strong></span> <span class='ocrx_word' id='word_1_167' title='bbox 948 1951 1024 2001; x_wconf 76' lang='lat' dir='ltr'><strong>legi</strong></span> 
     </span>
     <span class='ocr_line' id='line_1_30' title="bbox 63 2011 1025 2064; baseline -0.002 -11"><span class='ocrx_word' id='word_1_168' title='bbox 63 2013 111 2053; x_wconf 88' lang='lat' dir='ltr'><strong>ad</strong></span> <span class='ocrx_word' id='word_1_169' title='bbox 145 2013 192 2052; x_wconf 87' lang='lat' dir='ltr'><strong>A.</strong></span> <span class='ocrx_word' id='word_1_170' title='bbox 223 2014 339 2053; x_wconf 81' lang='grc'><strong>4075.</strong></span> <span class='ocrx_word' id='word_1_171' title='bbox 371 2013 485 2052; x_wconf 80' lang='lat' dir='ltr'><strong>Finis</strong></span> <span class='ocrx_word' id='word_1_172' title='bbox 520 2012 741 2053; x_wconf 71' lang='lat' dir='ltr'><strong>chronicae</strong></span> <span class='ocrx_word' id='word_1_173' title='bbox 764 2011 966 2064; x_wconf 75' lang='lat' dir='ltr'><strong>Raynaldi</strong></span> <span class='ocrx_word' id='word_1_174' title='bbox 986 2014 1025 2051; x_wconf 91' lang='lat' dir='ltr'><strong>S.</strong></span> 
     </span>
     <span class='ocr_line' id='line_1_31' title="bbox 61 2073 1024 2125; baseline -0.001 -11"><span class='ocrx_word' id='word_1_175' title='bbox 61 2075 263 2114; x_wconf 76' lang='lat' dir='ltr'><strong>Mauricii.</strong></span> <span class='ocrx_word' id='word_1_176' title='bbox 282 2076 393 2122; x_wconf 90' lang='lat' dir='ltr'><strong>Quae</strong></span> <span class='ocrx_word' id='word_1_177' title='bbox 409 2074 554 2114; x_wconf 89' lang='lat' dir='ltr'><strong>deinde</strong></span> <span class='ocrx_word' id='word_1_178' title='bbox 571 2079 802 2125; x_wconf 87' lang='lat' dir='ltr'><strong>sequuntur</strong></span> <span class='ocrx_word' id='word_1_179' title='bbox 820 2076 858 2112; x_wconf 92' lang='lat' dir='ltr'><strong>in</strong></span> <span class='ocrx_word' id='word_1_180' title='bbox 883 2073 1024 2113; x_wconf 89' lang='lat' dir='ltr'><strong>eodem</strong></span> 
     </span>
     <span class='ocr_line' id='line_1_32' title="bbox 58 2137 1026 2177; baseline -0.001 -2"><span class='ocrx_word' id='word_1_181' title='bbox 58 2137 138 2176; x_wconf 84' lang='lat' dir='ltr'><strong>MS.</strong></span> <span class='ocrx_word' id='word_1_182' title='bbox 178 2137 360 2176; x_wconf 88' lang='lat' dir='ltr'><strong>eiusdem</strong></span> <span class='ocrx_word' id='word_1_183' title='bbox 391 2137 578 2177; x_wconf 87' lang='lat' dir='ltr'><strong>Chronici</strong></span> <span class='ocrx_word' id='word_1_184' title='bbox 619 2137 868 2175; x_wconf 86' lang='lat' dir='ltr'><strong>continuatio</strong></span> <span class='ocrx_word' id='word_1_185' title='bbox 916 2141 1026 2175; x_wconf 90' lang='lat' dir='ltr'><strong>sunt.</strong></span> 
     </span>
     <span class='ocr_line' id='line_1_33' title="bbox 59 2197 1028 2249; baseline -0.004 -11"><span class='ocrx_word' id='word_1_186' title='bbox 59 2200 140 2239; x_wconf 82' lang='lat' dir='ltr'><strong>Nec</strong></span> <span class='ocrx_word' id='word_1_187' title='bbox 161 2199 267 2238; x_wconf 90' lang='lat' dir='ltr'><strong>aliud</strong></span> <span class='ocrx_word' id='word_1_188' title='bbox 293 2210 384 2238; x_wconf 88' lang='lat' dir='ltr'><strong>esse</strong></span> <span class='ocrx_word' id='word_1_189' title='bbox 408 2209 554 2238; x_wconf 90' lang='lat' dir='ltr'><strong>censeo</strong></span> <span class='ocrx_word' id='word_1_190' title='bbox 575 2209 676 2249; x_wconf 91' lang='lat' dir='ltr'><strong>opus</strong></span> <span class='ocrx_word' id='word_1_191' title='bbox 703 2197 798 2236; x_wconf 90' lang='lat' dir='ltr'><strong>illud</strong></span> <span class='ocrx_word' id='word_1_192' title='bbox 826 2197 889 2235; x_wconf 90' lang='lat' dir='ltr'><strong>hic</strong></span> <span class='ocrx_word' id='word_1_193' title='bbox 919 2209 939 2236; x_wconf 85' lang='lat' dir='ltr'><strong>a</strong></span> <span class='ocrx_word' id='word_1_194' title='bbox 966 2199 1028 2236; x_wconf 85' lang='lat' dir='ltr'><strong>Bi-</strong></span> 
     </span>
     <span class='ocr_line' id='line_1_34' title="bbox 62 2258 1030 2302; baseline -0.004 -2"><span class='ocrx_word' id='word_1_195' title='bbox 62 2261 319 2302; x_wconf 84' lang='lat' dir='ltr'><strong>bliothecario</strong></span> <span class='ocrx_word' id='word_1_196' title='bbox 335 2260 554 2300; x_wconf 86' lang='lat' dir='ltr'><strong>indicatum</strong></span> <span class='ocrx_word' id='word_1_197' title='bbox 571 2259 796 2299; x_wconf 84' lang='lat' dir='ltr'><strong>Chronicon</strong></span> <span class='ocrx_word' id='word_1_198' title='bbox 818 2258 1030 2297; x_wconf 88' lang='lat' dir='ltr'><strong>Frodoardi</strong></span> 
     </span>
     <span class='ocr_line' id='line_1_35' title="bbox 62 2319 1027 2372; baseline -0.002 -11"><span class='ocrx_word' id='word_1_199' title='bbox 62 2325 340 2362; x_wconf 86' lang='lat' dir='ltr'><strong>continuatum</strong></span> <span class='ocrx_word' id='word_1_200' title='bbox 367 2333 495 2372; x_wconf 89' lang='lat' dir='ltr'><strong>usque</strong></span> <span class='ocrx_word' id='word_1_201' title='bbox 515 2321 564 2360; x_wconf 92' lang='lat' dir='ltr'><strong>ad</strong></span> <span class='ocrx_word' id='word_1_202' title='bbox 592 2322 665 2360; x_wconf 85' lang='lat' dir='ltr'><strong>An.</strong></span> <span class='ocrx_word' id='word_1_203' title='bbox 687 2319 804 2360; x_wconf 88' lang='grc'><strong>4277.</strong></span> <span class='ocrx_word' id='word_1_204' title='bbox 823 2321 930 2359; x_wconf 78' lang='lat' dir='ltr'><strong>Vixit</strong></span> <span class='ocrx_word' id='word_1_205' title='bbox 956 2332 1027 2359; x_wconf 90' lang='lat' dir='ltr'><strong>au-</strong></span> 
     </span>
     <span class='ocr_line' id='line_1_36' title="bbox 67 2383 1030 2434; baseline -0.001 -12"><span class='ocrx_word' id='word_1_206' title='bbox 67 2389 150 2423; x_wconf 89' lang='lat' dir='ltr'><strong>tem</strong></span> <span class='ocrx_word' id='word_1_207' title='bbox 179 2384 411 2434; x_wconf 84' lang='lat' dir='ltr'><strong>Raynaldus</strong></span> <span class='ocrx_word' id='word_1_208' title='bbox 440 2385 544 2423; x_wconf 91' lang='lat' dir='ltr'><strong>ultra</strong></span> <span class='ocrx_word' id='word_1_209' title='bbox 573 2395 637 2422; x_wconf 89' lang='lat' dir='ltr'><strong>an.</strong></span> <span class='ocrx_word' id='word_1_210' title='bbox 677 2383 794 2422; x_wconf 75' lang='grc'><strong>4074.</strong></span> <span class='ocrx_word' id='word_1_211' title='bbox 835 2383 906 2421; x_wconf 89' lang='lat' dir='ltr'><strong>sed</strong></span> <span class='ocrx_word' id='word_1_212' title='bbox 951 2393 1030 2433; x_wconf 90' lang='lat' dir='ltr'><strong>quo</strong></span> 
     </span>
     <span class='ocr_line' id='line_1_37' title="bbox 69 2445 1032 2496; baseline 0 -13"><span class='ocrx_word' id='word_1_213' title='bbox 69 2446 333 2496; x_wconf 85' lang='lat' dir='ltr'><strong>potissimum.</strong></span> <span class='ocrx_word' id='word_1_214' title='bbox 352 2445 494 2483; x_wconf 89' lang='lat' dir='ltr'><strong>obierit</strong></span> <span class='ocrx_word' id='word_1_215' title='bbox 521 2450 678 2483; x_wconf 86' lang='lat' dir='ltr'><strong>certum</strong></span> <span class='ocrx_word' id='word_1_216' title='bbox 709 2449 870 2495; x_wconf 89' lang='lat' dir='ltr'><strong>tempus</strong></span> <span class='ocrx_word' id='word_1_217' title='bbox 887 2474 896 2491; x_wconf 94' lang='lat'>,</span> <span class='ocrx_word' id='word_1_218' title='bbox 923 2446 1032 2495; x_wconf 83' lang='lat' dir='ltr'><strong>igno-</strong></span> 
     </span>
     <span class='ocr_line' id='line_1_38' title="bbox 67 2505 1031 2561; baseline -0.004 -15"><span class='ocrx_word' id='word_1_219' title='bbox 67 2511 192 2546; x_wconf 89' lang='lat' dir='ltr'><strong>ratur.</strong></span> <span class='ocrx_word' id='word_1_220' title='bbox 208 2505 625 2561; x_wconf 76' lang='lat' dir='ltr'><strong>AdduntScriptores</strong></span> <span class='ocrx_word' id='word_1_221' title='bbox 656 2506 710 2543; x_wconf 94' lang='lat' dir='ltr'><strong>illi</strong></span> <span class='ocrx_word' id='word_1_222' title='bbox 741 2507 934 2544; x_wconf 81' lang='lat' dir='ltr'><strong>Historiae</strong></span> <span class='ocrx_word' id='word_1_223' title='bbox 968 2506 1031 2544; x_wconf 91' lang='lat' dir='ltr'><strong>lit-</strong></span> 
     </span>
     <span class='ocr_line' id='line_1_39' title="bbox 68 2567 1030 2617; baseline -0.001 -10"><span class='ocrx_word' id='word_1_224' title='bbox 68 2569 239 2608; x_wconf 88' lang='lat' dir='ltr'><strong>terariae</strong></span> <span class='ocrx_word' id='word_1_225' title='bbox 267 2567 442 2607; x_wconf 85' lang='lat' dir='ltr'><strong>Gallicae</strong></span> <span class='ocrx_word' id='word_1_226' title='bbox 472 2567 579 2606; x_wconf 88' lang='lat' dir='ltr'><strong>hunc</strong></span> <span class='ocrx_word' id='word_1_227' title='bbox 618 2568 748 2617; x_wconf 87' lang='lat' dir='ltr'><strong>ipsum</strong></span> <span class='ocrx_word' id='word_1_228' title='bbox 780 2567 1030 2617; x_wconf 79' lang='lat' dir='ltr'><strong>Raynaldum</strong></span> 
     </span>
     <span class='ocr_line' id='line_1_40' title="bbox 69 2628 1033 2681; baseline -0.003 -12"><span class='ocrx_word' id='word_1_229' title='bbox 69 2631 280 2681; x_wconf 84' lang='lat' dir='ltr'><strong>scripsisse</strong></span> <span class='ocrx_word' id='word_1_230' title='bbox 324 2629 530 2668; x_wconf 87' lang='lat' dir='ltr'><strong>historiam</strong></span> <span class='ocrx_word' id='word_1_231' title='bbox 563 2629 845 2667; x_wconf 84' lang='lat' dir='ltr'><strong>miraculorum</strong></span> <span class='ocrx_word' id='word_1_232' title='bbox 877 2628 916 2666; x_wconf 87' lang='lat' dir='ltr'><strong>S.</strong></span> <span class='ocrx_word' id='word_1_233' title='bbox 948 2629 1033 2666; x_wconf 87' lang='lat' dir='ltr'><strong>Flo-</strong></span> 
     </span>
     <span class='ocr_line' id='line_1_41' title="bbox 70 2690 1031 2742; baseline -0.003 -12"><span class='ocrx_word' id='word_1_234' title='bbox 70 2693 200 2741; x_wconf 82' lang='lat' dir='ltr'><strong>rentii,</strong></span> <span class='ocrx_word' id='word_1_235' title='bbox 216 2695 337 2742; x_wconf 84' lang='lat' dir='ltr'><strong>quam</strong></span> <span class='ocrx_word' id='word_1_236' title='bbox 368 2690 505 2730; x_wconf 70' lang='lat' dir='ltr'><strong>serVat</strong></span> <span class='ocrx_word' id='word_1_237' title='bbox 533 2690 608 2729; x_wconf 89' lang='lat' dir='ltr'><strong>MS.</strong></span> <span class='ocrx_word' id='word_1_238' title='bbox 641 2690 776 2729; x_wconf 85' lang='lat' dir='ltr'><strong>Codex</strong></span> <span class='ocrx_word' id='word_1_239' title='bbox 808 2691 1031 2729; x_wconf 89' lang='lat' dir='ltr'><strong>Monasterii</strong></span> 
     </span>
     <span class='ocr_line' id='line_1_42' title="bbox 70 2753 1032 2800; baseline -0.002 -8"><span class='ocrx_word' id='word_1_240' title='bbox 70 2754 110 2792; x_wconf 87' lang='lat' dir='ltr'><strong>S.</strong></span> <span class='ocrx_word' id='word_1_241' title='bbox 139 2754 328 2792; x_wconf 82' lang='lat' dir='ltr'><strong>Florentii</strong></span> <span class='ocrx_word' id='word_1_242' title='bbox 359 2753 662 2800; x_wconf 87' lang='lat' dir='ltr'><strong>Salmariensis‚</strong></span> <span class='ocrx_word' id='word_1_243' title='bbox 689 2754 794 2791; x_wconf 88' lang='lat' dir='ltr'><strong>sicut</strong></span> <span class='ocrx_word' id='word_1_244' title='bbox 817 2756 857 2790; x_wconf 88' lang='lat' dir='ltr'><strong>et</strong></span> <span class='ocrx_word' id='word_1_245' title='bbox 884 2763 1032 2790; x_wconf 87' lang='lat' dir='ltr'><strong>novum</strong></span> 
     </span>
     <span class='ocr_line' id='line_1_43' title="bbox 69 2814 1033 2864; baseline -0.003 -10"><span class='ocrx_word' id='word_1_246' title='bbox 69 2816 245 2855; x_wconf 76' lang='lat' dir='ltr'><strong>officium</strong></span> <span class='ocrx_word' id='word_1_247' title='bbox 276 2816 457 2855; x_wconf 90' lang='lat' dir='ltr'><strong>eiusdem</strong></span> <span class='ocrx_word' id='word_1_248' title='bbox 489 2815 528 2853; x_wconf 77' lang='lat' dir='ltr'><strong>S.</strong></span> <span class='ocrx_word' id='word_1_249' title='bbox 554 2815 764 2861; x_wconf 78' lang='lat' dir='ltr'><strong>Florentii,</strong></span> <span class='ocrx_word' id='word_1_250' title='bbox 790 2824 835 2852; x_wconf 90' lang='lat' dir='ltr'><strong>ac</strong></span> <span class='ocrx_word' id='word_1_251' title='bbox 859 2814 1033 2864; x_wconf 89' lang='lat' dir='ltr'><strong>denique</strong></span> 
     </span>
     <span class='ocr_line' id='line_1_44' title="bbox 71 2875 1034 2928; baseline -0.002 -13"><span class='ocrx_word' id='word_1_252' title='bbox 71 2878 246 2928; x_wconf 88' lang='lat' dir='ltr'><strong>hymnos</strong></span> <span class='ocrx_word' id='word_1_253' title='bbox 275 2878 389 2916; x_wconf 87' lang='lat' dir='ltr'><strong>binos</strong></span> <span class='ocrx_word' id='word_1_254' title='bbox 418 2877 467 2916; x_wconf 86' lang='lat' dir='ltr'><strong>de</strong></span> <span class='ocrx_word' id='word_1_255' title='bbox 498 2876 681 2916; x_wconf 82' lang='lat' dir='ltr'><strong>laudibus</strong></span> <span class='ocrx_word' id='word_1_256' title='bbox 724 2876 904 2915; x_wconf 83' lang='lat' dir='ltr'><strong>eiusdem</strong></span> <span class='ocrx_word' id='word_1_257' title='bbox 936 2875 1034 2914; x_wconf 85' lang='lat' dir='ltr'><strong>San-</strong></span> 
     </span>
     <span class='ocr_line' id='line_1_45' title="bbox 71 2936 1034 2990; baseline -0.001 -13"><span class='ocrx_word' id='word_1_258' title='bbox 71 2941 336 2989; x_wconf 86' lang='lat' dir='ltr'><strong>eti‚quorum</strong></span> <span class='ocrx_word' id='word_1_259' title='bbox 362 2941 468 2990; x_wconf 91' lang='lat' dir='ltr'><strong>prior</strong></span> <span class='ocrx_word' id='word_1_260' title='bbox 491 2938 627 2989; x_wconf 86' lang='lat' dir='ltr'><strong>incipit</strong></span> <span class='ocrx_word' id='word_1_261' title='bbox 658 2938 790 2977; x_wconf 70' lang='lat' dir='ltr'><strong>Cariat</strong></span> <span class='ocrx_word' id='word_1_262' title='bbox 815 2937 960 2976; x_wconf 77' lang='lat' dir='ltr'><strong>chorus</strong></span> <span class='ocrx_word' id='word_1_263' title='bbox 987 2936 1034 2987; x_wconf 82' lang='lat' dir='ltr'><strong>fi-</strong></span> 
     </span>
     <span class='ocr_line' id='line_1_46' title="bbox 72 2998 1033 3052; baseline -0.004 -11"><span class='ocrx_word' id='word_1_264' title='bbox 72 3000 239 3050; x_wconf 86' lang='lat' dir='ltr'><strong>delium,</strong></span> <span class='ocrx_word' id='word_1_265' title='bbox 258 3002 384 3041; x_wconf 87' lang='lat' dir='ltr'><strong>alter:</strong></span> <span class='ocrx_word' id='word_1_266' title='bbox 410 3003 554 3041; x_wconf 82' lang='lat' dir='ltr'><strong>Sancte</strong></span> <span class='ocrx_word' id='word_1_267' title='bbox 576 2998 789 3052; x_wconf 69' lang='lat' dir='ltr'><strong>confessor.</strong></span> <span class='ocrx_word' id='word_1_268' title='bbox 812 2999 1033 3049; x_wconf 86' lang='lat' dir='ltr'><strong>Utrumque</strong></span> 
     </span>
     <span class='ocr_line' id='line_1_47' title="bbox 72 3062 1032 3103; baseline -0.004 0"><span class='ocrx_word' id='word_1_269' title='bbox 72 3069 239 3103; x_wconf 87' lang='lat' dir='ltr'><strong>servant</strong></span> <span class='ocrx_word' id='word_1_270' title='bbox 267 3064 468 3103; x_wconf 87' lang='lat' dir='ltr'><strong>Breviaria</strong></span> <span class='ocrx_word' id='word_1_271' title='bbox 497 3063 604 3102; x_wconf 85' lang='lat' dir='ltr'><strong>MSS.</strong></span> <span class='ocrx_word' id='word_1_272' title='bbox 633 3062 814 3102; x_wconf 86' lang='lat' dir='ltr'><strong>eiusdem</strong></span> <span class='ocrx_word' id='word_1_273' title='bbox 847 3062 1032 3102; x_wconf 85' lang='lat' dir='ltr'><strong>Coenobii</strong></span> 
     </span>
     <span class='ocr_line' id='line_1_48' title="bbox 72 3124 397 3165; baseline -0.009 0"><span class='ocrx_word' id='word_1_274' title='bbox 72 3131 114 3165; x_wconf 86' lang='lat' dir='ltr'><strong>et</strong></span> <span class='ocrx_word' id='word_1_275' title='bbox 144 3127 347 3165; x_wconf 87' lang='lat' dir='ltr'><strong>Florentii.</strong></span> <span class='ocrx_word' id='word_1_276' title='bbox 377 3124 397 3148; x_wconf 72' lang='lat'><strong>³*</strong></span> 
     </span>
    </p>

    <p class='ocr_par' dir='ltr' id='par_1_9' title="bbox 77 3186 1036 3291">
     <span class='ocr_line' id='line_1_49' title="bbox 125 3186 1036 3234; baseline -0.005 -5"><span class='ocrx_word' id='word_1_277' title='bbox 125 3188 275 3228; x_wconf 85' lang='lat' dir='ltr'><strong>RAINA</strong></span> <span class='ocrx_word' id='word_1_278' title='bbox 284 3187 411 3228; x_wconf 89' lang='lat' dir='ltr'><strong>LDUS</strong></span> <span class='ocrx_word' id='word_1_279' title='bbox 425 3186 692 3234; x_wconf 78' lang='lat' dir='ltr'><strong>Bononiensis,</strong></span> <span class='ocrx_word' id='word_1_280' title='bbox 710 3186 790 3224; x_wconf 91' lang='lat' dir='ltr'><strong>vid.</strong></span> <span class='ocrx_word' id='word_1_281' title='bbox 806 3186 905 3224; x_wconf 83' lang='lat' dir='ltr'><strong>infra</strong></span> <span class='ocrx_word' id='word_1_282' title='bbox 921 3186 1036 3224; x_wconf 84' lang='lat' dir='ltr'><strong>Ram-</strong></span> 
     </span>
     <span class='ocr_line' id='line_1_50' title="bbox 77 3249 226 3291; baseline -0.007 -1"><span class='ocrx_word' id='word_1_283' title='bbox 77 3249 226 3291; x_wconf 75' lang='lat' dir='ltr'><strong>bertus.</strong></span> 
     </span>
    </p>

    <p class='ocr_par' dir='ltr' id='par_1_10' title="bbox 75 3307 1035 3426">
     <span class='ocr_line' id='line_1_51' title="bbox 128 3307 1035 3358; baseline -0.008 -6"><span class='ocrx_word' id='word_1_284' title='bbox 128 3312 417 3352; x_wconf 81' lang='lat' dir='ltr'><strong>RAINALDUS</strong></span> <span class='ocrx_word' id='word_1_285' title='bbox 439 3311 486 3350; x_wconf 86' lang='lat' dir='ltr'><strong>de</strong></span> <span class='ocrx_word' id='word_1_286' title='bbox 516 3307 879 3357; x_wconf 80' lang='lat' dir='ltr'><strong>Brancaleonibus,</strong></span> <span class='ocrx_word' id='word_1_287' title='bbox 906 3308 1035 3358; x_wconf 78' lang='lat' dir='ltr'><strong>Fulgi-</strong></span> 
     </span>
     <span class='ocr_line' id='line_1_52' title="bbox 75 3371 1027 3426; baseline -0.011 -9"><span class='ocrx_word' id='word_1_288' title='bbox 75 3387 174 3426; x_wconf 76' lang='lat' dir='ltr'><strong>naS,</strong></span> <span class='ocrx_word' id='word_1_289' title='bbox 206 3390 253 3416; x_wconf 89' lang='lat' dir='ltr'><strong>ex</strong></span> <span class='ocrx_word' id='word_1_290' title='bbox 284 3375 509 3415; x_wconf 83' lang='lat' dir='ltr'><strong>Comitibus</strong></span> <span class='ocrx_word' id='word_1_291' title='bbox 541 3374 631 3412; x_wconf 83' lang='lat' dir='ltr'><strong>Luci</strong></span> <span class='ocrx_word' id='word_1_292' title='bbox 662 3378 703 3411; x_wconf 85' lang='lat' dir='ltr'><strong>et</strong></span> <span class='ocrx_word' id='word_1_293' title='bbox 735 3372 898 3412; x_wconf 80' lang='lat' dir='ltr'><strong>Menalis</strong></span> <span class='ocrx_word' id='word_1_294' title='bbox 926 3371 1027 3409; x_wconf 81' lang='lat' dir='ltr'><strong>circa</strong></span> 
     </span>
    </p>
   </div>
   <div class='ocr_carea' id='block_1_4' title="bbox 1093 282 2067 3414">
    <p class='ocr_par' dir='ltr' id='par_1_11' title="bbox 1093 282 2052 465">
     <span class='ocr_line' id='line_1_53' title="bbox 1976 282 2052 321; baseline -0.013 0"><span class='ocrx_word' id='word_1_295' title='bbox 1976 282 2052 321; x_wconf 62' lang='lat'><strong>347</strong></span> 
     </span>
     <span class='ocr_line' id='line_1_54' title="bbox 1093 351 2047 402; baseline 0.002 -13"><span class='ocrx_word' id='word_1_296' title='bbox 1093 362 1126 390; x_wconf 86' lang='lat' dir='ltr'><strong>a.</strong></span> <span class='ocrx_word' id='word_1_297' title='bbox 1158 351 1275 389; x_wconf 76' lang='grc'><strong>4410.</strong></span> <span class='ocrx_word' id='word_1_298' title='bbox 1314 352 1472 402; x_wconf 78' lang='lat' dir='ltr'><strong>reliquit</strong></span> <span class='ocrx_word' id='word_1_299' title='bbox 1496 351 1620 401; x_wconf 82' lang='lat' dir='ltr'><strong>ptura</strong></span> <span class='ocrx_word' id='word_1_300' title='bbox 1653 352 1849 392; x_wconf 81' lang='lat' dir='ltr'><strong>Carmina</strong></span> <span class='ocrx_word' id='word_1_301' title='bbox 1878 356 2047 402; x_wconf 82' lang='lat' dir='ltr'><strong>utraque</strong></span> 
     </span>
     <span class='ocr_line' id='line_1_55' title="bbox 1095 413 1984 465; baseline 0.001 -15"><span class='ocrx_word' id='word_1_302' title='bbox 1095 413 1244 463; x_wconf 82' lang='lat' dir='ltr'><strong>lingua.</strong></span> <span class='ocrx_word' id='word_1_303' title='bbox 1271 413 1450 451; x_wconf 84' lang='lat' dir='ltr'><strong>Jacobilli</strong></span> <span class='ocrx_word' id='word_1_304' title='bbox 1482 414 1578 452; x_wconf 89' lang='lat' dir='ltr'><strong>Bibl.</strong></span> <span class='ocrx_word' id='word_1_305' title='bbox 1615 414 1796 453; x_wconf 80' lang='lat' dir='ltr'><strong>Umbriae</strong></span> <span class='ocrx_word' id='word_1_306' title='bbox 1827 426 1863 465; x_wconf 90' lang='lat' dir='ltr'><strong>p.</strong></span> <span class='ocrx_word' id='word_1_307' title='bbox 1893 414 1984 453; x_wconf 85' lang='grc'><strong>238.</strong></span> 
     </span>
    </p>

    <p class='ocr_par' dir='ltr' id='par_1_12' title="bbox 1094 473 2058 1204">
     <span class='ocr_line' id='line_1_56' title="bbox 1151 473 2056 515; baseline 0.003 -4"><span class='ocrx_word' id='word_1_308' title='bbox 1151 473 1440 514; x_wconf 82' lang='lat' dir='ltr'><strong>RAINALDUS</strong></span> <span class='ocrx_word' id='word_1_309' title='bbox 1457 474 1760 514; x_wconf 80' lang='lat' dir='ltr'><strong>Calementanus</strong></span> <span class='ocrx_word' id='word_1_310' title='bbox 1776 487 1845 514; x_wconf 89' lang='lat' dir='ltr'><strong>seu</strong></span> <span class='ocrx_word' id='word_1_311' title='bbox 1865 474 2056 515; x_wconf 81' lang='lat' dir='ltr'><strong>Colz&#39;men-</strong></span> 
     </span>
     <span class='ocr_line' id='line_1_57' title="bbox 1095 536 2054 586; baseline 0.003 -12"><span class='ocrx_word' id='word_1_312' title='bbox 1095 539 1212 575; x_wconf 80' lang='lat' dir='ltr'><strong>tanus</strong></span> <span class='ocrx_word' id='word_1_313' title='bbox 1256 536 1415 586; x_wconf 85' lang='lat' dir='ltr'><strong>dictus,</strong></span> <span class='ocrx_word' id='word_1_314' title='bbox 1455 548 1503 575; x_wconf 71' lang='lat' dir='ltr'><strong>ex</strong></span> <span class='ocrx_word' id='word_1_315' title='bbox 1543 538 1764 576; x_wconf 86' lang='lat' dir='ltr'><strong>Comitibns</strong></span> <span class='ocrx_word' id='word_1_316' title='bbox 1808 539 2054 585; x_wconf 82' lang='lat' dir='ltr'><strong>Marsorum,</strong></span> 
     </span>
     <span class='ocr_line' id='line_1_58' title="bbox 1096 598 2057 649; baseline 0.003 -14"><span class='ocrx_word' id='word_1_317' title='bbox 1096 598 1317 636; x_wconf 86' lang='lat' dir='ltr'><strong>monachus</strong></span> <span class='ocrx_word' id='word_1_318' title='bbox 1350 599 1388 636; x_wconf 91' lang='lat' dir='ltr'><strong>S.</strong></span> <span class='ocrx_word' id='word_1_319' title='bbox 1415 598 1619 636; x_wconf 82' lang='lat' dir='ltr'><strong>Benedicti</strong></span> <span class='ocrx_word' id='word_1_320' title='bbox 1651 604 1690 637; x_wconf 89' lang='lat' dir='ltr'><strong>et</strong></span> <span class='ocrx_word' id='word_1_321' title='bbox 1722 600 1934 649; x_wconf 74' lang='lat' dir='ltr'><strong>Presbyter</strong></span> <span class='ocrx_word' id='word_1_322' title='bbox 1963 600 2057 639; x_wconf 85' lang='lat' dir='ltr'><strong>Car-</strong></span> 
     </span>
     <span class='ocr_line' id='line_1_59' title="bbox 1095 658 2058 699; baseline 0.003 -3"><span class='ocrx_word' id='word_1_323' title='bbox 1095 658 1241 697; x_wconf 91' lang='lat' dir='ltr'><strong>dinalis</strong></span> <span class='ocrx_word' id='word_1_324' title='bbox 1263 659 1332 697; x_wconf 90' lang='lat' dir='ltr'><strong>SS.</strong></span> <span class='ocrx_word' id='word_1_325' title='bbox 1362 660 1464 697; x_wconf 89' lang='lat' dir='ltr'><strong>Petri</strong></span> <span class='ocrx_word' id='word_1_326' title='bbox 1491 665 1530 697; x_wconf 88' lang='lat' dir='ltr'><strong>et</strong></span> <span class='ocrx_word' id='word_1_327' title='bbox 1554 661 1766 699; x_wconf 86' lang='lat' dir='ltr'><strong>Marcellini</strong></span> <span class='ocrx_word' id='word_1_328' title='bbox 1794 662 1842 699; x_wconf 85' lang='lat' dir='ltr'><strong>ab</strong></span> <span class='ocrx_word' id='word_1_329' title='bbox 1867 662 2058 699; x_wconf 85' lang='lat' dir='ltr'><strong>Innocen-</strong></span> 
     </span>
     <span class='ocr_line' id='line_1_60' title="bbox 1097 720 2057 771; baseline 0.001 -13"><span class='ocrx_word' id='word_1_330' title='bbox 1097 721 1149 758; x_wconf 91' lang='lat' dir='ltr'><strong>tio</strong></span> <span class='ocrx_word' id='word_1_331' title='bbox 1181 720 1226 757; x_wconf 90' lang='grc' dir='ltr'><strong>ΙΙ.</strong></span> <span class='ocrx_word' id='word_1_332' title='bbox 1259 721 1547 768; x_wconf 78' lang='lat' dir='ltr'><strong>renunciatus,</strong></span> <span class='ocrx_word' id='word_1_333' title='bbox 1579 723 1645 771; x_wconf 91' lang='lat' dir='ltr'><strong>qui</strong></span> <span class='ocrx_word' id='word_1_334' title='bbox 1677 722 1771 760; x_wconf 87' lang='lat' dir='ltr'><strong>obiit</strong></span> <span class='ocrx_word' id='word_1_335' title='bbox 1801 723 1955 762; x_wconf 87' lang='lat' dir='ltr'><strong>Cassini</strong></span> <span class='ocrx_word' id='word_1_336' title='bbox 1982 721 2057 760; x_wconf 84' lang='lat' dir='ltr'><strong>ldi-</strong></span> 
     </span>
     <span class='ocr_line' id='line_1_61' title="bbox 1097 781 2053 835; baseline 0.003 -17"><span class='ocrx_word' id='word_1_337' title='bbox 1097 781 1171 819; x_wconf 80' lang='lat' dir='ltr'><strong>bus</strong></span> <span class='ocrx_word' id='word_1_338' title='bbox 1195 782 1301 819; x_wconf 87' lang='lat' dir='ltr'><strong>Junii</strong></span> <span class='ocrx_word' id='word_1_339' title='bbox 1327 794 1359 819; x_wconf 85' lang='lat' dir='ltr'><strong>a.</strong></span> <span class='ocrx_word' id='word_1_340' title='bbox 1394 782 1510 821; x_wconf 78' lang='grc'><strong>4465.</strong></span> <span class='ocrx_word' id='word_1_341' title='bbox 1542 783 1709 832; x_wconf 85' lang='lat' dir='ltr'><strong>Scripsit</strong></span> <span class='ocrx_word' id='word_1_342' title='bbox 1734 785 1773 823; x_wconf 92' lang='lat' dir='ltr'><strong>S.</strong></span> <span class='ocrx_word' id='word_1_343' title='bbox 1799 785 1939 823; x_wconf 77' lang='lat' dir='ltr'><strong>Severi</strong></span> <span class='ocrx_word' id='word_1_344' title='bbox 1962 782 2053 835; x_wconf 79' lang='lat' dir='ltr'><strong>Epi-</strong></span> 
     </span>
     <span class='ocr_line' id='line_1_62' title="bbox 1095 843 2053 894; baseline 0 -13"><span class='ocrx_word' id='word_1_345' title='bbox 1095 843 1205 894; x_wconf 82' lang='lat' dir='ltr'><strong>scopi</strong></span> <span class='ocrx_word' id='word_1_346' title='bbox 1245 843 1395 891; x_wconf 81' lang='lat' dir='ltr'><strong>Vitam,</strong></span> <span class='ocrx_word' id='word_1_347' title='bbox 1427 843 1473 882; x_wconf 79' lang='lat' dir='ltr'><strong>cle</strong></span> <span class='ocrx_word' id='word_1_348' title='bbox 1502 844 1574 882; x_wconf 88' lang='lat' dir='ltr'><strong>SS.</strong></span> <span class='ocrx_word' id='word_1_349' title='bbox 1605 844 1809 882; x_wconf 78' lang='lat' dir='ltr'><strong>Benecle&#39;cto</strong></span> <span class='ocrx_word' id='word_1_350' title='bbox 1840 849 1877 883; x_wconf 86' lang='lat' dir='ltr'><strong>et</strong></span> <span class='ocrx_word' id='word_1_351' title='bbox 1909 847 2053 883; x_wconf 81' lang='lat' dir='ltr'><strong>Mauro</strong></span> 
     </span>
     <span class='ocr_line' id='line_1_63' title="bbox 1096 904 2056 955; baseline -0.002 -12"><span class='ocrx_word' id='word_1_352' title='bbox 1096 915 1264 952; x_wconf 77' lang='lat' dir='ltr'><strong>versus,</strong></span> <span class='ocrx_word' id='word_1_353' title='bbox 1295 904 1342 943; x_wconf 78' lang='lat' dir='ltr'><strong>(le</strong></span> <span class='ocrx_word' id='word_1_354' title='bbox 1365 906 1435 944; x_wconf 88' lang='lat' dir='ltr'><strong>SS.</strong></span> <span class='ocrx_word' id='word_1_355' title='bbox 1459 904 1646 955; x_wconf 77' lang='lat' dir='ltr'><strong>Placido,</strong></span> <span class='ocrx_word' id='word_1_356' title='bbox 1675 907 1818 945; x_wconf 81' lang='lat' dir='ltr'><strong>Mauro</strong></span> <span class='ocrx_word' id='word_1_357' title='bbox 1847 910 1881 944; x_wconf 89' lang='lat' dir='ltr'><strong>et</strong></span> <span class='ocrx_word' id='word_1_358' title='bbox 1910 908 2056 946; x_wconf 84' lang='lat' dir='ltr'><strong>Severo</strong></span> 
     </span>
     <span class='ocr_line' id='line_1_64' title="bbox 1094 965 2055 1019; baseline 0.003 -16"><span class='ocrx_word' id='word_1_359' title='bbox 1094 966 1269 1018; x_wconf 69' lang='lat' dir='ltr'><strong>hymnos.</strong></span> <span class='ocrx_word' id='word_1_360' title='bbox 1297 965 1395 1006; x_wconf 88' lang='lat' dir='ltr'><strong>Vide</strong></span> <span class='ocrx_word' id='word_1_361' title='bbox 1426 968 1539 1018; x_wconf 81' lang='lat' dir='ltr'><strong>plura</strong></span> <span class='ocrx_word' id='word_1_362' title='bbox 1562 968 1664 1019; x_wconf 82' lang='lat' dir='ltr'><strong>apud</strong></span> <span class='ocrx_word' id='word_1_363' title='bbox 1692 969 1923 1007; x_wconf 88' lang='lat' dir='ltr'><strong>Ciaconium</strong></span> <span class='ocrx_word' id='word_1_364' title='bbox 1948 968 2055 1018; x_wconf 84' lang='lat' dir='ltr'><strong>ejus-</strong></span> 
     </span>
     <span class='ocr_line' id='line_1_65' title="bbox 1096 1030 2054 1078; baseline 0.001 -11"><span class='ocrx_word' id='word_1_365' title='bbox 1096 1041 1173 1078; x_wconf 91' lang='lat' dir='ltr'><strong>que</strong></span> <span class='ocrx_word' id='word_1_366' title='bbox 1199 1031 1420 1068; x_wconf 86' lang='lat' dir='ltr'><strong>Auctarios.</strong></span> <span class='ocrx_word' id='word_1_367' title='bbox 1447 1031 1549 1069; x_wconf 87' lang='lat' dir='ltr'><strong>Haec</strong></span> <span class='ocrx_word' id='word_1_368' title='bbox 1574 1030 1766 1069; x_wconf 90' lang='lat' dir='ltr'><strong>Oldoinus</strong></span> <span class='ocrx_word' id='word_1_369' title='bbox 1788 1032 1825 1068; x_wconf 91' lang='lat' dir='ltr'><strong>in</strong></span> <span class='ocrx_word' id='word_1_370' title='bbox 1849 1030 2054 1070; x_wconf 84' lang='lat' dir='ltr'><strong>Athenaeo</strong></span> 
     </span>
     <span class='ocr_line' id='line_1_66' title="bbox 1096 1091 2056 1141; baseline 0.003 -13"><span class='ocrx_word' id='word_1_371' title='bbox 1096 1092 1270 1129; x_wconf 85' lang='lat' dir='ltr'><strong>Romano</strong></span> <span class='ocrx_word' id='word_1_372' title='bbox 1303 1103 1337 1141; x_wconf 92' lang='lat' dir='ltr'><strong>p.</strong></span> <span class='ocrx_word' id='word_1_373' title='bbox 1364 1091 1453 1130; x_wconf 73' lang='lat'><strong>574.</strong></span> <span class='ocrx_word' id='word_1_374' title='bbox 1475 1091 1587 1130; x_wconf 86' lang='lat' dir='ltr'><strong>Adde</strong></span> <span class='ocrx_word' id='word_1_375' title='bbox 1610 1093 1693 1131; x_wconf 87' lang='lat' dir='ltr'><strong>Jac.</strong></span> <span class='ocrx_word' id='word_1_376' title='bbox 1723 1092 1985 1131; x_wconf 84' lang='lat' dir='ltr'><strong>Laderchium</strong></span> <span class='ocrx_word' id='word_1_377' title='bbox 2005 1092 2056 1131; x_wconf 88' lang='lat' dir='ltr'><strong>de</strong></span> 
     </span>
     <span class='ocr_line' id='line_1_67' title="bbox 1096 1153 2002 1204; baseline 0.001 -14"><span class='ocrx_word' id='word_1_378' title='bbox 1096 1153 1261 1199; x_wconf 83' lang='lat' dir='ltr'><strong>Basilica</strong></span> <span class='ocrx_word' id='word_1_379' title='bbox 1295 1154 1364 1192; x_wconf 90' lang='lat' dir='ltr'><strong>SS.</strong></span> <span class='ocrx_word' id='word_1_380' title='bbox 1395 1154 1608 1192; x_wconf 82' lang='lat' dir='ltr'><strong>Marcellini</strong></span> <span class='ocrx_word' id='word_1_381' title='bbox 1639 1159 1680 1192; x_wconf 92' lang='lat' dir='ltr'><strong>et</strong></span> <span class='ocrx_word' id='word_1_382' title='bbox 1710 1155 1812 1192; x_wconf 87' lang='lat' dir='ltr'><strong>Petri</strong></span> <span class='ocrx_word' id='word_1_383' title='bbox 1844 1166 1883 1204; x_wconf 88' lang='lat' dir='ltr'><strong>p.</strong></span> <span class='ocrx_word' id='word_1_384' title='bbox 1911 1154 2002 1192; x_wconf 72' lang='lat'><strong>348.</strong></span> 
     </span>
    </p>

    <p class='ocr_par' dir='ltr' id='par_1_13' title="bbox 1097 1214 2065 1933">
     <span class='ocr_line' id='line_1_68' title="bbox 1149 1214 2055 1265; baseline 0.001 -12"><span class='ocrx_word' id='word_1_385' title='bbox 1149 1214 1461 1263; x_wconf 73' lang='lat' dir='ltr'><strong>RAINALDUS,</strong></span> <span class='ocrx_word' id='word_1_386' title='bbox 1488 1216 1764 1255; x_wconf 87' lang='lat' dir='ltr'><strong>Subdiaconus</strong></span> <span class='ocrx_word' id='word_1_387' title='bbox 1790 1215 2022 1255; x_wconf 78' lang='lat' dir='ltr'><strong>Casinense&#39;s</strong></span> <span class='ocrx_word' id='word_1_388' title='bbox 2047 1247 2055 1265; x_wconf 93' lang='lat'>,</span> 
     </span>
     <span class='ocr_line' id='line_1_69' title="bbox 1103 1276 2058 1323; baseline 0.002 -9"><span class='ocrx_word' id='word_1_389' title='bbox 1103 1287 1180 1315; x_wconf 90' lang='lat' dir='ltr'><strong>sec.</strong></span> <span class='ocrx_word' id='word_1_390' title='bbox 1215 1278 1364 1315; x_wconf 86' lang='lat' dir='ltr'><strong>incerto</strong></span> <span class='ocrx_word' id='word_1_391' title='bbox 1387 1307 1394 1323; x_wconf 87' lang='lat'>,</span> <span class='ocrx_word' id='word_1_392' title='bbox 1430 1277 1555 1315; x_wconf 81' lang='lat' dir='ltr'><strong>Vitam</strong></span> <span class='ocrx_word' id='word_1_393' title='bbox 1578 1279 1622 1316; x_wconf 93' lang='lat' dir='ltr'><strong>B.</strong></span> <span class='ocrx_word' id='word_1_394' title='bbox 1647 1276 1847 1315; x_wconf 79' lang='lat' dir='ltr'><strong>Benedicti</strong></span> <span class='ocrx_word' id='word_1_395' title='bbox 1876 1278 2058 1316; x_wconf 88' lang='lat' dir='ltr'><strong>versibus</strong></span> 
     </span>
     <span class='ocr_line' id='line_1_70' title="bbox 1102 1339 2057 1388; baseline 0.003 -13"><span class='ocrx_word' id='word_1_396' title='bbox 1102 1339 1327 1388; x_wconf 77' lang='lat' dir='ltr'><strong>expressit,</strong></span> <span class='ocrx_word' id='word_1_397' title='bbox 1358 1339 1423 1387; x_wconf 92' lang='lat' dir='ltr'><strong>qui</strong></span> <span class='ocrx_word' id='word_1_398' title='bbox 1456 1339 1644 1388; x_wconf 77' lang='lat' dir='ltr'><strong>leguntur</strong></span> <span class='ocrx_word' id='word_1_399' title='bbox 1674 1341 1711 1376; x_wconf 91' lang='lat' dir='ltr'><strong>in</strong></span> <span class='ocrx_word' id='word_1_400' title='bbox 1745 1340 1952 1377; x_wconf 78' lang='lat' dir='ltr'><strong>Breviariis</strong></span> <span class='ocrx_word' id='word_1_401' title='bbox 1981 1340 2057 1378; x_wconf 91' lang='lat' dir='ltr'><strong>Ca-</strong></span> 
     </span>
     <span class='ocr_line' id='line_1_71' title="bbox 1097 1399 2055 1449; baseline 0.002 -13"><span class='ocrx_word' id='word_1_402' title='bbox 1097 1399 1328 1437; x_wconf 88' lang='lat' dir='ltr'><strong>sinensibus</strong></span> <span class='ocrx_word' id='word_1_403' title='bbox 1372 1409 1407 1436; x_wconf 89' lang='lat' dir='ltr'><strong>a.</strong></span> <span class='ocrx_word' id='word_1_404' title='bbox 1453 1399 1569 1437; x_wconf 80' lang='grc'><strong>4586.</strong></span> <span class='ocrx_word' id='word_1_405' title='bbox 1598 1404 1639 1436; x_wconf 90' lang='lat' dir='ltr'><strong>et</strong></span> <span class='ocrx_word' id='word_1_406' title='bbox 1676 1399 1792 1438; x_wconf 75' lang='grc'><strong>4572.</strong></span> <span class='ocrx_word' id='word_1_407' title='bbox 1833 1401 2055 1449; x_wconf 86' lang='lat' dir='ltr'><strong>impressis.</strong></span> 
     </span>
     <span class='ocr_line' id='line_1_72' title="bbox 1098 1458 2059 1509; baseline 0.001 -11"><span class='ocrx_word' id='word_1_408' title='bbox 1098 1459 1196 1498; x_wconf 89' lang='lat' dir='ltr'><strong>Acta</strong></span> <span class='ocrx_word' id='word_1_409' title='bbox 1223 1458 1291 1497; x_wconf 86' lang='lat' dir='ltr'><strong>SS.</strong></span> <span class='ocrx_word' id='word_1_410' title='bbox 1316 1459 1446 1497; x_wconf 85' lang='lat' dir='ltr'><strong>Martii</strong></span> <span class='ocrx_word' id='word_1_411' title='bbox 1472 1464 1566 1497; x_wconf 88' lang='lat' dir='ltr'><strong>tom.</strong></span> <span class='ocrx_word' id='word_1_412' title='bbox 1593 1460 1659 1497; x_wconf 88' lang='lat'><strong>111.</strong></span> <span class='ocrx_word' id='word_1_413' title='bbox 1690 1471 1724 1509; x_wconf 74' lang='lat' dir='ltr'><strong>p.</strong></span> <span class='ocrx_word' id='word_1_414' title='bbox 1750 1459 1839 1497; x_wconf 87' lang='grc'><strong>276.</strong></span> <span class='ocrx_word' id='word_1_415' title='bbox 1865 1460 2059 1509; x_wconf 89' lang='lat' dir='ltr'><strong>Ejusdem</strong></span> 
     </span>
     <span class='ocr_line' id='line_1_73' title="bbox 1102 1519 2060 1571; baseline 0 -11"><span class='ocrx_word' id='word_1_416' title='bbox 1102 1523 1247 1560; x_wconf 81' lang='lat' dir='ltr'><strong>Versus</strong></span> <span class='ocrx_word' id='word_1_417' title='bbox 1272 1520 1311 1558; x_wconf 78' lang='lat' dir='ltr'><strong>in</strong></span> <span class='ocrx_word' id='word_1_418' title='bbox 1340 1519 1528 1571; x_wconf 74' lang='lat' dir='ltr'><strong>Reyulam</strong></span> <span class='ocrx_word' id='word_1_419' title='bbox 1554 1522 1595 1560; x_wconf 89' lang='lat' dir='ltr'><strong>S.</strong></span> <span class='ocrx_word' id='word_1_420' title='bbox 1616 1520 1816 1558; x_wconf 81' lang='lat' dir='ltr'><strong>Benedicti</strong></span> <span class='ocrx_word' id='word_1_421' title='bbox 1844 1521 2060 1560; x_wconf 83' lang='lat' dir='ltr'><strong>adservan-</strong></span> 
     </span>
     <span class='ocr_line' id='line_1_74' title="bbox 1097 1582 2061 1622; baseline -0.001 -1"><span class='ocrx_word' id='word_1_422' title='bbox 1097 1584 1220 1622; x_wconf 88' lang='lat' dir='ltr'><strong>turin</strong></span> <span class='ocrx_word' id='word_1_423' title='bbox 1243 1582 1340 1621; x_wconf 90' lang='lat' dir='ltr'><strong>Bibl.</strong></span> <span class='ocrx_word' id='word_1_424' title='bbox 1366 1583 1594 1620; x_wconf 87' lang='lat' dir='ltr'><strong>monasterii</strong></span> <span class='ocrx_word' id='word_1_425' title='bbox 1617 1582 1860 1621; x_wconf 89' lang='lat' dir='ltr'><strong>Casinensis.</strong></span> <span class='ocrx_word' id='word_1_426' title='bbox 1878 1583 1995 1620; x_wconf 89' lang='lat' dir='ltr'><strong>Bern.</strong></span> <span class='ocrx_word' id='word_1_427' title='bbox 2011 1583 2061 1620; x_wconf 91' lang='lat' dir='ltr'><strong>de</strong></span> 
     </span>
     <span class='ocr_line' id='line_1_75' title="bbox 1097 1643 2057 1694; baseline -0.001 -11"><span class='ocrx_word' id='word_1_428' title='bbox 1097 1645 1348 1684; x_wconf 82' lang='lat' dir='ltr'><strong>Montfaucon</strong></span> <span class='ocrx_word' id='word_1_429' title='bbox 1390 1645 1486 1683; x_wconf 86' lang='lat' dir='ltr'><strong>Bibl.</strong></span> <span class='ocrx_word' id='word_1_430' title='bbox 1519 1643 1852 1683; x_wconf 88' lang='lat' dir='ltr'><strong>Bibliothecarum</strong></span> <span class='ocrx_word' id='word_1_431' title='bbox 1882 1644 1992 1683; x_wconf 90' lang='lat' dir='ltr'><strong>MSS.</strong></span> <span class='ocrx_word' id='word_1_432' title='bbox 2020 1656 2057 1694; x_wconf 93' lang='lat' dir='ltr'><strong>p.</strong></span> 
     </span>
     <span class='ocr_line' id='line_1_76' title="bbox 1098 1704 2063 1758; baseline -0.004 -12"><span class='ocrx_word' id='word_1_433' title='bbox 1098 1708 1188 1746; x_wconf 73' lang='grc'><strong>224.</strong></span> <span class='ocrx_word' id='word_1_434' title='bbox 1215 1708 1391 1758; x_wconf 76' lang='lat' dir='ltr'><strong>Hymnos</strong></span> <span class='ocrx_word' id='word_1_435' title='bbox 1419 1717 1578 1757; x_wconf 88' lang='lat' dir='ltr'><strong>quoque</strong></span> <span class='ocrx_word' id='word_1_436' title='bbox 1602 1705 1642 1743; x_wconf 83' lang='lat' dir='ltr'><strong>in</strong></span> <span class='ocrx_word' id='word_1_437' title='bbox 1667 1704 1826 1743; x_wconf 80' lang='lat' dir='ltr'><strong>laudem</strong></span> <span class='ocrx_word' id='word_1_438' title='bbox 1853 1706 1894 1744; x_wconf 92' lang='lat' dir='ltr'><strong>S.</strong></span> <span class='ocrx_word' id='word_1_439' title='bbox 1923 1706 2063 1744; x_wconf 74' lang='lat' dir='ltr'><strong>Severi</strong></span> 
     </span>
     <span class='ocr_line' id='line_1_77' title="bbox 1104 1766 2065 1818; baseline -0.003 -11"><span class='ocrx_word' id='word_1_440' title='bbox 1104 1769 1354 1809; x_wconf 89' lang='lat' dir='ltr'><strong>Confessoris</strong></span> <span class='ocrx_word' id='word_1_441' title='bbox 1385 1774 1426 1807; x_wconf 91' lang='lat' dir='ltr'><strong>et</strong></span> <span class='ocrx_word' id='word_1_442' title='bbox 1454 1769 1639 1818; x_wconf 89' lang='lat' dir='ltr'><strong>Episcopi</strong></span> <span class='ocrx_word' id='word_1_443' title='bbox 1669 1766 1866 1806; x_wconf 85' lang='lat' dir='ltr'><strong>Casinatis</strong></span> <span class='ocrx_word' id='word_1_444' title='bbox 1898 1768 1970 1817; x_wconf 91' lang='lat' dir='ltr'><strong>ipsi</strong></span> <span class='ocrx_word' id='word_1_445' title='bbox 1995 1768 2065 1806; x_wconf 90' lang='lat' dir='ltr'><strong>tri-</strong></span> 
     </span>
     <span class='ocr_line' id='line_1_78' title="bbox 1098 1828 2061 1870; baseline -0.003 -1"><span class='ocrx_word' id='word_1_446' title='bbox 1098 1831 1184 1870; x_wconf 85' lang='lat' dir='ltr'><strong>buit</strong></span> <span class='ocrx_word' id='word_1_447' title='bbox 1221 1831 1362 1869; x_wconf 87' lang='lat' dir='ltr'><strong>Petrus</strong></span> <span class='ocrx_word' id='word_1_448' title='bbox 1391 1831 1591 1869; x_wconf 90' lang='lat' dir='ltr'><strong>Diaconus</strong></span> <span class='ocrx_word' id='word_1_449' title='bbox 1619 1829 1668 1867; x_wconf 90' lang='lat' dir='ltr'><strong>de</strong></span> <span class='ocrx_word' id='word_1_450' title='bbox 1700 1829 1801 1867; x_wconf 80' lang='lat' dir='ltr'><strong>Viris</strong></span> <span class='ocrx_word' id='word_1_451' title='bbox 1839 1828 2061 1868; x_wconf 90' lang='lat' dir='ltr'><strong>illustribus</strong></span> 
     </span>
     <span class='ocr_line' id='line_1_79' title="bbox 1101 1892 1550 1933; baseline -0.011 0"><span class='ocrx_word' id='word_1_452' title='bbox 1101 1892 1390 1933; x_wconf 89' lang='lat' dir='ltr'><strong>Casinensibus</strong></span> <span class='ocrx_word' id='word_1_453' title='bbox 1419 1903 1452 1930; x_wconf 88' lang='lat' dir='ltr'><strong>c.</strong></span> <span class='ocrx_word' id='word_1_454' title='bbox 1487 1893 1550 1929; x_wconf 67' lang='lat'><strong>44.</strong></span> 
     </span>
    </p>

    <p class='ocr_par' dir='ltr' id='par_1_14' title="bbox 1103 1951 2057 2056">
     <span class='ocr_line' id='line_1_80' title="bbox 1154 1951 2057 2001; baseline -0.003 -9"><span class='ocrx_word' id='word_1_455' title='bbox 1154 1954 1442 1993; x_wconf 81' lang='lat' dir='ltr'><strong>RAINALDUS</strong></span> <span class='ocrx_word' id='word_1_456' title='bbox 1473 1953 1773 2001; x_wconf 72' lang='lat' dir='ltr'><strong>Cisterciensis,</strong></span> <span class='ocrx_word' id='word_1_457' title='bbox 1803 1951 1885 1990; x_wconf 87' lang='lat' dir='ltr'><strong>vid.</strong></span> <span class='ocrx_word' id='word_1_458' title='bbox 1915 1951 2057 1990; x_wconf 74' lang='lat' dir='ltr'><strong>Retine-</strong></span> 
     </span>
     <span class='ocr_line' id='line_1_81' title="bbox 1103 2016 1389 2056; baseline 0.007 -2"><span class='ocrx_word' id='word_1_459' title='bbox 1103 2017 1193 2056; x_wconf 82' lang='lat' dir='ltr'><strong>rius</strong></span> <span class='ocrx_word' id='word_1_460' title='bbox 1224 2016 1389 2056; x_wconf 76' lang='lat' dir='ltr'><strong>Cisterc.</strong></span> 
     </span>
    </p>

    <p class='ocr_par' dir='ltr' id='par_1_15' title="bbox 1105 2075 2060 2179">
     <span class='ocr_line' id='line_1_82' title="bbox 1154 2075 2060 2121; baseline -0.003 -5"><span class='ocrx_word' id='word_1_461' title='bbox 1154 2077 1443 2117; x_wconf 85' lang='lat' dir='ltr'><strong>RAINALDUS</strong></span> <span class='ocrx_word' id='word_1_462' title='bbox 1488 2076 1786 2121; x_wconf 67' lang='lat' dir='ltr'><strong>Cluniae-enses,</strong></span> <span class='ocrx_word' id='word_1_463' title='bbox 1835 2076 1911 2114; x_wconf 85' lang='lat' dir='ltr'><strong>vid.</strong></span> <span class='ocrx_word' id='word_1_464' title='bbox 1958 2075 2060 2113; x_wconf 86' lang='lat' dir='ltr'><strong>infra</strong></span> 
     </span>
     <span class='ocr_line' id='line_1_83' title="bbox 1105 2138 1580 2179; baseline -0.004 0"><span class='ocrx_word' id='word_1_465' title='bbox 1105 2139 1325 2179; x_wconf 77' lang='lat' dir='ltr'><strong>Rainaldus</strong></span> <span class='ocrx_word' id='word_1_466' title='bbox 1346 2138 1394 2178; x_wconf 82' lang='lat' dir='ltr'><strong>de</strong></span> <span class='ocrx_word' id='word_1_467' title='bbox 1423 2141 1580 2179; x_wconf 84' lang='lat' dir='ltr'><strong>Semur.</strong></span> 
     </span>
    </p>

    <p class='ocr_par' dir='ltr' id='par_1_16' title="bbox 1105 2198 2067 2678">
     <span class='ocr_line' id='line_1_84' title="bbox 1161 2198 2063 2252; baseline -0.003 -11"><span class='ocrx_word' id='word_1_468' title='bbox 1161 2202 1473 2249; x_wconf 81' lang='lat' dir='ltr'><strong>RAlNALDUS,</strong></span> <span class='ocrx_word' id='word_1_469' title='bbox 1519 2203 1742 2252; x_wconf 88' lang='lat' dir='ltr'><strong>Episcopus</strong></span> <span class='ocrx_word' id='word_1_470' title='bbox 1784 2198 2063 2250; x_wconf 60' lang='lat' dir='ltr'><strong>Linqwensss,</strong></span> 
     </span>
     <span class='ocr_line' id='line_1_85' title="bbox 1105 2260 2066 2312; baseline -0.004 -11"><span class='ocrx_word' id='word_1_471' title='bbox 1105 2265 1208 2302; x_wconf 83' lang='lat' dir='ltr'><strong>circa</strong></span> <span class='ocrx_word' id='word_1_472' title='bbox 1239 2274 1272 2301; x_wconf 91' lang='lat' dir='ltr'><strong>a.</strong></span> <span class='ocrx_word' id='word_1_473' title='bbox 1307 2263 1421 2302; x_wconf 88' lang='grc'><strong>4080.</strong></span> <span class='ocrx_word' id='word_1_474' title='bbox 1454 2264 1622 2312; x_wconf 87' lang='lat' dir='ltr'><strong>Scripsit</strong></span> <span class='ocrx_word' id='word_1_475' title='bbox 1649 2261 1696 2300; x_wconf 86' lang='lat' dir='ltr'><strong>de</strong></span> <span class='ocrx_word' id='word_1_476' title='bbox 1731 2260 1842 2308; x_wconf 79' lang='lat' dir='ltr'><strong>Vita,</strong></span> <span class='ocrx_word' id='word_1_477' title='bbox 1873 2271 1996 2310; x_wconf 75' lang='lat' dir='ltr'><strong>ayone</strong></span> <span class='ocrx_word' id='word_1_478' title='bbox 2025 2266 2066 2299; x_wconf 91' lang='lat' dir='ltr'><strong>et</strong></span> 
     </span>
     <span class='ocr_line' id='line_1_86' title="bbox 1106 2321 2067 2375; baseline -0.004 -13"><span class='ocrx_word' id='word_1_479' title='bbox 1106 2324 1304 2375; x_wconf 81' lang='lat' dir='ltr'><strong>triumpho</strong></span> <span class='ocrx_word' id='word_1_480' title='bbox 1320 2326 1360 2364; x_wconf 89' lang='lat' dir='ltr'><strong>S.</strong></span> <span class='ocrx_word' id='word_1_481' title='bbox 1385 2323 1623 2370; x_wconf 74' lang='lat' dir='ltr'><strong>mamantis,</strong></span> <span class='ocrx_word' id='word_1_482' title='bbox 1641 2322 1905 2371; x_wconf 77' lang='lat' dir='ltr'><strong>Lingonensis</strong></span> <span class='ocrx_word' id='word_1_483' title='bbox 1928 2321 2067 2359; x_wconf 89' lang='lat' dir='ltr'><strong>Eccle—</strong></span> 
     </span>
     <span class='ocr_line' id='line_1_87' title="bbox 1106 2383 2061 2436; baseline -0.006 -12"><span class='ocrx_word' id='word_1_484' title='bbox 1106 2388 1188 2425; x_wconf 90' lang='lat' dir='ltr'><strong>siae</strong></span> <span class='ocrx_word' id='word_1_485' title='bbox 1213 2387 1371 2426; x_wconf 87' lang='lat' dir='ltr'><strong>Patroni</strong></span> <span class='ocrx_word' id='word_1_486' title='bbox 1395 2417 1403 2434; x_wconf 88' lang='lat'>‚</span> <span class='ocrx_word' id='word_1_487' title='bbox 1424 2397 1526 2436; x_wconf 88' lang='lat' dir='ltr'><strong>quae</strong></span> <span class='ocrx_word' id='word_1_488' title='bbox 1547 2384 1651 2424; x_wconf 91' lang='lat' dir='ltr'><strong>edita</strong></span> <span class='ocrx_word' id='word_1_489' title='bbox 1676 2388 1738 2422; x_wconf 89' lang='lat' dir='ltr'><strong>est</strong></span> <span class='ocrx_word' id='word_1_490' title='bbox 1756 2384 1792 2420; x_wconf 92' lang='lat' dir='ltr'><strong>in</strong></span> <span class='ocrx_word' id='word_1_491' title='bbox 1813 2383 1872 2420; x_wconf 84' lang='lat' dir='ltr'><strong>Jo.</strong></span> <span class='ocrx_word' id='word_1_492' title='bbox 1894 2394 1914 2419; x_wconf 91' lang='lat' dir='ltr'><strong>a</strong></span> <span class='ocrx_word' id='word_1_493' title='bbox 1937 2383 2061 2419; x_wconf 87' lang='lat' dir='ltr'><strong>Bosco</strong></span> 
     </span>
     <span class='ocr_line' id='line_1_88' title="bbox 1106 2442 2060 2495; baseline -0.007 -8"><span class='ocrx_word' id='word_1_494' title='bbox 1106 2449 1347 2487; x_wconf 86' lang='lat' dir='ltr'><strong>Bibliotheca</strong></span> <span class='ocrx_word' id='word_1_495' title='bbox 1372 2448 1609 2486; x_wconf 87' lang='lat' dir='ltr'><strong>Floriacensi</strong></span> <span class='ocrx_word' id='word_1_496' title='bbox 1629 2451 1708 2484; x_wconf 91' lang='lat' dir='ltr'><strong>tom</strong></span> <span class='ocrx_word' id='word_1_497' title='bbox 1743 2446 1790 2483; x_wconf 89' lang='lat'><strong>11.</strong></span> <span class='ocrx_word' id='word_1_498' title='bbox 1805 2456 1843 2495; x_wconf 94' lang='lat' dir='ltr'><strong>p.</strong></span> <span class='ocrx_word' id='word_1_499' title='bbox 1860 2443 1951 2481; x_wconf 87' lang='grc'><strong>220.</strong></span> <span class='ocrx_word' id='word_1_500' title='bbox 1967 2442 2060 2482; x_wconf 60' lang='grc' dir='ltr'><strong>2ᾰο.</strong></span> 
     </span>
     <span class='ocr_line' id='line_1_89' title="bbox 1106 2505 2062 2557; baseline -0.009 -7"><span class='ocrx_word' id='word_1_501' title='bbox 1106 2509 1357 2550; x_wconf 81' lang='lat' dir='ltr'><strong>Rainardum</strong></span> <span class='ocrx_word' id='word_1_502' title='bbox 1386 2515 1503 2548; x_wconf 86' lang='lat' dir='ltr'><strong>vocat</strong></span> <span class='ocrx_word' id='word_1_503' title='bbox 1531 2508 1803 2557; x_wconf 78' lang='lat' dir='ltr'><strong>Necrologium</strong></span> <span class='ocrx_word' id='word_1_504' title='bbox 1836 2506 1874 2544; x_wconf 90' lang='lat' dir='ltr'><strong>S.</strong></span> <span class='ocrx_word' id='word_1_505' title='bbox 1899 2505 2062 2553; x_wconf 85' lang='lat' dir='ltr'><strong>Benigni</strong></span> 
     </span>
     <span class='ocr_line' id='line_1_90' title="bbox 1105 2563 2061 2614; baseline -0.008 -6"><span class='ocrx_word' id='word_1_506' title='bbox 1105 2571 1360 2608; x_wconf 85' lang='lat' dir='ltr'><strong>Divionensis</strong></span> <span class='ocrx_word' id='word_1_507' title='bbox 1377 2570 1414 2606; x_wconf 94' lang='lat' dir='ltr'><strong>in</strong></span> <span class='ocrx_word' id='word_1_508' title='bbox 1432 2568 1527 2606; x_wconf 88' lang='lat' dir='ltr'><strong>Bibl.</strong></span> <span class='ocrx_word' id='word_1_509' title='bbox 1555 2568 1593 2606; x_wconf 90' lang='lat' dir='ltr'><strong>S.</strong></span> <span class='ocrx_word' id='word_1_510' title='bbox 1612 2566 1799 2605; x_wconf 88' lang='lat' dir='ltr'><strong>Germani</strong></span> <span class='ocrx_word' id='word_1_511' title='bbox 1821 2563 1926 2614; x_wconf 91' lang='lat' dir='ltr'><strong>apud</strong></span> <span class='ocrx_word' id='word_1_512' title='bbox 1946 2564 2061 2601; x_wconf 88' lang='lat' dir='ltr'><strong>Bern.</strong></span> 
     </span>
     <span class='ocr_line' id='line_1_91' title="bbox 1108 2627 1768 2678; baseline -0.006 -10"><span class='ocrx_word' id='word_1_513' title='bbox 1108 2629 1157 2668; x_wconf 91' lang='lat' dir='ltr'><strong>de</strong></span> <span class='ocrx_word' id='word_1_514' title='bbox 1186 2629 1435 2672; x_wconf 83' lang='lat' dir='ltr'><strong>Montfaucon</strong></span> <span class='ocrx_word' id='word_1_515' title='bbox 1468 2629 1492 2667; x_wconf 93' lang='lat' dir='ltr'><strong>l.</strong></span> <span class='ocrx_word' id='word_1_516' title='bbox 1522 2640 1555 2667; x_wconf 91' lang='lat' dir='ltr'><strong>c.</strong></span> <span class='ocrx_word' id='word_1_517' title='bbox 1586 2640 1621 2678; x_wconf 89' lang='lat' dir='ltr'><strong>p.</strong></span> <span class='ocrx_word' id='word_1_518' title='bbox 1652 2627 1768 2666; x_wconf 83' lang='grc'><strong>4464.</strong></span> 
     </span>
    </p>

    <p class='ocr_par' dir='ltr' id='par_1_17' title="bbox 1109 2687 2066 3414">
     <span class='ocr_line' id='line_1_92' title="bbox 1162 2687 2065 2735; baseline -0.006 -6"><span class='ocrx_word' id='word_1_519' title='bbox 1162 2689 1448 2729; x_wconf 83' lang='lat' dir='ltr'><strong>RAINALDUS</strong></span> <span class='ocrx_word' id='word_1_520' title='bbox 1479 2689 1526 2728; x_wconf 84' lang='lat' dir='ltr'><strong>de</strong></span> <span class='ocrx_word' id='word_1_521' title='bbox 1549 2690 1784 2735; x_wconf 81' lang='lat' dir='ltr'><strong>Montauro‚</strong></span> <span class='ocrx_word' id='word_1_522' title='bbox 1814 2687 1981 2725; x_wconf 85' lang='lat' dir='ltr'><strong>Netinus</strong></span> <span class='ocrx_word' id='word_1_523' title='bbox 2006 2687 2065 2725; x_wconf 89' lang='lat' dir='ltr'><strong>Si-</strong></span> 
     </span>
     <span class='ocr_line' id='line_1_93' title="bbox 1109 2748 2063 2801; baseline -0.004 -9"><span class='ocrx_word' id='word_1_524' title='bbox 1109 2753 1250 2800; x_wconf 89' lang='lat' dir='ltr'><strong>culus,</strong></span> <span class='ocrx_word' id='word_1_525' title='bbox 1286 2751 1403 2801; x_wconf 86' lang='lat' dir='ltr'><strong>cujus</strong></span> <span class='ocrx_word' id='word_1_526' title='bbox 1435 2757 1561 2790; x_wconf 87' lang='lat' dir='ltr'><strong>mater</strong></span> <span class='ocrx_word' id='word_1_527' title='bbox 1589 2763 1660 2789; x_wconf 81' lang='lat' dir='ltr'><strong>ex·</strong></span> <span class='ocrx_word' id='word_1_528' title='bbox 1673 2749 1886 2788; x_wconf 81' lang='lat' dir='ltr'><strong>Landolina</strong></span> <span class='ocrx_word' id='word_1_529' title='bbox 1916 2748 2063 2788; x_wconf 83' lang='lat' dir='ltr'><strong>familia</strong></span> 
     </span>
     <span class='ocr_line' id='line_1_94' title="bbox 1111 2809 2064 2866; baseline -0.005 -13"><span class='ocrx_word' id='word_1_530' title='bbox 1111 2815 1312 2866; x_wconf 85' lang='lat' dir='ltr'><strong>provenit,</strong></span> <span class='ocrx_word' id='word_1_531' title='bbox 1336 2814 1462 2852; x_wconf 87' lang='lat' dir='ltr'><strong>nobile</strong></span> <span class='ocrx_word' id='word_1_532' title='bbox 1487 2824 1632 2864; x_wconf 81' lang='lat' dir='ltr'><strong>genere</strong></span> <span class='ocrx_word' id='word_1_533' title='bbox 1664 2817 1807 2858; x_wconf 71' lang='lat' dir='ltr'><strong>natus,</strong></span> <span class='ocrx_word' id='word_1_534' title='bbox 1832 2809 1924 2848; x_wconf 89' lang='lat' dir='ltr'><strong>Ord.</strong></span> <span class='ocrx_word' id='word_1_535' title='bbox 1950 2811 2064 2849; x_wconf 87' lang='lat' dir='ltr'><strong>Prae-</strong></span> 
     </span>
     <span class='ocr_line' id='line_1_95' title="bbox 1110 2873 2066 2915; baseline -0.004 -1"><span class='ocrx_word' id='word_1_536' title='bbox 1110 2877 1330 2915; x_wconf 79' lang='lat' dir='ltr'><strong>dicatorum</strong></span> <span class='ocrx_word' id='word_1_537' title='bbox 1374 2877 1518 2915; x_wconf 87' lang='lat' dir='ltr'><strong>Doctor</strong></span> <span class='ocrx_word' id='word_1_538' title='bbox 1562 2874 1918 2914; x_wconf 83' lang='lat' dir='ltr'><strong>Salinanticensis.</strong></span> <span class='ocrx_word' id='word_1_539' title='bbox 1958 2873 2066 2910; x_wconf 86' lang='lat' dir='ltr'><strong>Prior</strong></span> 
     </span>
     <span class='ocr_line' id='line_1_96' title="bbox 1110 2933 2064 2987; baseline -0.006 -10"><span class='ocrx_word' id='word_1_540' title='bbox 1110 2938 1367 2977; x_wconf 85' lang='lat' dir='ltr'><strong>Provincialis</strong></span> <span class='ocrx_word' id='word_1_541' title='bbox 1396 2938 1574 2986; x_wconf 87' lang='lat' dir='ltr'><strong>Siciliae,</strong></span> <span class='ocrx_word' id='word_1_542' title='bbox 1605 2941 1694 2987; x_wconf 91' lang='lat' dir='ltr'><strong>post</strong></span> <span class='ocrx_word' id='word_1_543' title='bbox 1724 2935 1938 2984; x_wconf 82' lang='lat' dir='ltr'><strong>inquisitor</strong></span> <span class='ocrx_word' id='word_1_544' title='bbox 1973 2933 2064 2972; x_wconf 82' lang='lat' dir='ltr'><strong>fidei</strong></span> 
     </span>
     <span class='ocr_line' id='line_1_97' title="bbox 1110 2996 2064 3046; baseline -0.008 -6"><span class='ocrx_word' id='word_1_545' title='bbox 1110 3001 1328 3040; x_wconf 90' lang='lat' dir='ltr'><strong>Generalis.</strong></span> <span class='ocrx_word' id='word_1_546' title='bbox 1345 3000 1390 3039; x_wconf 89' lang='lat' dir='ltr'><strong>A.</strong></span> <span class='ocrx_word' id='word_1_547' title='bbox 1405 2999 1652 3039; x_wconf 85' lang='lat' dir='ltr'><strong>Ferdinando</strong></span> <span class='ocrx_word' id='word_1_548' title='bbox 1670 2999 1714 3036; x_wconf 90' lang='lat' dir='ltr'><strong>ll.</strong></span> <span class='ocrx_word' id='word_1_549' title='bbox 1726 2998 1754 3036; x_wconf 87' lang='grc' dir='ltr'>Α</span> <span class='ocrx_word' id='word_1_550' title='bbox 1763 2997 1944 3046; x_wconf 81' lang='lat' dir='ltr'><strong>ragoniae</strong></span> <span class='ocrx_word' id='word_1_551' title='bbox 1960 2996 2064 3044; x_wconf 80' lang='lat' dir='ltr'><strong>Rege</strong></span> 
     </span>
     <span class='ocr_line' id='line_1_98' title="bbox 1110 3056 2065 3112; baseline -0.007 -12"><span class='ocrx_word' id='word_1_552' title='bbox 1110 3061 1314 3112; x_wconf 88' lang='lat' dir='ltr'><strong>Neapolim</strong></span> <span class='ocrx_word' id='word_1_553' title='bbox 1342 3067 1508 3100; x_wconf 88' lang='lat' dir='ltr'><strong>vocatus</strong></span> <span class='ocrx_word' id='word_1_554' title='bbox 1537 3065 1623 3106; x_wconf 85' lang='lat' dir='ltr'><strong>est,</strong></span> <span class='ocrx_word' id='word_1_555' title='bbox 1655 3059 1717 3098; x_wconf 91' lang='lat' dir='ltr'><strong>ubi</strong></span> <span class='ocrx_word' id='word_1_556' title='bbox 1750 3069 1826 3096; x_wconf 90' lang='lat' dir='ltr'><strong>una</strong></span> <span class='ocrx_word' id='word_1_557' title='bbox 1856 3068 1947 3095; x_wconf 88' lang='lat' dir='ltr'><strong>cum</strong></span> <span class='ocrx_word' id='word_1_558' title='bbox 1978 3056 2065 3095; x_wconf 90' lang='lat' dir='ltr'><strong>aliis</strong></span> 
     </span>
     <span class='ocr_line' id='line_1_99' title="bbox 1110 3118 2066 3173; baseline -0.006 -12"><span class='ocrx_word' id='word_1_559' title='bbox 1110 3123 1297 3162; x_wconf 86' lang='lat' dir='ltr'><strong>Tribunal</strong></span> <span class='ocrx_word' id='word_1_560' title='bbox 1319 3123 1591 3173; x_wconf 76' lang='lat' dir='ltr'><strong>Inquisitionis</strong></span> <span class='ocrx_word' id='word_1_561' title='bbox 1616 3121 1799 3159; x_wconf 81' lang='lat' dir='ltr'><strong>instituit.</strong></span> <span class='ocrx_word' id='word_1_562' title='bbox 1818 3118 1878 3156; x_wconf 82' lang='lat' dir='ltr'><strong>Ab</strong></span> <span class='ocrx_word' id='word_1_563' title='bbox 1893 3118 2066 3156; x_wconf 82' lang='lat' dir='ltr'><strong>Alexan-</strong></span> 
     </span>
     <span class='ocr_line' id='line_1_100' title="bbox 1110 3177 2065 3233; baseline -0.007 -10"><span class='ocrx_word' id='word_1_564' title='bbox 1110 3185 1180 3223; x_wconf 92' lang='lat' dir='ltr'><strong>dro</strong></span> <span class='ocrx_word' id='word_1_565' title='bbox 1209 3185 1271 3223; x_wconf 94' lang='lat' dir='ltr'><strong>VI.</strong></span> <span class='ocrx_word' id='word_1_566' title='bbox 1302 3195 1337 3222; x_wconf 89' lang='lat' dir='ltr'><strong>a.</strong></span> <span class='ocrx_word' id='word_1_567' title='bbox 1368 3182 1484 3223; x_wconf 77' lang='grc'><strong>4497.</strong></span> <span class='ocrx_word' id='word_1_568' title='bbox 1515 3184 1734 3233; x_wconf 82' lang='lat' dir='ltr'><strong>Episcopus</strong></span> <span class='ocrx_word' id='word_1_569' title='bbox 1763 3177 2065 3232; x_wconf 79' lang='lat' dir='ltr'><strong>Cephalaedita-</strong></span> 
     </span>
     <span class='ocr_line' id='line_1_101' title="bbox 1110 3241 2064 3295; baseline -0.007 -11"><span class='ocrx_word' id='word_1_570' title='bbox 1110 3258 1212 3295; x_wconf 88' lang='lat' dir='ltr'><strong>nus,</strong></span> <span class='ocrx_word' id='word_1_571' title='bbox 1257 3257 1291 3285; x_wconf 88' lang='lat' dir='ltr'><strong>a.</strong></span> <span class='ocrx_word' id='word_1_572' title='bbox 1342 3245 1457 3284; x_wconf 60' lang='grc'><strong>4497.</strong></span> <span class='ocrx_word' id='word_1_573' title='bbox 1501 3244 1706 3283; x_wconf 79' lang='lat' dir='ltr'><strong>Generalis</strong></span> <span class='ocrx_word' id='word_1_574' title='bbox 1757 3241 2064 3281; x_wconf 85' lang='lat' dir='ltr'><strong>Commissarius</strong></span> 
     </span>
     <span class='ocr_line' id='line_1_102' title="bbox 1111 3302 2064 3346; baseline -0.008 0"><span class='ocrx_word' id='word_1_575' title='bbox 1111 3309 1280 3346; x_wconf 84' lang='lat' dir='ltr'><strong>Sanctae</strong></span> <span class='ocrx_word' id='word_1_576' title='bbox 1319 3308 1528 3346; x_wconf 83' lang='lat' dir='ltr'><strong>Cruciatae</strong></span> <span class='ocrx_word' id='word_1_577' title='bbox 1572 3307 1609 3343; x_wconf 91' lang='lat' dir='ltr'><strong>in</strong></span> <span class='ocrx_word' id='word_1_578' title='bbox 1644 3305 1773 3344; x_wconf 89' lang='lat' dir='ltr'><strong>Sicilia</strong></span> <span class='ocrx_word' id='word_1_579' title='bbox 1801 3308 1842 3342; x_wconf 83' lang='lat' dir='ltr'><strong>et</strong></span> <span class='ocrx_word' id='word_1_580' title='bbox 1870 3302 2064 3341; x_wconf 87' lang='lat' dir='ltr'><strong>Collector</strong></span> 
     </span>
     <span class='ocr_line' id='line_1_103' title="bbox 1111 3361 2064 3414; baseline -0.009 -6"><span class='ocrx_word' id='word_1_581' title='bbox 1111 3371 1363 3409; x_wconf 68' lang='lat' dir='ltr'><strong>herimarum</strong></span> <span class='ocrx_word' id='word_1_582' title='bbox 1403 3368 1799 3414; x_wconf 83' lang='lat' dir='ltr'><strong>Ecclesiasticarum,</strong></span> <span class='ocrx_word' id='word_1_583' title='bbox 1830 3375 1851 3403; x_wconf 84' lang='lat' dir='ltr'><strong>a</strong></span> <span class='ocrx_word' id='word_1_584' title='bbox 1879 3363 1981 3403; x_wconf 84' lang='lat' dir='ltr'><strong>Julio</strong></span> <span class='ocrx_word' id='word_1_585' title='bbox 2016 3361 2064 3400; x_wconf 90' lang='lat'><strong>11.</strong></span> 
     </span>
    </p>
   </div>
  </div>
 </body>
</html>
