<?xml version="1.0" encoding="UTF-8"?>
<!DOCTYPE html PUBLIC "-//W3C//DTD XHTML 1.0 Transitional//EN"
    "http://www.w3.org/TR/xhtml1/DTD/xhtml1-transitional.dtd">
<html xmlns="http://www.w3.org/1999/xhtml" xml:lang="en" lang="en">
 <head>
  <title>
</title>
<meta http-equiv="Content-Type" content="text/html;charset=utf-8" />
  <meta name='ocr-system' content='tesseract 3.04.00' />
  <meta name='ocr-capabilities' content='ocr_page ocr_carea ocr_par ocr_line ocrx_word'/>
</head>
<body>
  <div class='ocr_page' id='page_1' title='image "./bibliothecalatin05fabruoft/bibliothecalatin05fabruoft_0035.png"; bbox 0 0 2566 4009; ppageno 0'>
   <div class='ocr_carea' id='block_1_1' title="bbox 960 239 2118 281">
    <p class='ocr_par' dir='ltr' id='par_1_1' title="bbox 960 239 2118 281">
     <span class='ocr_line' id='line_1_1' title="bbox 960 239 2118 281; baseline -0.006 0"><span class='ocrx_word' id='word_1_1' title='bbox 960 241 1302 281; x_wconf 65' lang='lat' dir='ltr'>MARINUS</span> <span class='ocrx_word' id='word_1_2' title='bbox 2068 239 2118 275; x_wconf 66' lang='lat'><em>29</em></span> 
     </span>
    </p>
   </div>
   <div class='ocr_carea' id='block_1_2' title="bbox 137 315 1105 2916">
    <p class='ocr_par' dir='ltr' id='par_1_2' title="bbox 137 315 1105 2232">
     <span class='ocr_line' id='line_1_2' title="bbox 151 315 1092 368; baseline -0.007 -9"><span class='ocrx_word' id='word_1_3' title='bbox 151 332 212 359; x_wconf 86' lang='lat' dir='ltr'><em>an.</em></span> <span class='ocrx_word' id='word_1_4' title='bbox 240 319 340 359; x_wconf 72' lang='lat'>⁴506</span> <span class='ocrx_word' id='word_1_5' title='bbox 364 319 426 358; x_wconf 79' lang='lat' dir='ltr'><em>fol.</em></span> <span class='ocrx_word' id='word_1_6' title='bbox 451 317 594 357; x_wconf 87' lang='lat' dir='ltr'><em>additis</em></span> <span class='ocrx_word' id='word_1_7' title='bbox 619 322 773 368; x_wconf 70' lang='lat' dir='ltr'><em>praeter</em></span> <span class='ocrx_word' id='word_1_8' title='bbox 793 315 950 355; x_wconf 83' lang='lat' dir='ltr'><em>easdem</em></span> <span class='ocrx_word' id='word_1_9' title='bbox 971 325 1092 365; x_wconf 80' lang='lat' dir='ltr'><em>quae-</em></span> 
     </span>
     <span class='ocr_line' id='line_1_3' title="bbox 152 376 1090 431; baseline -0.007 -11"><span class='ocrx_word' id='word_1_10' title='bbox 152 383 312 429; x_wconf 80' lang='lat' dir='ltr'>stiones,</span> <span class='ocrx_word' id='word_1_11' title='bbox 328 380 650 430; x_wconf 74' lang='lat' dir='ltr'>castigationibus</span> <span class='ocrx_word' id='word_1_12' title='bbox 667 380 714 419; x_wconf 91' lang='lat' dir='ltr'><em>ad</em></span> <span class='ocrx_word' id='word_1_13' title='bbox 732 377 951 431; x_wconf 69' lang='lat' dir='ltr'><em>Apuleium,</em></span> <span class='ocrx_word' id='word_1_14' title='bbox 971 376 1090 414; x_wconf 87' lang='lat' dir='ltr'><em>Victo-</em></span> 
     </span>
     <span class='ocr_line' id='line_1_4' title="bbox 148 438 1092 492; baseline -0.006 -11"><span class='ocrx_word' id='word_1_15' title='bbox 148 444 293 492; x_wconf 82' lang='lat' dir='ltr'><em>rinum,</em></span> <span class='ocrx_word' id='word_1_16' title='bbox 324 447 363 482; x_wconf 87' lang='lat' dir='ltr'><em>et</em></span> <span class='ocrx_word' id='word_1_17' title='bbox 389 442 591 482; x_wconf 75' lang='lat' dir='ltr'><em>Ciceronis</em></span> <span class='ocrx_word' id='word_1_18' title='bbox 615 442 660 481; x_wconf 83' lang='lat' dir='ltr'><em>de</em></span> <span class='ocrx_word' id='word_1_19' title='bbox 687 442 865 489; x_wconf 81' lang='lat' dir='ltr'><em>Oratore,</em></span> <span class='ocrx_word' id='word_1_20' title='bbox 890 439 935 478; x_wconf 88' lang='lat' dir='ltr'><em>de</em></span> <span class='ocrx_word' id='word_1_21' title='bbox 959 438 1092 478; x_wconf 84' lang='lat' dir='ltr'><em>inven-</em></span> 
     </span>
     <span class='ocr_line' id='line_1_5' title="bbox 149 503 1092 551; baseline -0.005 -8"><span class='ocrx_word' id='word_1_22' title='bbox 149 505 248 544; x_wconf 82' lang='lat' dir='ltr'><em>tione</em></span> <span class='ocrx_word' id='word_1_23' title='bbox 277 510 317 543; x_wconf 90' lang='lat' dir='ltr'><em>et</em></span> <span class='ocrx_word' id='word_1_24' title='bbox 346 503 399 542; x_wconf 85' lang='lat' dir='ltr'><em>ad</em></span> <span class='ocrx_word' id='word_1_25' title='bbox 426 504 692 542; x_wconf 81' lang='lat' dir='ltr'><em>Herennium·</em></span> <span class='ocrx_word' id='word_1_26' title='bbox 721 514 791 541; x_wconf 78' lang='lat' dir='ltr'><em>nec</em></span> <span class='ocrx_word' id='word_1_27' title='bbox 822 513 896 540; x_wconf 92' lang='lat' dir='ltr'><em>non</em></span> <span class='ocrx_word' id='word_1_28' title='bbox 936 512 1092 551; x_wconf 83' lang='lat' dir='ltr'><em>praece-</em></span> 
     </span>
     <span class='ocr_line' id='line_1_6' title="bbox 150 561 1094 617; baseline -0.005 -12"><span class='ocrx_word' id='word_1_29' title='bbox 150 568 349 617; x_wconf 86' lang='lat' dir='ltr'><em>ptionibus</em></span> <span class='ocrx_word' id='word_1_30' title='bbox 364 566 410 604; x_wconf 81' lang='lat' dir='ltr'><em>de</em></span> <span class='ocrx_word' id='word_1_31' title='bbox 431 565 690 617; x_wconf 83' lang='lat' dir='ltr'><em>componenda</em></span> <span class='ocrx_word' id='word_1_32' title='bbox 711 563 897 616; x_wconf 74' lang='lat' dir='ltr'><em>Epistola,</em></span> <span class='ocrx_word' id='word_1_33' title='bbox 915 561 1094 616; x_wconf 82' lang='lat' dir='ltr'><em>funebri-</em></span> 
     </span>
     <span class='ocr_line' id='line_1_7' title="bbox 149 625 1094 682; baseline -0.007 -13"><span class='ocrx_word' id='word_1_34' title='bbox 149 641 223 682; x_wconf 82' lang='lat' dir='ltr'><em>que</em></span> <span class='ocrx_word' id='word_1_35' title='bbox 245 634 285 668; x_wconf 89' lang='lat' dir='ltr'><em>et</em></span> <span class='ocrx_word' id='word_1_36' title='bbox 305 628 475 680; x_wconf 82' lang='lat' dir='ltr'><em>nuptiali</em></span> <span class='ocrx_word' id='word_1_37' title='bbox 491 628 688 676; x_wconf 86' lang='lat' dir='ltr'><em>oratione,</em></span> <span class='ocrx_word' id='word_1_38' title='bbox 712 626 758 665; x_wconf 85' lang='lat' dir='ltr'><em>de</em></span> <span class='ocrx_word' id='word_1_39' title='bbox 773 625 924 677; x_wconf 81' lang='lat' dir='ltr'><em>dial090</em></span> <span class='ocrx_word' id='word_1_40' title='bbox 943 636 1094 676; x_wconf 88' lang='lat' dir='ltr'><em>compo-</em></span> 
     </span>
     <span class='ocr_line' id='line_1_8' title="bbox 148 687 1090 739; baseline -0.008 -7"><span class='ocrx_word' id='word_1_41' title='bbox 148 692 270 732; x_wconf 77' lang='lat' dir='ltr'><em>nendo</em></span> <span class='ocrx_word' id='word_1_42' title='bbox 285 698 324 732; x_wconf 86' lang='lat' dir='ltr'><em>et</em></span> <span class='ocrx_word' id='word_1_43' title='bbox 339 693 385 731; x_wconf 83' lang='lat' dir='ltr'><em>de</em></span> <span class='ocrx_word' id='word_1_44' title='bbox 401 692 626 731; x_wconf 80' lang='lat' dir='ltr'><em>imitatione.</em></span> <span class='ocrx_word' id='word_1_45' title='bbox 645 690 826 730; x_wconf 87' lang='lat' dir='ltr'><em>Secunda</em></span> <span class='ocrx_word' id='word_1_46' title='bbox 838 700 938 739; x_wconf 89' lang='lat' dir='ltr'><em>quae</em></span> <span class='ocrx_word' id='word_1_47' title='bbox 950 687 1090 726; x_wconf 79' lang='lat' dir='ltr'><em>ibidem</em></span> 
     </span>
     <span class='ocr_line' id='line_1_9' title="bbox 146 750 1092 807; baseline -0.007 -13"><span class='ocrx_word' id='word_1_48' title='bbox 146 757 389 807; x_wconf 89' lang='lat' dir='ltr'><em>promittitur</em></span> <span class='ocrx_word' id='word_1_49' title='bbox 415 756 702 801; x_wconf 79' lang='lat' dir='ltr'><em>Quaestionum</em></span> <span class='ocrx_word' id='word_1_50' title='bbox 726 753 904 791; x_wconf 83' lang='lat' dir='ltr'><em>centuria</em></span> <span class='ocrx_word' id='word_1_51' title='bbox 925 782 932 801; x_wconf 89' lang='lat'><em>,</em></span> <span class='ocrx_word' id='word_1_52' title='bbox 957 750 1092 789; x_wconf 90' lang='lat' dir='ltr'><em>dubito</em></span> 
     </span>
     <span class='ocr_line' id='line_1_10' title="bbox 147 812 1094 866; baseline -0.007 -9"><span class='ocrx_word' id='word_1_53' title='bbox 147 829 196 858; x_wconf 87' lang='lat' dir='ltr'><em>an</em></span> <span class='ocrx_word' id='word_1_54' title='bbox 222 818 348 857; x_wconf 86' lang='lat' dir='ltr'><em>lucem</em></span> <span class='ocrx_word' id='word_1_55' title='bbox 382 818 548 856; x_wconf 86' lang='lat' dir='ltr'><em>viderit:</em></span> <span class='ocrx_word' id='word_1_56' title='bbox 575 816 642 855; x_wconf 87' lang='lat' dir='ltr'><em>sed</em></span> <span class='ocrx_word' id='word_1_57' title='bbox 665 816 816 866; x_wconf 88' lang='lat' dir='ltr'><em>amplas</em></span> <span class='ocrx_word' id='word_1_58' title='bbox 835 815 921 853; x_wconf 87' lang='lat' dir='ltr'><em>eius</em></span> <span class='ocrx_word' id='word_1_59' title='bbox 945 812 1094 864; x_wconf 89' lang='lat' dir='ltr'><em>praele-</em></span> 
     </span>
     <span class='ocr_line' id='line_1_11' title="bbox 146 874 1092 930; baseline -0.007 -12"><span class='ocrx_word' id='word_1_60' title='bbox 146 880 297 918; x_wconf 85' lang='lat' dir='ltr'><em>ctiones</em></span> <span class='ocrx_word' id='word_1_61' title='bbox 322 879 361 917; x_wconf 89' lang='lat' dir='ltr'><em>in</em></span> <span class='ocrx_word' id='word_1_62' title='bbox 371 877 496 917; x_wconf 83' lang='lat' dir='ltr'><em>Plinii</em></span> <span class='ocrx_word' id='word_1_63' title='bbox 510 877 800 930; x_wconf 81' lang='lat' dir='ltr'><em>praefationem</em></span> <span class='ocrx_word' id='word_1_64' title='bbox 823 876 947 915; x_wconf 90' lang='lat' dir='ltr'><em>habeo</em></span> <span class='ocrx_word' id='word_1_65' title='bbox 966 874 1092 913; x_wconf 86' lang='lat' dir='ltr'><em>editas</em></span> 
     </span>
     <span class='ocr_line' id='line_1_12' title="bbox 146 938 1092 989; baseline -0.008 -8"><span class='ocrx_word' id='word_1_66' title='bbox 146 942 225 981; x_wconf 85' lang='lat' dir='ltr'><em>Nic.</em></span> <span class='ocrx_word' id='word_1_67' title='bbox 251 941 402 980; x_wconf 74' lang='lat' dir='ltr'><em>Ber-aldi</em></span> <span class='ocrx_word' id='word_1_68' title='bbox 431 953 525 981; x_wconf 87' lang='lat' dir='ltr'><em>cura</em></span> <span class='ocrx_word' id='word_1_69' title='bbox 550 952 640 980; x_wconf 92' lang='lat' dir='ltr'><em>cum</em></span> <span class='ocrx_word' id='word_1_70' title='bbox 673 939 826 979; x_wconf 87' lang='lat' dir='ltr'><em>Erasmi</em></span> <span class='ocrx_word' id='word_1_71' title='bbox 852 938 1092 989; x_wconf 75' lang='lat' dir='ltr'><em>praefatione</em></span> 
     </span>
     <span class='ocr_line' id='line_1_13' title="bbox 146 1000 1091 1053; baseline -0.006 -11"><span class='ocrx_word' id='word_1_72' title='bbox 146 1006 265 1043; x_wconf 90' lang='lat' dir='ltr'><em>Paris.</em></span> <span class='ocrx_word' id='word_1_73' title='bbox 289 1005 390 1043; x_wconf 68' lang='lat'><em>4519</em></span> <span class='ocrx_word' id='word_1_74' title='bbox 415 1005 478 1043; x_wconf 89' lang='lat' dir='ltr'><em>fol.</em></span> <span class='ocrx_word' id='word_1_75' title='bbox 505 1005 546 1042; x_wconf 93' lang='lat' dir='ltr'><em>ln</em></span> <span class='ocrx_word' id='word_1_76' title='bbox 574 1004 634 1042; x_wconf 89' lang='lat' dir='ltr'><em>bis</em></span> <span class='ocrx_word' id='word_1_77' title='bbox 651 1002 798 1053; x_wconf 88' lang='lat' dir='ltr'><em>prolixa</em></span> <span class='ocrx_word' id='word_1_78' title='bbox 817 1005 857 1039; x_wconf 91' lang='lat' dir='ltr'><em>et</em></span> <span class='ocrx_word' id='word_1_79' title='bbox 873 1000 1091 1039; x_wconf 82' lang='lat' dir='ltr'><em>vehemens</em></span> 
     </span>
     <span class='ocr_line' id='line_1_14' title="bbox 145 1055 1089 1105; baseline -0.004 -10"><span class='ocrx_word' id='word_1_80' title='bbox 145 1059 343 1097; x_wconf 84' lang='lat' dir='ltr'><em>invectiva</em></span> <span class='ocrx_word' id='word_1_81' title='bbox 365 1059 401 1096; x_wconf 91' lang='lat' dir='ltr'><em>in</em></span> <span class='ocrx_word' id='word_1_82' title='bbox 426 1057 727 1097; x_wconf 85' lang='lat' dir='ltr'>RAPHAELEM</span> <span class='ocrx_word' id='word_1_83' title='bbox 749 1056 924 1105; x_wconf 82' lang='lat' dir='ltr'><em>Regium,</em></span> <span class='ocrx_word' id='word_1_84' title='bbox 952 1055 988 1092; x_wconf 91' lang='lat' dir='ltr'><em>in</em></span> <span class='ocrx_word' id='word_1_85' title='bbox 1014 1064 1089 1104; x_wconf 90' lang='lat' dir='ltr'><em>qua</em></span> 
     </span>
     <span class='ocr_line' id='line_1_15' title="bbox 145 1118 1090 1171; baseline -0.005 -13"><span class='ocrx_word' id='word_1_86' title='bbox 145 1131 188 1158; x_wconf 88' lang='lat' dir='ltr'><em>se.</em></span> <span class='ocrx_word' id='word_1_87' title='bbox 202 1120 465 1171; x_wconf 76' lang='lat' dir='ltr'><em>loannemque</em></span> <span class='ocrx_word' id='word_1_88' title='bbox 498 1120 560 1159; x_wconf 90' lang='lat' dir='ltr'><em>CA</em></span> <span class='ocrx_word' id='word_1_89' title='bbox 569 1119 815 1158; x_wconf 83' lang='lat' dir='ltr'><em>LPURNIUM</em></span> <span class='ocrx_word' id='word_1_90' title='bbox 831 1118 1090 1163; x_wconf 81' lang='lat' dir='ltr'><em>Brixiensem,</em></span> 
     </span>
     <span class='ocr_line' id='line_1_16' title="bbox 149 1178 1094 1233; baseline -0.004 -13"><span class='ocrx_word' id='word_1_91' title='bbox 149 1187 443 1233; x_wconf 82' lang='lat' dir='ltr'><em>praeceptorem</em></span> <span class='ocrx_word' id='word_1_92' title='bbox 462 1193 579 1221; x_wconf 90' lang='lat' dir='ltr'><em>suum</em></span> <span class='ocrx_word' id='word_1_93' title='bbox 597 1186 764 1228; x_wconf 87' lang='lat' dir='ltr'><em>tutatus,</em></span> <span class='ocrx_word' id='word_1_94' title='bbox 796 1178 996 1219; x_wconf 77' lang='lat' dir='ltr'><em>Orationis</em></span> <span class='ocrx_word' id='word_1_95' title='bbox 1015 1190 1094 1217; x_wconf 89' lang='lat' dir='ltr'><em>me—</em></span> 
     </span>
     <span class='ocr_line' id='line_1_17' title="bbox 147 1243 1094 1293; baseline -0.003 -11"><span class='ocrx_word' id='word_1_96' title='bbox 147 1244 261 1282; x_wconf 89' lang='lat' dir='ltr'><em>minit</em></span> <span class='ocrx_word' id='word_1_97' title='bbox 281 1255 400 1293; x_wconf 89' lang='lat' dir='ltr'><em>quam</em></span> <span class='ocrx_word' id='word_1_98' title='bbox 427 1243 564 1282; x_wconf 81' lang='lat' dir='ltr'><em>habuit</em></span> <span class='ocrx_word' id='word_1_99' title='bbox 587 1245 624 1281; x_wconf 89' lang='lat' dir='ltr'><em>in</em></span> <span class='ocrx_word' id='word_1_100' title='bbox 651 1245 737 1282; x_wconf 89' lang='lat' dir='ltr'><em>eius</em></span> <span class='ocrx_word' id='word_1_101' title='bbox 770 1243 932 1281; x_wconf 84' lang='lat' dir='ltr'><em>funere:</em></span> <span class='ocrx_word' id='word_1_102' title='bbox 959 1246 998 1279; x_wconf 86' lang='lat' dir='ltr'><em>et</em></span> <span class='ocrx_word' id='word_1_103' title='bbox 1027 1252 1094 1291; x_wconf 85' lang='lat' dir='ltr'><em>pa—</em></span> 
     </span>
     <span class='ocr_line' id='line_1_18' title="bbox 142 1304 1095 1356; baseline -0.001 -14"><span class='ocrx_word' id='word_1_104' title='bbox 142 1306 232 1356; x_wconf 80' lang='lat' dir='ltr'><em>gina</em></span> <span class='ocrx_word' id='word_1_105' title='bbox 244 1306 382 1344; x_wconf 87' lang='lat' dir='ltr'><em>LXXI.</em></span> <span class='ocrx_word' id='word_1_106' title='bbox 403 1305 608 1356; x_wconf 89' lang='lat' dir='ltr'><em>pollicetur</em></span> <span class='ocrx_word' id='word_1_107' title='bbox 631 1304 801 1344; x_wconf 88' lang='lat' dir='ltr'><em>eundem</em></span> <span class='ocrx_word' id='word_1_108' title='bbox 820 1315 862 1341; x_wconf 89' lang='lat' dir='ltr'><em>se</em></span> <span class='ocrx_word' id='word_1_109' title='bbox 879 1308 1014 1342; x_wconf 90' lang='lat' dir='ltr'><em>contra</em></span> <span class='ocrx_word' id='word_1_110' title='bbox 1025 1304 1095 1342; x_wconf 91' lang='lat' dir='ltr'><em>Re-</em></span> 
     </span>
     <span class='ocr_line' id='line_1_19' title="bbox 140 1366 1091 1420; baseline -0.005 -13"><span class='ocrx_word' id='word_1_111' title='bbox 140 1367 428 1420; x_wconf 85' lang='lat' dir='ltr'><em>9iicalumnias</em></span> <span class='ocrx_word' id='word_1_112' title='bbox 443 1367 718 1414; x_wconf 84' lang='lat' dir='ltr'><em>defensurum,</em></span> <span class='ocrx_word' id='word_1_113' title='bbox 744 1367 950 1416; x_wconf 75' lang='lat' dir='ltr'><em>tribusque</em></span> <span class='ocrx_word' id='word_1_114' title='bbox 983 1366 1091 1404; x_wconf 81' lang='lat' dir='ltr'><em>libris</em></span> 
     </span>
     <span class='ocr_line' id='line_1_20' title="bbox 145 1427 1095 1481; baseline -0.003 -12"><span class='ocrx_word' id='word_1_115' title='bbox 145 1432 421 1470; x_wconf 78' lang='lat' dir='ltr'><em>annotationes</em></span> <span class='ocrx_word' id='word_1_116' title='bbox 445 1431 552 1481; x_wconf 83' lang='lat' dir='ltr'><em>Regii</em></span> <span class='ocrx_word' id='word_1_117' title='bbox 577 1430 614 1468; x_wconf 89' lang='lat' dir='ltr'><em>in</em></span> <span class='ocrx_word' id='word_1_118' title='bbox 643 1428 827 1477; x_wconf 79' lang='lat' dir='ltr'><em>Plinium,</em></span> <span class='ocrx_word' id='word_1_119' title='bbox 860 1427 993 1468; x_wconf 80' lang='lat' dir='ltr'><em>Ovidii</em></span> <span class='ocrx_word' id='word_1_120' title='bbox 1018 1429 1095 1466; x_wconf 81' lang='lat' dir='ltr'><em>Me-</em></span> 
     </span>
     <span class='ocr_line' id='line_1_21' title="bbox 144 1491 1092 1545; baseline -0.006 -12"><span class='ocrx_word' id='word_1_121' title='bbox 144 1494 418 1545; x_wconf 85' lang='lat' dir='ltr'><em>tamorphoses</em></span> <span class='ocrx_word' id='word_1_122' title='bbox 427 1497 466 1532; x_wconf 86' lang='lat' dir='ltr'><em>et</em></span> <span class='ocrx_word' id='word_1_123' title='bbox 478 1491 764 1542; x_wconf 72' lang='lat' dir='ltr'><em>Quintilianum</em></span> <span class='ocrx_word' id='word_1_124' title='bbox 779 1492 1092 1530; x_wconf 85' lang='lat' dir='ltr'><em>confutaturum.</em></span> 
     </span>
     <span class='ocr_line' id='line_1_22' title="bbox 143 1553 1094 1596; baseline -0.006 0"><span class='ocrx_word' id='word_1_125' title='bbox 143 1558 188 1596; x_wconf 91' lang='lat' dir='ltr'><em>In</em></span> <span class='ocrx_word' id='word_1_126' title='bbox 212 1558 363 1596; x_wconf 82' lang='lat' dir='ltr'><em>Patriae</em></span> <span class='ocrx_word' id='word_1_127' title='bbox 383 1567 478 1595; x_wconf 85' lang='lat' dir='ltr'><em>suae</em></span> <span class='ocrx_word' id='word_1_128' title='bbox 498 1561 538 1594; x_wconf 92' lang='lat' dir='ltr'><em>et</em></span> <span class='ocrx_word' id='word_1_129' title='bbox 562 1557 752 1595; x_wconf 88' lang='lat' dir='ltr'><em>maiorum</em></span> <span class='ocrx_word' id='word_1_130' title='bbox 771 1565 934 1593; x_wconf 87' lang='lat' dir='ltr'><em>suorum</em></span> <span class='ocrx_word' id='word_1_131' title='bbox 956 1553 1094 1593; x_wconf 85' lang='lat' dir='ltr'><em>laudes</em></span> 
     </span>
     <span class='ocr_line' id='line_1_23' title="bbox 144 1617 1096 1670; baseline -0.006 -11"><span class='ocrx_word' id='word_1_132' title='bbox 144 1621 319 1659; x_wconf 85' lang='lat' dir='ltr'><em>excurrit</em></span> <span class='ocrx_word' id='word_1_133' title='bbox 347 1631 433 1670; x_wconf 83' lang='lat' dir='ltr'><em>pag.</em></span> <span class='ocrx_word' id='word_1_134' title='bbox 464 1619 636 1658; x_wconf 82' lang='lat' dir='ltr'><em>LXXV1.</em></span> <span class='ocrx_word' id='word_1_135' title='bbox 665 1619 772 1657; x_wconf 86' lang='lat' dir='ltr'><em>Inter</em></span> <span class='ocrx_word' id='word_1_136' title='bbox 796 1618 921 1667; x_wconf 82' lang='lat' dir='ltr'><em>elogia</em></span> <span class='ocrx_word' id='word_1_137' title='bbox 950 1617 1096 1667; x_wconf 91' lang='lat' dir='ltr'><em>quibus</em></span> 
     </span>
     <span class='ocr_line' id='line_1_24' title="bbox 137 1681 1098 1734; baseline -0.005 -13"><span class='ocrx_word' id='word_1_138' title='bbox 137 1694 159 1722; x_wconf 89' lang='lat' dir='ltr'><em>a</em></span> <span class='ocrx_word' id='word_1_139' title='bbox 183 1682 309 1734; x_wconf 89' lang='lat' dir='ltr'><em>poetis</em></span> <span class='ocrx_word' id='word_1_140' title='bbox 332 1686 372 1720; x_wconf 88' lang='lat' dir='ltr'><em>et</em></span> <span class='ocrx_word' id='word_1_141' title='bbox 397 1682 494 1720; x_wconf 89' lang='lat' dir='ltr'><em>viris</em></span> <span class='ocrx_word' id='word_1_142' title='bbox 518 1681 646 1720; x_wconf 86' lang='lat' dir='ltr'><em>doctis</em></span> <span class='ocrx_word' id='word_1_143' title='bbox 670 1691 768 1719; x_wconf 89' lang='lat' dir='ltr'><em>suae</em></span> <span class='ocrx_word' id='word_1_144' title='bbox 785 1681 927 1718; x_wconf 88' lang='lat' dir='ltr'><em>aetatis</em></span> <span class='ocrx_word' id='word_1_145' title='bbox 952 1683 1098 1718; x_wconf 86' lang='lat' dir='ltr'><em>macta-</em></span> 
     </span>
     <span class='ocr_line' id='line_1_25' title="bbox 145 1741 1100 1795; baseline -0.006 -11"><span class='ocrx_word' id='word_1_146' title='bbox 145 1749 213 1784; x_wconf 86' lang='lat' dir='ltr'><em>tus</em></span> <span class='ocrx_word' id='word_1_147' title='bbox 234 1749 297 1783; x_wconf 89' lang='lat' dir='ltr'><em>est</em></span> <span class='ocrx_word' id='word_1_148' title='bbox 313 1744 589 1790; x_wconf 83' lang='lat' dir='ltr'><em>Becicbemus,</em></span> <span class='ocrx_word' id='word_1_149' title='bbox 611 1754 698 1795; x_wconf 85' lang='lat' dir='ltr'><em>pag.</em></span> <span class='ocrx_word' id='word_1_150' title='bbox 721 1743 937 1782; x_wconf 84' lang='lat' dir='ltr'><strong>LXXXIX.</strong></span> <span class='ocrx_word' id='word_1_151' title='bbox 960 1741 1031 1780; x_wconf 87' lang='lat' dir='ltr'><em>hoc</em></span> <span class='ocrx_word' id='word_1_152' title='bbox 1045 1741 1100 1779; x_wconf 84' lang='lat' dir='ltr'><em>af-</em></span> 
     </span>
     <span class='ocr_line' id='line_1_26' title="bbox 153 1804 1099 1855; baseline -0.004 -10"><span class='ocrx_word' id='word_1_153' title='bbox 153 1807 229 1845; x_wconf 81' lang='lat' dir='ltr'><em>fert</em></span> <span class='ocrx_word' id='word_1_154' title='bbox 257 1805 487 1845; x_wconf 87' lang='lat' dir='ltr'><em>Bernardini</em></span> <span class='ocrx_word' id='word_1_155' title='bbox 521 1806 704 1853; x_wconf 67' lang='lat' dir='ltr'><em>taurini,</em></span> <span class='ocrx_word' id='word_1_156' title='bbox 740 1816 816 1855; x_wconf 77' lang='lat' dir='ltr'><em>quo</em></span> <span class='ocrx_word' id='word_1_157' title='bbox 845 1804 980 1843; x_wconf 84' lang='lat' dir='ltr'><em>scribit</em></span> <span class='ocrx_word' id='word_1_158' title='bbox 1009 1814 1099 1842; x_wconf 89' lang='lat' dir='ltr'><em>eum</em></span> 
     </span>
     <span class='ocr_line' id='line_1_27' title="bbox 145 1866 1102 1919; baseline -0.005 -11"><span class='ocrx_word' id='word_1_159' title='bbox 145 1870 286 1908; x_wconf 85' lang='lat' dir='ltr'><em>aetatis</em></span> <span class='ocrx_word' id='word_1_160' title='bbox 309 1880 456 1908; x_wconf 87' lang='lat' dir='ltr'><em>annum</em></span> <span class='ocrx_word' id='word_1_161' title='bbox 477 1869 583 1908; x_wconf 90' lang='lat' dir='ltr'><strong>XVI.</strong></span> <span class='ocrx_word' id='word_1_162' title='bbox 606 1869 674 1906; x_wconf 81' lang='lat' dir='ltr'><em>vix</em></span> <span class='ocrx_word' id='word_1_163' title='bbox 697 1878 903 1919; x_wconf 79' lang='lat' dir='ltr'><em>egressum</em></span> <span class='ocrx_word' id='word_1_164' title='bbox 925 1866 1102 1906; x_wconf 84' lang='lat' dir='ltr'><em>disertis-</em></span> 
     </span>
     <span class='ocr_line' id='line_1_28' title="bbox 147 1929 1102 1973; baseline -0.003 -3"><span class='ocrx_word' id='word_1_165' title='bbox 147 1932 246 1970; x_wconf 88' lang='lat' dir='ltr'><em>sima</em></span> <span class='ocrx_word' id='word_1_166' title='bbox 272 1931 456 1970; x_wconf 81' lang='lat' dir='ltr'><em>Oratione</em></span> <span class='ocrx_word' id='word_1_167' title='bbox 481 1933 528 1970; x_wconf 93' lang='lat' dir='ltr'><em>M.</em></span> <span class='ocrx_word' id='word_1_168' title='bbox 557 1930 602 1971; x_wconf 86' lang='lat' dir='ltr'><em>A.</em></span> <span class='ocrx_word' id='word_1_169' title='bbox 629 1932 925 1973; x_wconf 86' lang='lat' dir='ltr'><em>Maurocenum,</em></span> <span class='ocrx_word' id='word_1_170' title='bbox 948 1929 1102 1968; x_wconf 83' lang='lat' dir='ltr'><em>Brixiae</em></span> 
     </span>
     <span class='ocr_line' id='line_1_29' title="bbox 150 1993 1105 2044; baseline -0.003 -12"><span class='ocrx_word' id='word_1_171' title='bbox 150 1998 370 2044; x_wconf 84' lang='lat' dir='ltr'><em>praetorem</em></span> <span class='ocrx_word' id='word_1_172' title='bbox 399 1999 496 2042; x_wconf 85' lang='lat' dir='ltr'><em>tunc</em></span> <span class='ocrx_word' id='word_1_173' title='bbox 528 1999 712 2044; x_wconf 83' lang='lat' dir='ltr'><em>agentem</em></span> <span class='ocrx_word' id='word_1_174' title='bbox 743 1993 977 2031; x_wconf 79' lang='lat' dir='ltr'><em>celebrasse.</em></span> <span class='ocrx_word' id='word_1_175' title='bbox 1008 1993 1105 2030; x_wconf 86' lang='lat' dir='ltr'><em>Puto</em></span> 
     </span>
     <span class='ocr_line' id='line_1_30' title="bbox 149 2054 1104 2107; baseline -0.003 -13"><span class='ocrx_word' id='word_1_176' title='bbox 149 2057 227 2095; x_wconf 83' lang='lat' dir='ltr'><em>falli</em></span> <span class='ocrx_word' id='word_1_177' title='bbox 259 2056 565 2096; x_wconf 85' lang='lat' dir='ltr'><em>Hendreichium</em></span> <span class='ocrx_word' id='word_1_178' title='bbox 598 2057 664 2107; x_wconf 89' lang='lat' dir='ltr'><em>qui</em></span> <span class='ocrx_word' id='word_1_179' title='bbox 698 2067 785 2107; x_wconf 83' lang='lat' dir='ltr'><em>pag.</em></span> <span class='ocrx_word' id='word_1_180' title='bbox 817 2055 892 2094; x_wconf 67' lang='lat'><em>1273</em></span> <span class='ocrx_word' id='word_1_181' title='bbox 922 2054 1104 2105; x_wconf 77' lang='lat' dir='ltr'><em>pandect.</em></span> 
     </span>
     <span class='ocr_line' id='line_1_31' title="bbox 146 2116 1101 2170; baseline -0.004 -13"><span class='ocrx_word' id='word_1_182' title='bbox 146 2118 442 2170; x_wconf 82' lang='lat' dir='ltr'><em>Brandenburg.</em></span> <span class='ocrx_word' id='word_1_183' title='bbox 451 2119 662 2158; x_wconf 89' lang='lat' dir='ltr'><em>editionem</em></span> <span class='ocrx_word' id='word_1_184' title='bbox 682 2118 854 2169; x_wconf 90' lang='lat' dir='ltr'><em>Operum</em></span> <span class='ocrx_word' id='word_1_185' title='bbox 868 2116 1101 2156; x_wconf 86' lang='lat' dir='ltr'><em>Becichemii</em></span> 
     </span>
     <span class='ocr_line' id='line_1_32' title="bbox 147 2178 1101 2232; baseline -0.004 -12"><span class='ocrx_word' id='word_1_186' title='bbox 147 2181 442 2232; x_wconf 82' lang='lat' dir='ltr'><em>Neapolitanam</em></span> <span class='ocrx_word' id='word_1_187' title='bbox 469 2186 780 2225; x_wconf 77' lang='lat' dir='ltr'><em>commemorat,</em></span> <span class='ocrx_word' id='word_1_188' title='bbox 808 2181 898 2219; x_wconf 88' lang='lat' dir='ltr'><em>anni</em></span> <span class='ocrx_word' id='word_1_189' title='bbox 927 2178 1040 2219; x_wconf 62' lang='lat'><em>4484.</em></span> <span class='ocrx_word' id='word_1_190' title='bbox 1079 2179 1101 2217; x_wconf 84' lang='lat' dir='ltr'><em>f.</em></span> 
     </span>
    </p>

    <p class='ocr_par' dir='ltr' id='par_1_3' title="bbox 141 2242 1104 2916">
     <span class='ocr_line' id='line_1_33' title="bbox 207 2242 1104 2294; baseline -0.002 -12"><span class='ocrx_word' id='word_1_191' title='bbox 207 2242 427 2284; x_wconf 64' lang='lat' dir='ltr'><strong>MARIIN&#39;US</strong></span> <span class='ocrx_word' id='word_1_192' title='bbox 455 2245 643 2291; x_wconf 70' lang='lat' dir='ltr'><em>Samius,</em></span> <span class='ocrx_word' id='word_1_193' title='bbox 667 2248 927 2294; x_wconf 82' lang='lat' dir='ltr'><em>cognomento</em></span> <span class='ocrx_word' id='word_1_194' title='bbox 950 2242 983 2293; x_wconf 88' lang='lat' dir='ltr'><em>a)</em></span> <span class='ocrx_word' id='word_1_195' title='bbox 1014 2242 1104 2280; x_wconf 87' lang='lat' dir='ltr'><em>Tor-</em></span> 
     </span>
     <span class='ocr_line' id='line_1_34' title="bbox 147 2304 1103 2356; baseline 0 -12"><span class='ocrx_word' id='word_1_196' title='bbox 147 2304 293 2352; x_wconf 81' lang='lat' dir='ltr'><em>sellus,</em></span> <span class='ocrx_word' id='word_1_197' title='bbox 319 2307 511 2346; x_wconf 82' lang='lat' dir='ltr'><em>Patricius</em></span> <span class='ocrx_word' id='word_1_198' title='bbox 536 2308 714 2346; x_wconf 88' lang='lat' dir='ltr'><em>Venetus</em></span> <span class='ocrx_word' id='word_1_199' title='bbox 756 2307 897 2345; x_wconf 84' lang='lat' dir='ltr'><em>claruit</em></span> <span class='ocrx_word' id='word_1_200' title='bbox 927 2307 1103 2356; x_wconf 82' lang='lat' dir='ltr'><em>quinque</em></span> 
     </span>
     <span class='ocr_line' id='line_1_35' title="bbox 147 2369 1102 2420; baseline 0 -14"><span class='ocrx_word' id='word_1_201' title='bbox 147 2369 353 2407; x_wconf 86' lang='lat' dir='ltr'><em>itineribus</em></span> <span class='ocrx_word' id='word_1_202' title='bbox 377 2369 415 2408; x_wconf 94' lang='lat' dir='ltr'><em>iu</em></span> <span class='ocrx_word' id='word_1_203' title='bbox 454 2369 718 2408; x_wconf 83' lang='lat' dir='ltr'><em>Palaestinam</em></span> <span class='ocrx_word' id='word_1_204' title='bbox 752 2374 870 2420; x_wconf 88' lang='lat' dir='ltr'><em>atque</em></span> <span class='ocrx_word' id='word_1_205' title='bbox 899 2369 1102 2408; x_wconf 82' lang='lat' dir='ltr'><em>Orientem</em></span> 
     </span>
     <span class='ocr_line' id='line_1_36' title="bbox 146 2430 1101 2482; baseline 0 -14"><span class='ocrx_word' id='word_1_206' title='bbox 146 2431 345 2480; x_wconf 88' lang='lat' dir='ltr'><em>susceptis</em></span> <span class='ocrx_word' id='word_1_207' title='bbox 361 2460 372 2475; x_wconf 87' lang='lat'>‚</span> <span class='ocrx_word' id='word_1_208' title='bbox 411 2430 514 2470; x_wconf 92' lang='lat' dir='ltr'><em>unde</em></span> <span class='ocrx_word' id='word_1_209' title='bbox 557 2435 697 2470; x_wconf 84' lang='lat' dir='ltr'><em>natum</em></span> <span class='ocrx_word' id='word_1_210' title='bbox 737 2433 808 2482; x_wconf 87' lang='lat' dir='ltr'><em>ipsi</em></span> <span class='ocrx_word' id='word_1_211' title='bbox 849 2442 949 2482; x_wconf 90' lang='lat' dir='ltr'><em>opus</em></span> <span class='ocrx_word' id='word_1_212' title='bbox 998 2430 1101 2480; x_wconf 91' lang='lat' dir='ltr'><em>quod</em></span> 
     </span>
     <span class='ocr_line' id='line_1_37' title="bbox 148 2491 1104 2544; baseline 0.003 -16"><span class='ocrx_word' id='word_1_213' title='bbox 148 2492 224 2529; x_wconf 90' lang='lat' dir='ltr'><em>An.</em></span> <span class='ocrx_word' id='word_1_214' title='bbox 250 2491 364 2530; x_wconf 71' lang='lat'><em>⁴32⁴.</em></span> <span class='ocrx_word' id='word_1_215' title='bbox 388 2493 527 2530; x_wconf 80' lang='lat' dir='ltr'><em>Joauni</em></span> <span class='ocrx_word' id='word_1_216' title='bbox 551 2494 678 2532; x_wconf 88' lang='lat' dir='ltr'><em>XXll.</em></span> <span class='ocrx_word' id='word_1_217' title='bbox 701 2494 781 2544; x_wconf 81' lang='lat' dir='ltr'><em>Reg</em></span> <span class='ocrx_word' id='word_1_218' title='bbox 799 2494 963 2543; x_wconf 88' lang='lat' dir='ltr'><em>ibusque</em></span> <span class='ocrx_word' id='word_1_219' title='bbox 987 2494 1104 2531; x_wconf 87' lang='lat' dir='ltr'><em>Fran·</em></span> 
     </span>
     <span class='ocr_line' id='line_1_38' title="bbox 148 2552 1104 2604; baseline 0.001 -14"><span class='ocrx_word' id='word_1_220' title='bbox 148 2553 244 2600; x_wconf 87' lang='lat' dir='ltr'><em>ciae,</em></span> <span class='ocrx_word' id='word_1_221' title='bbox 264 2552 446 2604; x_wconf 84' lang='lat' dir='ltr'><em>Angliae,</em></span> <span class='ocrx_word' id='word_1_222' title='bbox 475 2559 514 2592; x_wconf 90' lang='lat' dir='ltr'><em>et</em></span> <span class='ocrx_word' id='word_1_223' title='bbox 539 2554 690 2593; x_wconf 88' lang='lat' dir='ltr'><em>Siciliae</em></span> <span class='ocrx_word' id='word_1_224' title='bbox 720 2555 984 2604; x_wconf 85' lang='lat' dir='ltr'><em>pluribusque</em></span> <span class='ocrx_word' id='word_1_225' title='bbox 1013 2552 1104 2592; x_wconf 87' lang='lat' dir='ltr'><em>Car-</em></span> 
     </span>
     <span class='ocr_line' id='line_1_39' title="bbox 147 2613 1104 2655; baseline 0.001 -3"><span class='ocrx_word' id='word_1_226' title='bbox 147 2613 343 2653; x_wconf 87' lang='lat' dir='ltr'><em>dinalibus</em></span> <span class='ocrx_word' id='word_1_227' title='bbox 366 2615 538 2654; x_wconf 82' lang='lat' dir='ltr'><em>dicatum</em></span> <span class='ocrx_word' id='word_1_228' title='bbox 562 2621 602 2654; x_wconf 89' lang='lat' dir='ltr'><em>et</em></span> <span class='ocrx_word' id='word_1_229' title='bbox 631 2615 758 2655; x_wconf 83' lang='lat' dir='ltr'><em>tribus</em></span> <span class='ocrx_word' id='word_1_230' title='bbox 802 2616 1033 2655; x_wconf 85' lang='lat' dir='ltr'><em>distinctum</em></span> <span class='ocrx_word' id='word_1_231' title='bbox 1060 2615 1104 2653; x_wconf 79' lang='lat' dir='ltr'><em>li-</em></span> 
     </span>
     <span class='ocr_line' id='line_1_40' title="bbox 145 2674 1100 2728; baseline 0.001 -14"><span class='ocrx_word' id='word_1_232' title='bbox 145 2674 242 2725; x_wconf 77' lang='lat' dir='ltr'><em>bris,</em></span> <span class='ocrx_word' id='word_1_233' title='bbox 261 2677 421 2716; x_wconf 88' lang='lat' dir='ltr'><em>Secreta</em></span> <span class='ocrx_word' id='word_1_234' title='bbox 439 2676 613 2728; x_wconf 79' lang='lat' dir='ltr'><em>fidelium</em></span> <span class='ocrx_word' id='word_1_235' title='bbox 652 2677 795 2718; x_wconf 80' lang='lat' dir='ltr'><em>Crucis</em></span> <span class='ocrx_word' id='word_1_236' title='bbox 849 2678 1100 2725; x_wconf 80' lang='lat' dir='ltr'><em>inscribitur,</em></span> 
     </span>
     <span class='ocr_line' id='line_1_41' title="bbox 151 2737 1098 2791; baseline 0.001 -15"><span class='ocrx_word' id='word_1_237' title='bbox 151 2737 383 2789; x_wconf 90' lang='lat' dir='ltr'><em>editumque</em></span> <span class='ocrx_word' id='word_1_238' title='bbox 413 2741 434 2778; x_wconf 81' lang='lat' dir='ltr'><em>a</em></span> <span class='ocrx_word' id='word_1_239' title='bbox 470 2740 613 2779; x_wconf 80' lang='lat' dir='ltr'><em>Jacobo</em></span> <span class='ocrx_word' id='word_1_240' title='bbox 643 2742 854 2791; x_wconf 82' lang='lat' dir='ltr'><em>Bongarsio</em></span> <span class='ocrx_word' id='word_1_241' title='bbox 894 2742 930 2778; x_wconf 95' lang='lat' dir='ltr'><em>in</em></span> <span class='ocrx_word' id='word_1_242' title='bbox 974 2743 1098 2791; x_wconf 80' lang='lat' dir='ltr'><em>gestis</em></span> 
     </span>
     <span class='ocr_line' id='line_1_42' title="bbox 147 2801 1099 2854; baseline 0.001 -14"><span class='ocrx_word' id='word_1_243' title='bbox 147 2801 230 2840; x_wconf 86' lang='lat' dir='ltr'><em>DEI</em></span> <span class='ocrx_word' id='word_1_244' title='bbox 260 2813 329 2852; x_wconf 83' lang='lat' dir='ltr'><em>per</em></span> <span class='ocrx_word' id='word_1_245' title='bbox 357 2803 551 2849; x_wconf 86' lang='lat' dir='ltr'><em>Francos,</em></span> <span class='ocrx_word' id='word_1_246' title='bbox 583 2808 688 2841; x_wconf 88' lang='lat' dir='ltr'><em>tomo</em></span> <span class='ocrx_word' id='word_1_247' title='bbox 706 2805 945 2854; x_wconf 83' lang='lat' dir='ltr'><em>posteriore,</em></span> <span class='ocrx_word' id='word_1_248' title='bbox 975 2814 1099 2853; x_wconf 88' lang='lat' dir='ltr'><em>quem</em></span> 
     </span>
     <span class='ocr_line' id='line_1_43' title="bbox 141 2865 1090 2916; baseline 0.003 -16"><span class='ocrx_word' id='word_1_249' title='bbox 141 2874 259 2914; x_wconf 89' lang='lat' dir='ltr'><em>prope</em></span> <span class='ocrx_word' id='word_1_250' title='bbox 303 2866 499 2916; x_wconf 78' lang='lat' dir='ltr'><em>integrum</em></span> <span class='ocrx_word' id='word_1_251' title='bbox 546 2866 731 2916; x_wconf 83' lang='lat' dir='ltr'><em>complet.</em></span> <span class='ocrx_word' id='word_1_252' title='bbox 778 2866 954 2904; x_wconf 81' lang='lat' dir='ltr'><em>Francos.</em></span> <span class='ocrx_word' id='word_1_253' title='bbox 983 2865 1090 2916; x_wconf 86' lang='lat' dir='ltr'><em>apud</em></span> 
     </span>
    </p>
   </div>
   <div class='ocr_carea' id='block_1_3' title="bbox 134 2980 1108 3423">
    <p class='ocr_par' dir='ltr' id='par_1_4' title="bbox 134 2980 1108 3423">
     <span class='ocr_line' id='line_1_44' title="bbox 196 2980 1107 3017; baseline 0.003 -7"><span class='ocrx_word' id='word_1_254' title='bbox 196 2980 229 3017; x_wconf 63' lang='grc' dir='ltr'><em>θ’)</em></span> <span class='ocrx_word' id='word_1_255' title='bbox 260 2982 296 3012; x_wconf 87' lang='lat' dir='ltr'><em>u.</em></span> <span class='ocrx_word' id='word_1_256' title='bbox 320 2981 519 3013; x_wconf 76' lang='lat' dir='ltr'><em>Wartbonus</em></span> <span class='ocrx_word' id='word_1_257' title='bbox 543 2981 583 3013; x_wconf 85' lang='lat' dir='ltr'><em>ad</em></span> <span class='ocrx_word' id='word_1_258' title='bbox 606 2984 702 3014; x_wconf 77' lang='lat' dir='ltr'><em>cavei</em></span> <span class='ocrx_word' id='word_1_259' title='bbox 728 2983 843 3013; x_wconf 81' lang='lat' dir='ltr'><em>histor.</em></span> <span class='ocrx_word' id='word_1_260' title='bbox 868 2982 916 3013; x_wconf 90' lang='lat' dir='ltr'><em>lit.</em></span> <span class='ocrx_word' id='word_1_261' title='bbox 942 2983 972 3013; x_wconf 91' lang='lat' dir='ltr'><em>S.</em></span> <span class='ocrx_word' id='word_1_262' title='bbox 995 2984 1034 3013; x_wconf 87' lang='lat' dir='ltr'><em>E.</em></span> <span class='ocrx_word' id='word_1_263' title='bbox 1066 2982 1107 3013; x_wconf 85' lang='lat' dir='ltr'><em>ad</em></span> 
     </span>
     <span class='ocr_line' id='line_1_45' title="bbox 135 3029 1108 3073; baseline 0.001 -12"><span class='ocrx_word' id='word_1_264' title='bbox 135 3033 267 3062; x_wconf 76' lang='lat' dir='ltr'><em>Annum</em></span> <span class='ocrx_word' id='word_1_265' title='bbox 296 3029 385 3061; x_wconf 75' lang='lat'><em>1512.</em></span> <span class='ocrx_word' id='word_1_266' title='bbox 410 3031 449 3062; x_wconf 86' lang='lat' dir='ltr'><em>de</em></span> <span class='ocrx_word' id='word_1_267' title='bbox 474 3031 535 3063; x_wconf 84' lang='lat' dir='ltr'><em>lioc</em></span> <span class='ocrx_word' id='word_1_268' title='bbox 556 3034 680 3063; x_wconf 83' lang='lat' dir='ltr'><em>Sanuto</em></span> <span class='ocrx_word' id='word_1_269' title='bbox 706 3033 850 3073; x_wconf 63' lang='lat' dir='ltr'><em>Organa</em></span> <span class='ocrx_word' id='word_1_270' title='bbox 867 3034 1108 3072; x_wconf 67' lang='lat' dir='ltr'><em>pneumatis—a</em></span> 
     </span>
     <span class='ocr_line' id='line_1_46' title="bbox 134 3079 1106 3123; baseline 0.003 -13"><span class='ocrx_word' id='word_1_271' title='bbox 134 3088 223 3119; x_wconf 83' lang='lat' dir='ltr'><em>quae</em></span> <span class='ocrx_word' id='word_1_272' title='bbox 239 3079 341 3110; x_wconf 77' lang='lat' dir='ltr'><em>hodie</em></span> <span class='ocrx_word' id='word_1_273' title='bbox 357 3084 578 3120; x_wconf 79' lang='lat' dir='ltr'><em>usurpantur</em></span> <span class='ocrx_word' id='word_1_274' title='bbox 591 3106 602 3122; x_wconf 89' lang='lat'><em>‚</em></span> <span class='ocrx_word' id='word_1_275' title='bbox 619 3082 723 3113; x_wconf 82' lang='lat' dir='ltr'><em>Italis</em></span> <span class='ocrx_word' id='word_1_276' title='bbox 739 3083 874 3114; x_wconf 84' lang='lat' dir='ltr'><em>Torselli</em></span> <span class='ocrx_word' id='word_1_277' title='bbox 891 3082 1008 3120; x_wconf 84' lang='lat' dir='ltr'><em>dicta,</em></span> <span class='ocrx_word' id='word_1_278' title='bbox 1027 3084 1106 3123; x_wconf 81' lang='lat' dir='ltr'><em>pri-</em></span> 
     </span>
     <span class='ocr_line' id='line_1_47' title="bbox 135 3130 1106 3164; baseline 0.002 -4"><span class='ocrx_word' id='word_1_279' title='bbox 135 3138 213 3160; x_wconf 82' lang='lat' dir='ltr'><em>mus</em></span> <span class='ocrx_word' id='word_1_280' title='bbox 237 3130 392 3161; x_wconf 79' lang='lat' dir='ltr'><em>omnium</em></span> <span class='ocrx_word' id='word_1_281' title='bbox 409 3130 447 3160; x_wconf 83' lang='lat' dir='ltr'><em>in</em></span> <span class='ocrx_word' id='word_1_282' title='bbox 471 3130 670 3162; x_wconf 77' lang='lat' dir='ltr'><em>Ecclesiam</em></span> <span class='ocrx_word' id='word_1_283' title='bbox 690 3132 860 3164; x_wconf 74' lang='lat' dir='ltr'><em>induxit.-</em></span> <span class='ocrx_word' id='word_1_284' title='bbox 883 3132 963 3163; x_wconf 85' lang='lat' dir='ltr'><em>inde</em></span> <span class='ocrx_word' id='word_1_285' title='bbox 980 3133 1106 3163; x_wconf 78' lang='lat' dir='ltr'><em>datum</em></span> 
     </span>
     <span class='ocr_line' id='line_1_48' title="bbox 134 3179 1104 3214; baseline 0.002 -3"><span class='ocrx_word' id='word_1_286' title='bbox 134 3181 167 3211; x_wconf 86' lang='lat' dir='ltr'><em>ei</em></span> <span class='ocrx_word' id='word_1_287' title='bbox 185 3180 324 3212; x_wconf 84' lang='lat' dir='ltr'><em>Torsclli</em></span> <span class='ocrx_word' id='word_1_288' title='bbox 346 3188 474 3211; x_wconf 83' lang='lat' dir='ltr'><em>nomen</em></span> <span class='ocrx_word' id='word_1_289' title='bbox 498 3180 619 3212; x_wconf 77' lang='lat' dir='ltr'><em>Habuit</em></span> <span class='ocrx_word' id='word_1_290' title='bbox 647 3181 726 3213; x_wconf 85' lang='lat' dir='ltr'><em>haec</em></span> <span class='ocrx_word' id='word_1_291' title='bbox 751 3182 947 3213; x_wconf 79' lang='lat' dir='ltr'><em>warthonus</em></span> <span class='ocrx_word' id='word_1_292' title='bbox 971 3179 988 3213; x_wconf 74' lang='lat' dir='ltr'><em>a</em></span> <span class='ocrx_word' id='word_1_293' title='bbox 1011 3185 1104 3214; x_wconf 87' lang='lat' dir='ltr'><em>Bon-</em></span> 
     </span>
     <span class='ocr_line' id='line_1_49' title="bbox 144 3229 1108 3270; baseline 0 -9"><span class='ocrx_word' id='word_1_294' title='bbox 144 3232 254 3270; x_wconf 76' lang='lat' dir='ltr'><em>garsio</em></span> <span class='ocrx_word' id='word_1_295' title='bbox 267 3253 278 3269; x_wconf 84' lang='lat'><strong>‚</strong></span> <span class='ocrx_word' id='word_1_296' title='bbox 295 3232 389 3270; x_wconf 87' lang='lat' dir='ltr'><em>cujus</em></span> <span class='ocrx_word' id='word_1_297' title='bbox 414 3229 496 3262; x_wconf 82' lang='lat' dir='ltr'><em>baec</em></span> <span class='ocrx_word' id='word_1_298' title='bbox 516 3233 594 3261; x_wconf 85' lang='lat' dir='ltr'><em>sunt</em></span> <span class='ocrx_word' id='word_1_299' title='bbox 615 3230 736 3261; x_wconf 74' lang='lat' dir='ltr'><em>verba:</em></span> <span class='ocrx_word' id='word_1_300' title='bbox 761 3231 896 3262; x_wconf 82' lang='lat' dir='ltr'><em>Torselli</em></span> <span class='ocrx_word' id='word_1_301' title='bbox 915 3239 987 3262; x_wconf 79' lang='lat' dir='ltr'><em>non</em></span> <span class='ocrx_word' id='word_1_302' title='bbox 1009 3232 1108 3263; x_wconf 81' lang='lat' dir='ltr'><em>nati-</em></span> 
     </span>
     <span class='ocr_line' id='line_1_50' title="bbox 138 3279 1107 3313; baseline 0.003 -3"><span class='ocrx_word' id='word_1_303' title='bbox 138 3287 220 3310; x_wconf 84' lang='lat' dir='ltr'><em>vum</em></span> <span class='ocrx_word' id='word_1_304' title='bbox 239 3280 303 3310; x_wconf 87' lang='lat' dir='ltr'><em>sed</em></span> <span class='ocrx_word' id='word_1_305' title='bbox 327 3279 481 3311; x_wconf 82' lang='lat' dir='ltr'><em>inditum</em></span> <span class='ocrx_word' id='word_1_306' title='bbox 497 3288 623 3311; x_wconf 82' lang='lat' dir='ltr'><em>nomen</em></span> <span class='ocrx_word' id='word_1_307' title='bbox 645 3280 745 3311; x_wconf 80' lang='lat' dir='ltr'><em>docet</em></span> <span class='ocrx_word' id='word_1_308' title='bbox 757 3280 976 3312; x_wconf 72' lang='lat' dir='ltr'><em>Sansovtnus</em></span> <span class='ocrx_word' id='word_1_309' title='bbox 998 3281 1057 3312; x_wconf 82' lang='lat' dir='ltr'><em>lib.</em></span> <span class='ocrx_word' id='word_1_310' title='bbox 1076 3282 1107 3313; x_wconf 79' lang='grc'><em>6.</em></span> 
     </span>
     <span class='ocr_line' id='line_1_51' title="bbox 139 3329 1105 3372; baseline 0.004 -12"><span class='ocrx_word' id='word_1_311' title='bbox 139 3329 393 3370; x_wconf 75' lang='lat' dir='ltr'><em>descriptionis</em></span> <span class='ocrx_word' id='word_1_312' title='bbox 421 3330 658 3361; x_wconf 69' lang='lat' dir='ltr'><em>Veneriorum.</em></span> <span class='ocrx_word' id='word_1_313' title='bbox 679 3332 720 3363; x_wconf 83' lang='lat' dir='ltr'><em>ln</em></span> <span class='ocrx_word' id='word_1_314' title='bbox 737 3331 821 3362; x_wconf 85' lang='lat' dir='ltr'><em>aede</em></span> <span class='ocrx_word' id='word_1_315' title='bbox 838 3332 869 3364; x_wconf 86' lang='lat' dir='ltr'><em>S¹</em></span> <span class='ocrx_word' id='word_1_316' title='bbox 890 3332 1081 3372; x_wconf 81' lang='lat' dir='ltr'><em>Raphaelis</em></span> <span class='ocrx_word' id='word_1_317' title='bbox 1095 3357 1105 3371; x_wconf 92' lang='lat'><em>,</em></span> 
     </span>
     <span class='ocr_line' id='line_1_52' title="bbox 135 3379 1107 3423; baseline 0.003 -12"><span class='ocrx_word' id='word_1_318' title='bbox 135 3379 363 3420; x_wconf 42' lang='lat' dir='ltr'><em>venenifica</em></span> <span class='ocrx_word' id='word_1_319' title='bbox 376 3381 606 3413; x_wconf 77' lang='lat' dir='ltr'><em>instrumenti</em></span> <span class='ocrx_word' id='word_1_320' title='bbox 620 3381 1107 3423; x_wconf 71' lang='lat' dir='ltr'><em>Musicicnjiisdamformam</em></span> 
     </span>
    </p>
   </div>
   <div class='ocr_carea' id='block_1_4' title="bbox 1165 309 2134 2904">
    <p class='ocr_par' dir='ltr' id='par_1_5' title="bbox 1165 309 2123 1294">
     <span class='ocr_line' id='line_1_53' title="bbox 1167 309 2115 359; baseline -0.003 -10"><span class='ocrx_word' id='word_1_321' title='bbox 1167 312 1344 351; x_wconf 77' lang='lat' dir='ltr'><em>Wecliel.</em></span> <span class='ocrx_word' id='word_1_322' title='bbox 1376 314 1488 352; x_wconf 57' lang='lat' dir='ltr'><em>lssrll.</em></span> <span class='ocrx_word' id='word_1_323' title='bbox 1521 311 1583 349; x_wconf 80' lang='lat' dir='ltr'><em>iol.</em></span> <span class='ocrx_word' id='word_1_324' title='bbox 1613 309 1834 348; x_wconf 84' lang='lat' dir='ltr'><em>subiunctis</em></span> <span class='ocrx_word' id='word_1_325' title='bbox 1865 320 1899 359; x_wconf 86' lang='lat' dir='ltr'><em>p.</em></span> <span class='ocrx_word' id='word_1_326' title='bbox 1926 309 2002 347; x_wconf 73' lang='lat'><em>289</em></span> <span class='ocrx_word' id='word_1_327' title='bbox 2030 319 2115 358; x_wconf 61' lang='lat' dir='ltr'><em>seq.</em></span> 
     </span>
     <span class='ocr_line' id='line_1_54' title="bbox 1165 369 2119 424; baseline -0.005 -12"><span class='ocrx_word' id='word_1_328' title='bbox 1165 374 1344 414; x_wconf 88' lang='lat' dir='ltr'><em>eiusdem</em></span> <span class='ocrx_word' id='word_1_329' title='bbox 1374 375 1509 414; x_wconf 85' lang='lat' dir='ltr'><em>Marini</em></span> <span class='ocrx_word' id='word_1_330' title='bbox 1543 370 1726 424; x_wconf 87' lang='lat' dir='ltr'><em>Epistolis</em></span> <span class='ocrx_word' id='word_1_331' title='bbox 1754 369 1871 410; x_wconf 88' lang='lat' dir='ltr'><em>XXII.</em></span> <span class='ocrx_word' id='word_1_332' title='bbox 1902 370 1949 408; x_wconf 89' lang='lat' dir='ltr'><em>ad</em></span> <span class='ocrx_word' id='word_1_333' title='bbox 1991 371 2119 409; x_wconf 86' lang='lat' dir='ltr'><em>Ponti-</em></span> 
     </span>
     <span class='ocr_line' id='line_1_55' title="bbox 1166 433 2117 484; baseline -0.004 -10"><span class='ocrx_word' id='word_1_334' title='bbox 1166 436 1307 484; x_wconf 84' lang='lat' dir='ltr'><em>ficem,</em></span> <span class='ocrx_word' id='word_1_335' title='bbox 1337 437 1386 476; x_wconf 89' lang='lat' dir='ltr'><em>ad</em></span> <span class='ocrx_word' id='word_1_336' title='bbox 1415 435 1684 474; x_wconf 89' lang='lat' dir='ltr'><em>Andronicum</em></span> <span class='ocrx_word' id='word_1_337' title='bbox 1717 433 1989 483; x_wconf 78' lang='lat' dir='ltr'><em>Palaeologum</em></span> <span class='ocrx_word' id='word_1_338' title='bbox 2020 434 2117 483; x_wconf 87' lang='lat' dir='ltr'><em>Imp.</em></span> 
     </span>
     <span class='ocr_line' id='line_1_56' title="bbox 1168 496 2118 547; baseline -0.005 -9"><span class='ocrx_word' id='word_1_339' title='bbox 1168 499 1312 539; x_wconf 81' lang='lat' dir='ltr'><em>CPolit.</em></span> <span class='ocrx_word' id='word_1_340' title='bbox 1341 499 1518 547; x_wconf 87' lang='lat' dir='ltr'><em>aliosque</em></span> <span class='ocrx_word' id='word_1_341' title='bbox 1550 498 1660 534; x_wconf 89' lang='lat' dir='ltr'><em>Viros</em></span> <span class='ocrx_word' id='word_1_342' title='bbox 1691 496 1918 547; x_wconf 81' lang='lat' dir='ltr'><em>Principes,</em></span> <span class='ocrx_word' id='word_1_343' title='bbox 1943 506 2042 546; x_wconf 86' lang='lat' dir='ltr'><em>quos</em></span> <span class='ocrx_word' id='word_1_344' title='bbox 2070 496 2118 533; x_wconf 91' lang='lat' dir='ltr'><em>ad</em></span> 
     </span>
     <span class='ocr_line' id='line_1_57' title="bbox 1168 559 2121 612; baseline -0.004 -13"><span class='ocrx_word' id='word_1_345' title='bbox 1168 560 1442 612; x_wconf 85' lang='lat' dir='ltr'><em>expeditiones</em></span> <span class='ocrx_word' id='word_1_346' title='bbox 1473 561 1508 596; x_wconf 92' lang='lat' dir='ltr'><em>in</em></span> <span class='ocrx_word' id='word_1_347' title='bbox 1540 563 1685 597; x_wconf 85' lang='lat' dir='ltr'><em>terram</em></span> <span class='ocrx_word' id='word_1_348' title='bbox 1718 563 1896 597; x_wconf 86' lang='lat' dir='ltr'><em>sanctam</em></span> <span class='ocrx_word' id='word_1_349' title='bbox 1923 559 2039 596; x_wconf 88' lang='lat' dir='ltr'><em>novis</em></span> <span class='ocrx_word' id='word_1_350' title='bbox 2062 559 2121 594; x_wconf 82' lang='lat' dir='ltr'><em>vi-</em></span> 
     </span>
     <span class='ocr_line' id='line_1_58' title="bbox 1166 619 2119 671; baseline -0.004 -11"><span class='ocrx_word' id='word_1_351' title='bbox 1166 623 1274 661; x_wconf 90' lang='lat' dir='ltr'><em>ribus</em></span> <span class='ocrx_word' id='word_1_352' title='bbox 1321 620 1616 671; x_wconf 84' lang='lat' dir='ltr'><em>suscipiendam</em></span> <span class='ocrx_word' id='word_1_353' title='bbox 1663 621 1854 659; x_wconf 84' lang='lat' dir='ltr'><em>bortatur.</em></span> <span class='ocrx_word' id='word_1_354' title='bbox 1891 619 1988 659; x_wconf 85' lang='lat' dir='ltr'><em>Vide</em></span> <span class='ocrx_word' id='word_1_355' title='bbox 2019 621 2119 659; x_wconf 92' lang='lat' dir='ltr'><em>Bon-</em></span> 
     </span>
     <span class='ocr_line' id='line_1_59' title="bbox 1168 682 2119 734; baseline -0.003 -12"><span class='ocrx_word' id='word_1_356' title='bbox 1168 686 1341 734; x_wconf 77' lang='lat' dir='ltr'><em>garsium</em></span> <span class='ocrx_word' id='word_1_357' title='bbox 1374 685 1410 721; x_wconf 92' lang='lat' dir='ltr'><em>in</em></span> <span class='ocrx_word' id='word_1_358' title='bbox 1443 683 1653 734; x_wconf 80' lang='lat' dir='ltr'><em>prolegom.</em></span> <span class='ocrx_word' id='word_1_359' title='bbox 1687 682 1874 721; x_wconf 79' lang='lat' dir='ltr'><em>Vossium</em></span> <span class='ocrx_word' id='word_1_360' title='bbox 1908 695 1943 733; x_wconf 87' lang='lat' dir='ltr'><em>p.</em></span> <span class='ocrx_word' id='word_1_361' title='bbox 1972 682 2049 720; x_wconf 85' lang='lat'><em>797</em></span> <span class='ocrx_word' id='word_1_362' title='bbox 2080 687 2119 720; x_wconf 85' lang='lat' dir='ltr'><em>et</em></span> 
     </span>
     <span class='ocr_line' id='line_1_60' title="bbox 1169 744 2119 796; baseline -0.002 -12"><span class='ocrx_word' id='word_1_363' title='bbox 1169 747 1211 784; x_wconf 88' lang='lat' dir='ltr'><em>H.</em></span> <span class='ocrx_word' id='word_1_364' title='bbox 1246 745 1509 784; x_wconf 86' lang='lat' dir='ltr'><em>Wartbonum</em></span> <span class='ocrx_word' id='word_1_365' title='bbox 1540 744 1588 782; x_wconf 89' lang='lat' dir='ltr'><em>ad</em></span> <span class='ocrx_word' id='word_1_366' title='bbox 1619 745 1808 784; x_wconf 86' lang='lat' dir='ltr'><em>Caveum.</em></span> <span class='ocrx_word' id='word_1_367' title='bbox 1840 747 2000 784; x_wconf 83' lang='lat' dir='ltr'><em>Tractat</em></span> <span class='ocrx_word' id='word_1_368' title='bbox 2019 755 2119 796; x_wconf 88' lang='lat' dir='ltr'><em>opus</em></span> 
     </span>
     <span class='ocr_line' id='line_1_61' title="bbox 1168 807 2120 857; baseline -0.004 -10"><span class='ocrx_word' id='word_1_369' title='bbox 1168 808 1306 847; x_wconf 89' lang='lat' dir='ltr'><em>Sanuti</em></span> <span class='ocrx_word' id='word_1_370' title='bbox 1337 807 1385 845; x_wconf 89' lang='lat' dir='ltr'><em>de</em></span> <span class='ocrx_word' id='word_1_371' title='bbox 1415 811 1543 846; x_wconf 79' lang='lat' dir='ltr'><em>terrac</em></span> <span class='ocrx_word' id='word_1_372' title='bbox 1574 811 1734 845; x_wconf 81' lang='lat' dir='ltr'><em>sanetae</em></span> <span class='ocrx_word' id='word_1_373' title='bbox 1760 809 2055 857; x_wconf 84' lang='lat' dir='ltr'><em>recuperatione</em></span> <span class='ocrx_word' id='word_1_374' title='bbox 2079 811 2120 844; x_wconf 83' lang='lat' dir='ltr'><em>ct</em></span> 
     </span>
     <span class='ocr_line' id='line_1_62' title="bbox 1169 868 2120 918; baseline -0.003 -10"><span class='ocrx_word' id='word_1_375' title='bbox 1169 870 1472 909; x_wconf 86' lang='lat' dir='ltr'><em>conservatione</em></span> <span class='ocrx_word' id='word_1_376' title='bbox 1491 898 1500 916; x_wconf 89' lang='lat'><em>,</em></span> <span class='ocrx_word' id='word_1_377' title='bbox 1531 869 1715 918; x_wconf 84' lang='lat' dir='ltr'><em>illiusque</em></span> <span class='ocrx_word' id='word_1_378' title='bbox 1761 868 1962 907; x_wconf 84' lang='lat' dir='ltr'><em>historiam</em></span> <span class='ocrx_word' id='word_1_379' title='bbox 1993 868 2041 906; x_wconf 90' lang='lat' dir='ltr'><em>ad</em></span> <span class='ocrx_word' id='word_1_380' title='bbox 2072 868 2120 906; x_wconf 83' lang='lat' dir='ltr'><em>A.</em></span> 
     </span>
     <span class='ocr_line' id='line_1_63' title="bbox 1169 929 2120 982; baseline -0.003 -11"><span class='ocrx_word' id='word_1_381' title='bbox 1169 933 1286 972; x_wconf 72' lang='lat'><em>4420.</em></span> <span class='ocrx_word' id='word_1_382' title='bbox 1330 943 1455 982; x_wconf 84' lang='lat' dir='ltr'><em>usque.</em></span> <span class='ocrx_word' id='word_1_383' title='bbox 1499 931 1780 982; x_wconf 87' lang='lat' dir='ltr'><em>persequitur,</em></span> <span class='ocrx_word' id='word_1_384' title='bbox 1810 941 1901 968; x_wconf 89' lang='lat' dir='ltr'><em>cum</em></span> <span class='ocrx_word' id='word_1_385' title='bbox 1940 929 2120 969; x_wconf 85' lang='lat' dir='ltr'><em>eiusdem</em></span> 
     </span>
     <span class='ocr_line' id='line_1_64' title="bbox 1167 991 2121 1043; baseline -0.004 -10"><span class='ocrx_word' id='word_1_386' title='bbox 1167 995 1409 1033; x_wconf 85' lang='lat' dir='ltr'><em>Palaestinae</em></span> <span class='ocrx_word' id='word_1_387' title='bbox 1430 997 1470 1031; x_wconf 89' lang='lat' dir='ltr'><em>et</em></span> <span class='ocrx_word' id='word_1_388' title='bbox 1495 993 1712 1032; x_wconf 89' lang='lat' dir='ltr'><em>vicinarum</em></span> <span class='ocrx_word' id='word_1_389' title='bbox 1738 993 2030 1043; x_wconf 84' lang='lat' dir='ltr'><em>provinciarum</em></span> <span class='ocrx_word' id='word_1_390' title='bbox 2052 991 2121 1029; x_wconf 90' lang='lat' dir='ltr'><em>de-</em></span> 
     </span>
     <span class='ocr_line' id='line_1_65' title="bbox 1167 1054 2119 1107; baseline -0.004 -12"><span class='ocrx_word' id='word_1_391' title='bbox 1167 1058 1379 1107; x_wconf 85' lang='lat' dir='ltr'><em>scriptione</em></span> <span class='ocrx_word' id='word_1_392' title='bbox 1416 1055 1709 1106; x_wconf 72' lang='lat' dir='ltr'><em>Gcograpbica,</em></span> <span class='ocrx_word' id='word_1_393' title='bbox 1741 1060 1781 1093; x_wconf 89' lang='lat' dir='ltr'><em>et</em></span> <span class='ocrx_word' id='word_1_394' title='bbox 1825 1055 1977 1104; x_wconf 88' lang='lat' dir='ltr'><em>mappis</em></span> <span class='ocrx_word' id='word_1_395' title='bbox 2020 1054 2119 1092; x_wconf 91' lang='lat' dir='ltr'><em>Geo-</em></span> 
     </span>
     <span class='ocr_line' id='line_1_66' title="bbox 1166 1116 2123 1170; baseline -0.003 -13"><span class='ocrx_word' id='word_1_396' title='bbox 1166 1119 1363 1170; x_wconf 79' lang='lat' dir='ltr'><em>grapliicis</em></span> <span class='ocrx_word' id='word_1_397' title='bbox 1407 1117 1556 1156; x_wconf 85' lang='lat' dir='ltr'><em>tribus:</em></span> <span class='ocrx_word' id='word_1_398' title='bbox 1602 1122 1743 1168; x_wconf 84' lang='lat' dir='ltr'><em>quarta</em></span> <span class='ocrx_word' id='word_1_399' title='bbox 1787 1118 1892 1155; x_wconf 89' lang='lat' dir='ltr'><em>enim</em></span> <span class='ocrx_word' id='word_1_400' title='bbox 1929 1116 1978 1154; x_wconf 91' lang='lat' dir='ltr'><em>de</em></span> <span class='ocrx_word' id='word_1_401' title='bbox 2024 1118 2123 1155; x_wconf 89' lang='lat' dir='ltr'><em>mari</em></span> 
     </span>
     <span class='ocr_line' id='line_1_67' title="bbox 1170 1178 2122 1231; baseline -0.003 -11"><span class='ocrx_word' id='word_1_402' title='bbox 1170 1181 1483 1228; x_wconf 87' lang='lat' dir='ltr'><em>mediterraneo,</em></span> <span class='ocrx_word' id='word_1_403' title='bbox 1530 1184 1689 1231; x_wconf 86' lang='lat' dir='ltr'><em>propter</em></span> <span class='ocrx_word' id='word_1_404' title='bbox 1732 1179 1932 1218; x_wconf 85' lang='lat' dir='ltr'><em>defectum</em></span> <span class='ocrx_word' id='word_1_405' title='bbox 1977 1178 2122 1217; x_wconf 88' lang='lat' dir='ltr'><em>codicis</em></span> 
     </span>
     <span class='ocr_line' id='line_1_68' title="bbox 1168 1242 1715 1294; baseline -0.009 -10"><span class='ocrx_word' id='word_1_406' title='bbox 1168 1245 1423 1294; x_wconf 85' lang='lat' dir='ltr'><em>Manuscripti</em></span> <span class='ocrx_word' id='word_1_407' title='bbox 1456 1242 1715 1281; x_wconf 88' lang='lat' dir='ltr'><em>desideratur.</em></span> 
     </span>
    </p>

    <p class='ocr_par' dir='ltr' id='par_1_6' title="bbox 1169 1303 2134 2904">
     <span class='ocr_line' id='line_1_69' title="bbox 1224 1303 2122 1351; baseline -0.002 -7"><span class='ocrx_word' id='word_1_408' title='bbox 1224 1305 1446 1345; x_wconf 65' lang='lat' dir='ltr'><em>MARllN&#39;US</em></span> <span class='ocrx_word' id='word_1_409' title='bbox 1475 1305 1651 1343; x_wconf 83' lang='lat' dir='ltr'><em>Sanutus</em></span> <span class='ocrx_word' id='word_1_410' title='bbox 1668 1335 1677 1351; x_wconf 89' lang='lat'><em>,</em></span> <span class='ocrx_word' id='word_1_411' title='bbox 1703 1303 1841 1343; x_wconf 85' lang='lat' dir='ltr'><em>Junior</em></span> <span class='ocrx_word' id='word_1_412' title='bbox 1866 1303 2054 1342; x_wconf 89' lang='lat' dir='ltr'><em>Leonardi</em></span> <span class='ocrx_word' id='word_1_413' title='bbox 2082 1305 2122 1342; x_wconf 85' lang='lat' dir='ltr'><em>F.</em></span> 
     </span>
     <span class='ocr_line' id='line_1_70' title="bbox 1170 1366 2120 1418; baseline -0.003 -12"><span class='ocrx_word' id='word_1_414' title='bbox 1170 1368 1306 1406; x_wconf 87' lang='lat' dir='ltr'><em>itidem</em></span> <span class='ocrx_word' id='word_1_415' title='bbox 1337 1368 1530 1406; x_wconf 87' lang='lat' dir='ltr'><em>Patricius</em></span> <span class='ocrx_word' id='word_1_416' title='bbox 1563 1367 1764 1415; x_wconf 82' lang='lat' dir='ltr'><em>Venetus,</em></span> <span class='ocrx_word' id='word_1_417' title='bbox 1795 1366 1927 1405; x_wconf 90' lang='lat' dir='ltr'><em>adbuc</em></span> <span class='ocrx_word' id='word_1_418' title='bbox 1956 1371 2045 1418; x_wconf 86' lang='lat' dir='ltr'><em>post</em></span> <span class='ocrx_word' id='word_1_419' title='bbox 2073 1367 2120 1405; x_wconf 87' lang='lat' dir='ltr'><em>A.</em></span> 
     </span>
     <span class='ocr_line' id='line_1_71' title="bbox 1171 1427 2119 1480; baseline -0.005 -10"><span class='ocrx_word' id='word_1_420' title='bbox 1171 1431 1275 1470; x_wconf 70' lang='lat'><em>4522</em></span> <span class='ocrx_word' id='word_1_421' title='bbox 1305 1434 1535 1480; x_wconf 82' lang='lat' dir='ltr'><em>superstes,</em></span> <span class='ocrx_word' id='word_1_422' title='bbox 1564 1427 1612 1466; x_wconf 90' lang='lat' dir='ltr'><em>de</em></span> <span class='ocrx_word' id='word_1_423' title='bbox 1642 1439 1718 1478; x_wconf 86' lang='lat' dir='ltr'><em>quo</em></span> <span class='ocrx_word' id='word_1_424' title='bbox 1763 1429 1926 1467; x_wconf 74' lang='lat' dir='ltr'><em>Vossius</em></span> <span class='ocrx_word' id='word_1_425' title='bbox 1957 1440 1991 1479; x_wconf 90' lang='lat' dir='ltr'><em>p.</em></span> <span class='ocrx_word' id='word_1_426' title='bbox 2031 1428 2119 1466; x_wconf 84' lang='grc'>667.</span> 
     </span>
     <span class='ocr_line' id='line_1_72' title="bbox 1172 1490 2121 1542; baseline -0.002 -11"><span class='ocrx_word' id='word_1_427' title='bbox 1172 1498 1212 1531; x_wconf 85' lang='lat' dir='ltr'><em>et</em></span> <span class='ocrx_word' id='word_1_428' title='bbox 1233 1497 1370 1532; x_wconf 87' lang='lat' dir='ltr'><em>auctor</em></span> <span class='ocrx_word' id='word_1_429' title='bbox 1400 1490 1628 1542; x_wconf 87' lang='lat' dir='ltr'><em>appendicis</em></span> <span class='ocrx_word' id='word_1_430' title='bbox 1652 1490 1700 1529; x_wconf 90' lang='lat' dir='ltr'><em>ad</em></span> <span class='ocrx_word' id='word_1_431' title='bbox 1727 1491 1988 1529; x_wconf 83' lang='lat' dir='ltr'><em>Tritbemium</em></span> <span class='ocrx_word' id='word_1_432' title='bbox 2010 1491 2057 1529; x_wconf 92' lang='lat' dir='ltr'><em>de</em></span> <span class='ocrx_word' id='word_1_433' title='bbox 2083 1491 2121 1529; x_wconf 76' lang='lat' dir='ltr'><em>S.</em></span> 
     </span>
     <span class='ocr_line' id='line_1_73' title="bbox 1172 1552 2123 1605; baseline -0.002 -12"><span class='ocrx_word' id='word_1_434' title='bbox 1172 1556 1221 1594; x_wconf 86' lang='lat' dir='ltr'><em>E.</em></span> <span class='ocrx_word' id='word_1_435' title='bbox 1251 1560 1378 1605; x_wconf 83' lang='lat' dir='ltr'><em>capite</em></span> <span class='ocrx_word' id='word_1_436' title='bbox 1424 1554 1523 1592; x_wconf 78' lang='lat' dir='ltr'><em>Vlll.</em></span> <span class='ocrx_word' id='word_1_437' title='bbox 1564 1552 1669 1591; x_wconf 84' lang='lat' dir='ltr'><em>Ante</em></span> <span class='ocrx_word' id='word_1_438' title='bbox 1699 1552 1771 1591; x_wconf 88' lang='lat' dir='ltr'><em>hos</em></span> <span class='ocrx_word' id='word_1_439' title='bbox 1811 1553 1891 1591; x_wconf 82' lang='lat' dir='ltr'><em>Jac.</em></span> <span class='ocrx_word' id='word_1_440' title='bbox 1923 1553 2123 1604; x_wconf 83' lang='lat' dir='ltr'><em>Philippus</em></span> 
     </span>
     <span class='ocr_line' id='line_1_74' title="bbox 1178 1614 2127 1666; baseline -0.002 -11"><span class='ocrx_word' id='word_1_441' title='bbox 1178 1617 1457 1666; x_wconf 76' lang='lat' dir='ltr'><em>Bergomensis</em></span> <span class='ocrx_word' id='word_1_442' title='bbox 1495 1617 1531 1653; x_wconf 84' lang='lat' dir='ltr'><em>iu</em></span> <span class='ocrx_word' id='word_1_443' title='bbox 1564 1615 1760 1653; x_wconf 78' lang='lat' dir='ltr'><em>Chronico</em></span> <span class='ocrx_word' id='word_1_444' title='bbox 1791 1614 1839 1654; x_wconf 90' lang='lat' dir='ltr'><em>ad</em></span> <span class='ocrx_word' id='word_1_445' title='bbox 1870 1617 1983 1654; x_wconf 80' lang='lat' dir='ltr'><em>Anno</em></span> <span class='ocrx_word' id='word_1_446' title='bbox 2015 1616 2127 1654; x_wconf 70' lang='lat'><em>4498.</em></span> 
     </span>
     <span class='ocr_line' id='line_1_75' title="bbox 1177 1677 2134 1729; baseline -0.004 -10"><span class='ocrx_word' id='word_1_447' title='bbox 1177 1679 1359 1719; x_wconf 82' lang='lat' dir='ltr'><em>Marinus</em></span> <span class='ocrx_word' id='word_1_448' title='bbox 1396 1680 1573 1718; x_wconf 79' lang='lat' dir='ltr'><em>Sanutus</em></span> <span class='ocrx_word' id='word_1_449' title='bbox 1616 1677 1752 1729; x_wconf 63' lang='lat' dir='ltr'><em>optma·</em></span> <span class='ocrx_word' id='word_1_450' title='bbox 1794 1677 1967 1716; x_wconf 79' lang='lat' dir='ltr'><em>Patricii</em></span> <span class='ocrx_word' id='word_1_451' title='bbox 2006 1678 2134 1716; x_wconf 75' lang='lat' dir='ltr'><em>Veneti</em></span> 
     </span>
     <span class='ocr_line' id='line_1_76' title="bbox 1183 1739 2130 1795; baseline -0.004 -14"><span class='ocrx_word' id='word_1_452' title='bbox 1183 1741 1379 1781; x_wconf 82' lang='lat' dir='ltr'><em>Leonardi</em></span> <span class='ocrx_word' id='word_1_453' title='bbox 1402 1740 1528 1793; x_wconf 77' lang='lat' dir='ltr'><em>filius:</em></span> <span class='ocrx_word' id='word_1_454' title='bbox 1559 1741 1625 1780; x_wconf 85' lang='lat' dir='ltr'><em>vir</em></span> <span class='ocrx_word' id='word_1_455' title='bbox 1647 1752 1735 1795; x_wconf 46' lang='lat' dir='ltr'><em>‘non-</em></span> <span class='ocrx_word' id='word_1_456' title='bbox 1751 1739 1877 1779; x_wconf 79' lang='lat' dir='ltr'><em>solum</em></span> <span class='ocrx_word' id='word_1_457' title='bbox 1907 1740 2130 1779; x_wconf 84' lang='lat' dir='ltr'><em>litterarum</em></span> 
     </span>
     <span class='ocr_line' id='line_1_77' title="bbox 1178 1802 2130 1857; baseline -0.004 -13"><span class='ocrx_word' id='word_1_458' title='bbox 1178 1804 1399 1844; x_wconf 83' lang='lat' dir='ltr'><em>multarum</em></span> <span class='ocrx_word' id='word_1_459' title='bbox 1437 1804 1613 1857; x_wconf 81' lang='lat' dir='ltr'><em>apprime</em></span> <span class='ocrx_word' id='word_1_460' title='bbox 1650 1803 1963 1852; x_wconf 75' lang='lat' dir='ltr'><em>eruditissimus,</em></span> <span class='ocrx_word' id='word_1_461' title='bbox 2001 1802 2070 1841; x_wconf 80' lang='lat' dir='ltr'><em>secl</em></span> <span class='ocrx_word' id='word_1_462' title='bbox 2096 1807 2130 1841; x_wconf 90' lang='lat' dir='ltr'><em>et</em></span> 
     </span>
     <span class='ocr_line' id='line_1_78' title="bbox 1179 1864 2130 1918; baseline -0.002 -12"><span class='ocrx_word' id='word_1_463' title='bbox 1179 1868 1218 1907; x_wconf 84' lang='lat' dir='ltr'><em>in</em></span> <span class='ocrx_word' id='word_1_464' title='bbox 1247 1866 1565 1906; x_wconf 75' lang='lat' dir='ltr'><em>administranda</em></span> <span class='ocrx_word' id='word_1_465' title='bbox 1607 1869 1698 1918; x_wconf 84' lang='lat' dir='ltr'><em>Rep.</em></span> <span class='ocrx_word' id='word_1_466' title='bbox 1744 1864 2021 1905; x_wconf 79' lang='lat' dir='ltr'><em>admirabilis:</em></span> <span class='ocrx_word' id='word_1_467' title='bbox 2053 1877 2130 1917; x_wconf 87' lang='lat' dir='ltr'><em>per</em></span> 
     </span>
     <span class='ocr_line' id='line_1_79' title="bbox 1180 1928 2131 1983; baseline -0.002 -14"><span class='ocrx_word' id='word_1_468' title='bbox 1180 1930 1249 1969; x_wconf 79' lang='lat' dir='ltr'><em>hoc</em></span> <span class='ocrx_word' id='word_1_469' title='bbox 1279 1935 1430 1983; x_wconf 87' lang='lat' dir='ltr'><em>tempus</em></span> <span class='ocrx_word' id='word_1_470' title='bbox 1461 1930 1501 1968; x_wconf 83' lang='lat' dir='ltr'><em>in</em></span> <span class='ocrx_word' id='word_1_471' title='bbox 1531 1929 1684 1969; x_wconf 70' lang='lat' dir='ltr'><em>(licendi</em></span> <span class='ocrx_word' id='word_1_472' title='bbox 1718 1928 1908 1982; x_wconf 78' lang='lat' dir='ltr'><em>facultate</em></span> <span class='ocrx_word' id='word_1_473' title='bbox 1945 1934 2062 1982; x_wconf 79' lang='lat' dir='ltr'><em>atque</em></span> <span class='ocrx_word' id='word_1_474' title='bbox 2093 1929 2131 1967; x_wconf 86' lang='lat' dir='ltr'><em>in</em></span> 
     </span>
     <span class='ocr_line' id='line_1_80' title="bbox 1182 1991 2131 2046; baseline -0.002 -14"><span class='ocrx_word' id='word_1_475' title='bbox 1182 2005 1415 2046; x_wconf 77' lang='lat' dir='ltr'><em>quocunque</em></span> <span class='ocrx_word' id='word_1_476' title='bbox 1432 2004 1575 2044; x_wconf 63' lang='lat' dir='ltr'><em>{seuere</em></span> <span class='ocrx_word' id='word_1_477' title='bbox 1598 1992 1892 2040; x_wconf 79' lang='lat' dir='ltr'><em>doctrinarum,</em></span> <span class='ocrx_word' id='word_1_478' title='bbox 1909 1991 2044 2030; x_wconf 88' lang='lat' dir='ltr'><em>clarus</em></span> <span class='ocrx_word' id='word_1_479' title='bbox 2062 1992 2131 2030; x_wconf 79' lang='lat' dir='ltr'><em>lia-</em></span> 
     </span>
     <span class='ocr_line' id='line_1_81' title="bbox 1180 2054 2129 2106; baseline -0.004 -10"><span class='ocrx_word' id='word_1_480' title='bbox 1180 2057 1304 2096; x_wconf 85' lang='lat' dir='ltr'><em>betur.</em></span> <span class='ocrx_word' id='word_1_481' title='bbox 1344 2056 1423 2106; x_wconf 79' lang='lat' dir='ltr'><em>Qui</em></span> <span class='ocrx_word' id='word_1_482' title='bbox 1455 2067 1544 2095; x_wconf 86' lang='lat' dir='ltr'><em>cum</em></span> <span class='ocrx_word' id='word_1_483' title='bbox 1573 2055 1628 2094; x_wconf 83' lang='lat' dir='ltr'><em>sit</em></span> <span class='ocrx_word' id='word_1_484' title='bbox 1661 2054 1753 2093; x_wconf 86' lang='lat' dir='ltr'><em>acri</em></span> <span class='ocrx_word' id='word_1_485' title='bbox 1780 2055 1932 2105; x_wconf 71' lang='lat' dir='ltr'><em>myenio</em></span> <span class='ocrx_word' id='word_1_486' title='bbox 1967 2055 2051 2103; x_wconf 84' lang='lat' dir='ltr'><em>l&#39;ir,</em></span> <span class='ocrx_word' id='word_1_487' title='bbox 2081 2066 2129 2093; x_wconf 84' lang='lat' dir='ltr'><em>ac</em></span> 
     </span>
     <span class='ocr_line' id='line_1_82' title="bbox 1177 2117 2128 2170; baseline -0.003 -12"><span class='ocrx_word' id='word_1_488' title='bbox 1177 2118 1379 2170; x_wconf 71' lang='lat' dir='ltr'><em>sinyulari</em></span> <span class='ocrx_word' id='word_1_489' title='bbox 1399 2118 1578 2157; x_wconf 83' lang='lat' dir='ltr'><em>doctrina</em></span> <span class='ocrx_word' id='word_1_490' title='bbox 1601 2117 1829 2170; x_wconf 74' lang='lat' dir='ltr'><em>insiynitus,</em></span> <span class='ocrx_word' id='word_1_491' title='bbox 1859 2117 1947 2156; x_wconf 85' lang='lat' dir='ltr'><em>licet</em></span> <span class='ocrx_word' id='word_1_492' title='bbox 1965 2118 2128 2157; x_wconf 75' lang='lat' dir='ltr'><em>assidue</em></span> 
     </span>
     <span class='ocr_line' id='line_1_83' title="bbox 1169 2180 2128 2235; baseline -0.002 -15"><span class='ocrx_word' id='word_1_493' title='bbox 1169 2181 1342 2235; x_wconf 82' lang='lat' dir='ltr'><em>publicis</em></span> <span class='ocrx_word' id='word_1_494' title='bbox 1371 2180 1532 2233; x_wconf 77' lang='lat' dir='ltr'><em>ne9otiis</em></span> <span class='ocrx_word' id='word_1_495' title='bbox 1562 2180 1614 2220; x_wconf 89' lang='lat' dir='ltr'><em>sit</em></span> <span class='ocrx_word' id='word_1_496' title='bbox 1641 2180 1815 2229; x_wconf 81' lang='lat' dir='ltr'><em>deditus,</em></span> <span class='ocrx_word' id='word_1_497' title='bbox 1838 2192 2040 2232; x_wconf 84' lang='lat' dir='ltr'><em>nunquam</em></span> <span class='ocrx_word' id='word_1_498' title='bbox 2070 2184 2128 2218; x_wconf 87' lang='lat' dir='ltr'><em>ta-</em></span> 
     </span>
     <span class='ocr_line' id='line_1_84' title="bbox 1176 2240 2125 2292; baseline -0.002 -12"><span class='ocrx_word' id='word_1_499' title='bbox 1176 2254 1263 2280; x_wconf 85' lang='lat' dir='ltr'><em>men</em></span> <span class='ocrx_word' id='word_1_500' title='bbox 1291 2242 1317 2280; x_wconf 83' lang='grc' dir='ltr'><strong>ἀ</strong></span> <span class='ocrx_word' id='word_1_501' title='bbox 1345 2240 1551 2280; x_wconf 82' lang='lat' dir='ltr'><em>scribendo</em></span> <span class='ocrx_word' id='word_1_502' title='bbox 1581 2245 1617 2279; x_wconf 89' lang='lat' dir='ltr'><em>et</em></span> <span class='ocrx_word' id='word_1_503' title='bbox 1639 2241 1897 2292; x_wconf 80' lang='lat' dir='ltr'><em>componendo</em></span> <span class='ocrx_word' id='word_1_504' title='bbox 1919 2244 2125 2287; x_wconf 83' lang='lat' dir='ltr'><em>tractatus,</em></span> 
     </span>
     <span class='ocr_line' id='line_1_85' title="bbox 1176 2303 2130 2343; baseline -0.002 -1"><span class='ocrx_word' id='word_1_505' title='bbox 1176 2303 1363 2343; x_wconf 83' lang='lat' dir='ltr'><em>desistere</em></span> <span class='ocrx_word' id='word_1_506' title='bbox 1405 2303 1585 2343; x_wconf 79' lang='lat' dir='ltr'><em>videtur:</em></span> <span class='ocrx_word' id='word_1_507' title='bbox 1617 2314 1708 2341; x_wconf 64' lang='lat' dir='ltr'><em>‘nam</em></span> <span class='ocrx_word' id='word_1_508' title='bbox 1753 2314 1842 2341; x_wconf 85' lang='lat' dir='ltr'><em>cum</em></span> <span class='ocrx_word' id='word_1_509' title='bbox 1877 2303 1931 2341; x_wconf 89' lang='lat' dir='ltr'><em>sit</em></span> <span class='ocrx_word' id='word_1_510' title='bbox 1973 2314 2130 2342; x_wconf 83' lang='lat' dir='ltr'><em>summa</em></span> 
     </span>
     <span class='ocr_line' id='line_1_86' title="bbox 1175 2364 2127 2418; baseline -0.002 -13"><span class='ocrx_word' id='word_1_511' title='bbox 1175 2366 1364 2405; x_wconf 81' lang='lat' dir='ltr'><em>modestia</em></span> <span class='ocrx_word' id='word_1_512' title='bbox 1381 2365 1592 2418; x_wconf 73' lang='lat' dir='ltr'><em>praeditus</em></span> <span class='ocrx_word' id='word_1_513' title='bbox 1610 2396 1618 2412; x_wconf 84' lang='lat'><em>,</em></span> <span class='ocrx_word' id='word_1_514' title='bbox 1648 2364 1745 2403; x_wconf 75' lang='lat' dir='ltr'><em>nihil</em></span> <span class='ocrx_word' id='word_1_515' title='bbox 1773 2365 1875 2403; x_wconf 84' lang='lat' dir='ltr'><em>tanti</em></span> <span class='ocrx_word' id='word_1_516' title='bbox 1889 2364 1988 2418; x_wconf 87' lang='lat' dir='ltr'><em>facit</em></span> <span class='ocrx_word' id='word_1_517' title='bbox 2007 2377 2127 2417; x_wconf 84' lang='lat' dir='ltr'><em>quam-</em></span> 
     </span>
     <span class='ocr_line' id='line_1_87' title="bbox 1176 2426 2124 2479; baseline -0.002 -12"><span class='ocrx_word' id='word_1_518' title='bbox 1176 2427 1369 2468; x_wconf 83' lang='lat' dir='ltr'><em>librorum</em></span> <span class='ocrx_word' id='word_1_519' title='bbox 1381 2427 1657 2479; x_wconf 82' lang='lat' dir='ltr'><em>supellectilem</em></span> <span class='ocrx_word' id='word_1_520' title='bbox 1672 2426 1818 2466; x_wconf 80' lang='lat' dir='ltr'><em>habere</em></span> <span class='ocrx_word' id='word_1_521' title='bbox 1827 2427 2124 2479; x_wconf 78' lang='lat' dir='ltr'><em>perpulchram:</em></span> 
     </span>
     <span class='ocr_line' id='line_1_88' title="bbox 1175 2489 2130 2543; baseline 0 -15"><span class='ocrx_word' id='word_1_522' title='bbox 1175 2495 1213 2528; x_wconf 88' lang='lat' dir='ltr'><em>et</em></span> <span class='ocrx_word' id='word_1_523' title='bbox 1239 2502 1326 2529; x_wconf 84' lang='lat' dir='ltr'><em>cum</em></span> <span class='ocrx_word' id='word_1_524' title='bbox 1356 2490 1409 2530; x_wconf 87' lang='lat' dir='ltr'><em>sit</em></span> <span class='ocrx_word' id='word_1_525' title='bbox 1440 2494 1604 2543; x_wconf 85' lang='lat' dir='ltr'><em>propter</em></span> <span class='ocrx_word' id='word_1_526' title='bbox 1641 2490 1766 2541; x_wconf 87' lang='lat' dir='ltr'><em>ipsius</em></span> <span class='ocrx_word' id='word_1_527' title='bbox 1808 2490 2035 2528; x_wconf 83' lang='lat' dir='ltr'><em>eminentem</em></span> <span class='ocrx_word' id='word_1_528' title='bbox 2064 2489 2130 2528; x_wconf 84' lang='lat' dir='ltr'><em>clo-</em></span> 
     </span>
     <span class='ocr_line' id='line_1_89' title="bbox 1177 2551 2127 2591; baseline 0 -1"><span class='ocrx_word' id='word_1_529' title='bbox 1177 2553 1348 2590; x_wconf 83' lang='lat' dir='ltr'><em>ctrinam</em></span> <span class='ocrx_word' id='word_1_530' title='bbox 1378 2552 1479 2590; x_wconf 86' lang='lat' dir='ltr'><em>inter</em></span> <span class='ocrx_word' id='word_1_531' title='bbox 1506 2552 1614 2591; x_wconf 82' lang='lat' dir='ltr'><em>viros</em></span> <span class='ocrx_word' id='word_1_532' title='bbox 1657 2552 1847 2590; x_wconf 70' lang='lat' dir='ltr'><em>(loeti-inis</em></span> <span class='ocrx_word' id='word_1_533' title='bbox 1891 2551 2127 2590; x_wconf 68' lang='lat' dir='ltr'><em>excellentes</em></span> 
     </span>
     <span class='ocr_line' id='line_1_90' title="bbox 1176 2613 2129 2666; baseline 0 -14"><span class='ocrx_word' id='word_1_534' title='bbox 1176 2615 1313 2653; x_wconf 85' lang='lat' dir='ltr'><em>merito</em></span> <span class='ocrx_word' id='word_1_535' title='bbox 1355 2614 1703 2662; x_wconf 82' lang='lat' dir='ltr'><em>annumerandus,</em></span> <span class='ocrx_word' id='word_1_536' title='bbox 1734 2614 1852 2652; x_wconf 80' lang='lat' dir='ltr'><em>eti&#39;am</em></span> <span class='ocrx_word' id='word_1_537' title='bbox 1900 2613 2006 2653; x_wconf 78' lang='lat' dir='ltr'><em>illius</em></span> <span class='ocrx_word' id='word_1_538' title='bbox 2035 2626 2129 2666; x_wconf 88' lang='lat' dir='ltr'><em>opu-</em></span> 
     </span>
     <span class='ocr_line' id='line_1_91' title="bbox 1174 2675 2128 2716; baseline -0.001 0"><span class='ocrx_word' id='word_1_539' title='bbox 1174 2677 1379 2716; x_wconf 88' lang='lat' dir='ltr'><em>sculorum</em></span> <span class='ocrx_word' id='word_1_540' title='bbox 1395 2675 1501 2714; x_wconf 86' lang='lat' dir='ltr'><em>tituli</em></span> <span class='ocrx_word' id='word_1_541' title='bbox 1515 2676 1575 2714; x_wconf 81' lang='lat' dir='ltr'><em>liic</em></span> <span class='ocrx_word' id='word_1_542' title='bbox 1591 2688 1646 2714; x_wconf 77' lang='lat' dir='ltr'><em>eae</em></span> <span class='ocrx_word' id='word_1_543' title='bbox 1670 2687 1777 2714; x_wconf 88' lang='lat' dir='ltr'><em>more</em></span> <span class='ocrx_word' id='word_1_544' title='bbox 1796 2679 1887 2714; x_wconf 80' lang='lat' dir='ltr'><em>sunt</em></span> <span class='ocrx_word' id='word_1_545' title='bbox 1901 2676 2128 2715; x_wconf 79' lang='lat' dir='ltr'><em>amiotandi.</em></span> 
     </span>
     <span class='ocr_line' id='line_1_92' title="bbox 1180 2737 2132 2791; baseline -0.002 -12"><span class='ocrx_word' id='word_1_546' title='bbox 1180 2740 1352 2791; x_wconf 83' lang='lat' dir='ltr'><em>Scripsit</em></span> <span class='ocrx_word' id='word_1_547' title='bbox 1379 2739 1511 2791; x_wconf 85' lang='lat' dir='ltr'><em>itaque</em></span> <span class='ocrx_word' id='word_1_548' title='bbox 1541 2738 1602 2777; x_wconf 81' lang='lat' dir='ltr'><em>liic</em></span> <span class='ocrx_word' id='word_1_549' title='bbox 1617 2737 1969 2790; x_wconf 79' lang='lat' dir='ltr'><em>praeclarissimus</em></span> <span class='ocrx_word' id='word_1_550' title='bbox 2001 2740 2132 2778; x_wconf 81' lang='lat' dir='ltr'><em>Patri-</em></span> 
     </span>
     <span class='ocr_line' id='line_1_93' title="bbox 1172 2802 2131 2854; baseline -0.001 -13"><span class='ocrx_word' id='word_1_551' title='bbox 1172 2803 1256 2841; x_wconf 86' lang='lat' dir='ltr'><em>cius</em></span> <span class='ocrx_word' id='word_1_552' title='bbox 1286 2802 1485 2853; x_wconf 85' lang='lat' dir='ltr'><em>in9eniose</em></span> <span class='ocrx_word' id='word_1_553' title='bbox 1515 2805 1552 2840; x_wconf 85' lang='lat' dir='ltr'><em>et</em></span> <span class='ocrx_word' id='word_1_554' title='bbox 1570 2802 1747 2850; x_wconf 84' lang='lat' dir='ltr'><em>erudite,</em></span> <span class='ocrx_word' id='word_1_555' title='bbox 1773 2802 1903 2854; x_wconf 81' lang='lat' dir='ltr'><em>primo</em></span> <span class='ocrx_word' id='word_1_556' title='bbox 1933 2802 1982 2840; x_wconf 80' lang='lat' dir='ltr'><em>de.</em></span> <span class='ocrx_word' id='word_1_557' title='bbox 2011 2804 2131 2853; x_wconf 64' lang='lat' dir='ltr'><em>Magi-</em></span> 
     </span>
     <span class='ocr_line' id='line_1_94' title="bbox 1183 2864 2128 2904; baseline -0.001 -1"><span class='ocrx_word' id='word_1_558' title='bbox 1183 2865 1378 2904; x_wconf 84' lang='lat' dir='ltr'><em>stratibus</em></span> <span class='ocrx_word' id='word_1_559' title='bbox 1408 2866 1570 2903; x_wconf 74' lang='lat' dir='ltr'><em>Venetis</em></span> <span class='ocrx_word' id='word_1_560' title='bbox 1600 2864 1740 2904; x_wconf 81' lang='lat' dir='ltr'><em>librum</em></span> <span class='ocrx_word' id='word_1_561' title='bbox 1776 2876 1910 2903; x_wconf 91' lang='lat' dir='ltr'><em>unum.</em></span> <span class='ocrx_word' id='word_1_562' title='bbox 1943 2866 1996 2903; x_wconf 88' lang='lat' dir='ltr'><em>De</em></span> <span class='ocrx_word' id='word_1_563' title='bbox 2035 2867 2128 2902; x_wconf 81' lang='lat' dir='ltr'><em>vitis</em></span> 
     </span>
    </p>
   </div>
   <div class='ocr_carea' id='block_1_5' title="bbox 1168 2982 2137 3417">
    <p class='ocr_par' dir='ltr' id='par_1_7' title="bbox 1168 2982 2137 3417">
     <span class='ocr_line' id='line_1_95' title="bbox 1169 2982 2137 3022; baseline -0.002 -8"><span class='ocrx_word' id='word_1_564' title='bbox 1169 2988 1333 3015; x_wconf 71' lang='lat' dir='ltr'><em>exstare:</em></span> <span class='ocrx_word' id='word_1_565' title='bbox 1358 2985 1390 3014; x_wconf 83' lang='lat' dir='ltr'><em>ei</em></span> <span class='ocrx_word' id='word_1_566' title='bbox 1411 2992 1537 3014; x_wconf 84' lang='lat' dir='ltr'><em>nomen</em></span> <span class='ocrx_word' id='word_1_567' title='bbox 1559 2982 1728 3022; x_wconf 80' lang='lat' dir='ltr'><em>Rigabclio</em></span> <span class='ocrx_word' id='word_1_568' title='bbox 1748 2996 1756 3013; x_wconf 93' lang='grc'><em>;</em></span> <span class='ocrx_word' id='word_1_569' title='bbox 1781 2982 1882 3020; x_wconf 79' lang='lat' dir='ltr'><em>cujus</em></span> <span class='ocrx_word' id='word_1_570' title='bbox 1906 2983 1941 3012; x_wconf 82' lang='lat' dir='ltr'><em>in</em></span> <span class='ocrx_word' id='word_1_571' title='bbox 1967 2982 2137 3013; x_wconf 73' lang='lat' dir='ltr'><em>Ecclesiis</em></span> 
     </span>
     <span class='ocr_line' id='line_1_96' title="bbox 1169 3032 2136 3073; baseline -0.004 -8"><span class='ocrx_word' id='word_1_572' title='bbox 1169 3043 1255 3065; x_wconf 81' lang='lat' dir='ltr'><em>usus</em></span> <span class='ocrx_word' id='word_1_573' title='bbox 1283 3033 1394 3073; x_wconf 78' lang='lat' dir='ltr'><em>suerit</em></span> <span class='ocrx_word' id='word_1_574' title='bbox 1417 3038 1498 3066; x_wconf 80' lang='lat' dir='ltr'><em>ante</em></span> <span class='ocrx_word' id='word_1_575' title='bbox 1526 3041 1651 3072; x_wconf 77' lang='lat' dir='ltr'><em>organa</em></span> <span class='ocrx_word' id='word_1_576' title='bbox 1675 3032 1739 3062; x_wconf 80' lang='lat' dir='ltr'><em>illa</em></span> <span class='ocrx_word' id='word_1_577' title='bbox 1764 3033 1993 3072; x_wconf 74' lang='lat' dir='ltr'><em>pneuenzatica</em></span> <span class='ocrx_word' id='word_1_578' title='bbox 2009 3057 2018 3069; x_wconf 86' lang='lat'><em>,</em></span> <span class='ocrx_word' id='word_1_579' title='bbox 2047 3041 2136 3071; x_wconf 77' lang='lat' dir='ltr'><em>qua(-</em></span> 
     </span>
     <span class='ocr_line' id='line_1_97' title="bbox 1171 3081 2135 3124; baseline -0.003 -9"><span class='ocrx_word' id='word_1_580' title='bbox 1171 3085 1273 3116; x_wconf 81' lang='lat' dir='ltr'><em>hodie</em></span> <span class='ocrx_word' id='word_1_581' title='bbox 1307 3089 1538 3124; x_wconf 80' lang='lat' dir='ltr'><em>usurpantur.</em></span> <span class='ocrx_word' id='word_1_582' title='bbox 1581 3081 1761 3123; x_wconf 67' lang='lat' dir='ltr'><em>Riqabello</em></span> <span class='ocrx_word' id='word_1_583' title='bbox 1796 3083 2009 3113; x_wconf 77' lang='lat' dir='ltr'><em>successisse</em></span> <span class='ocrx_word' id='word_1_584' title='bbox 2035 3083 2135 3114; x_wconf 62' lang='lat' dir='ltr'><em>altini</em></span> 
     </span>
     <span class='ocr_line' id='line_1_98' title="bbox 1169 3131 2134 3174; baseline -0.003 -8"><span class='ocrx_word' id='word_1_585' title='bbox 1169 3135 1261 3174; x_wconf 83' lang='lat' dir='ltr'><em>quod</em></span> <span class='ocrx_word' id='word_1_586' title='bbox 1284 3135 1429 3166; x_wconf 83' lang='lat' dir='ltr'><em>Torsello</em></span> <span class='ocrx_word' id='word_1_587' title='bbox 1455 3134 1591 3163; x_wconf 79' lang='lat' dir='ltr'><em>dictum</em></span> <span class='ocrx_word' id='word_1_588' title='bbox 1615 3133 1689 3168; x_wconf 84' lang='lat' dir='ltr'><em>sit,</em></span> <span class='ocrx_word' id='word_1_589' title='bbox 1716 3131 1819 3170; x_wconf 82' lang='lat' dir='ltr'><em>cnjus</em></span> <span class='ocrx_word' id='word_1_590' title='bbox 1848 3132 2011 3164; x_wconf 73' lang='lat' dir='ltr'><em>Venerios</em></span> <span class='ocrx_word' id='word_1_591' title='bbox 2034 3142 2134 3163; x_wconf 81' lang='lat' dir='ltr'><em>usum</em></span> 
     </span>
     <span class='ocr_line' id='line_1_99' title="bbox 1168 3182 2135 3223; baseline -0.003 -8"><span class='ocrx_word' id='word_1_592' title='bbox 1168 3185 1374 3215; x_wconf 74' lang='lat' dir='ltr'><em>induoeisset</em></span> <span class='ocrx_word' id='word_1_593' title='bbox 1399 3183 1500 3213; x_wconf 81' lang='lat' dir='ltr'><em>homo</em></span> <span class='ocrx_word' id='word_1_594' title='bbox 1530 3182 1753 3214; x_wconf 80' lang='lat' dir='ltr'><em>Germanus.-</em></span> <span class='ocrx_word' id='word_1_595' title='bbox 1779 3182 1869 3213; x_wconf 76' lang='lat' dir='ltr'><em>hunc</em></span> <span class='ocrx_word' id='word_1_596' title='bbox 1886 3191 1989 3222; x_wconf 81' lang='lat' dir='ltr'><em>quum</em></span> <span class='ocrx_word' id='word_1_597' title='bbox 2011 3182 2135 3223; x_wconf 73' lang='lat' dir='ltr'><em>favore</em></span> 
     </span>
     <span class='ocr_line' id='line_1_100' title="bbox 1170 3233 2136 3274; baseline 0 -10"><span class='ocrx_word' id='word_1_598' title='bbox 1170 3234 1322 3267; x_wconf 80' lang='lat' dir='ltr'><em>Martini</em></span> <span class='ocrx_word' id='word_1_599' title='bbox 1339 3233 1458 3263; x_wconf 83' lang='lat' dir='ltr'><em>nostri</em></span> <span class='ocrx_word' id='word_1_600' title='bbox 1485 3236 1766 3270; x_wconf 78' lang='lat' dir='ltr'><em>sustentaretur,</em></span> <span class='ocrx_word' id='word_1_601' title='bbox 1790 3241 1937 3264; x_wconf 78' lang='lat' dir='ltr'><em>causam</em></span> <span class='ocrx_word' id='word_1_602' title='bbox 1955 3235 2136 3274; x_wconf 75' lang='lat' dir='ltr'><em>coynomi-</em></span> 
     </span>
     <span class='ocr_line' id='line_1_101' title="bbox 1168 3283 2133 3316; baseline 0 -1"><span class='ocrx_word' id='word_1_603' title='bbox 1168 3285 1207 3316; x_wconf 81' lang='lat' dir='ltr'><em>ni</em></span> <span class='ocrx_word' id='word_1_604' title='bbox 1222 3284 1362 3314; x_wconf 81' lang='lat' dir='ltr'><em>dedisse</em></span> <span class='ocrx_word' id='word_1_605' title='bbox 1379 3287 1415 3314; x_wconf 83' lang='lat' dir='ltr'><em>ut</em></span> <span class='ocrx_word' id='word_1_606' title='bbox 1431 3283 1595 3314; x_wconf 82' lang='lat' dir='ltr'><em>Torsellus</em></span> <span class='ocrx_word' id='word_1_607' title='bbox 1611 3283 1693 3313; x_wconf 77' lang='lat' dir='ltr'><em>inde</em></span> <span class='ocrx_word' id='word_1_608' title='bbox 1710 3283 1898 3315; x_wconf 75' lang='lat' dir='ltr'><em>diceretur.</em></span> <span class='ocrx_word' id='word_1_609' title='bbox 1918 3285 2133 3315; x_wconf 80' lang='lat' dir='ltr'><em>1nscrumen-</em></span> 
     </span>
     <span class='ocr_line' id='line_1_102' title="bbox 1169 3331 2133 3372; baseline -0.002 -6"><span class='ocrx_word' id='word_1_610' title='bbox 1169 3339 1207 3366; x_wconf 83' lang='lat' dir='ltr'><em>ta</em></span> <span class='ocrx_word' id='word_1_611' title='bbox 1233 3334 1298 3364; x_wconf 79' lang='lat' dir='ltr'><em>illa</em></span> <span class='ocrx_word' id='word_1_612' title='bbox 1324 3331 1446 3372; x_wconf 73' lang='lat' dir='ltr'><em>qualia</em></span> <span class='ocrx_word' id='word_1_613' title='bbox 1474 3331 1633 3371; x_wconf 79' lang='lat' dir='ltr'><em>suerint,</em></span> <span class='ocrx_word' id='word_1_614' title='bbox 1656 3342 1718 3364; x_wconf 79' lang='lat' dir='ltr'><em>nec</em></span> <span class='ocrx_word' id='word_1_615' title='bbox 1742 3341 1807 3364; x_wconf 78' lang='lat' dir='ltr'><em>nos</em></span> <span class='ocrx_word' id='word_1_616' title='bbox 1831 3334 1973 3366; x_wconf 78' lang='lat' dir='ltr'><em>scimus.</em></span> <span class='ocrx_word' id='word_1_617' title='bbox 2005 3335 2133 3366; x_wconf 56' lang='lat' dir='ltr'><em>Noster</em></span> 
     </span>
     <span class='ocr_line' id='line_1_103' title="bbox 1168 3382 2131 3417; baseline 0.001 -3"><span class='ocrx_word' id='word_1_618' title='bbox 1168 3393 1248 3415; x_wconf 82' lang='lat' dir='ltr'><em>vero</em></span> <span class='ocrx_word' id='word_1_619' title='bbox 1267 3388 1299 3415; x_wconf 81' lang='lat' dir='ltr'><em>et</em></span> <span class='ocrx_word' id='word_1_620' title='bbox 1317 3382 1482 3415; x_wconf 76' lang='lat' dir='ltr'><em>Torsellus</em></span> <span class='ocrx_word' id='word_1_621' title='bbox 1496 3383 1612 3414; x_wconf 81' lang='lat' dir='ltr'><em>dictus</em></span> <span class='ocrx_word' id='word_1_622' title='bbox 1629 3389 1680 3415; x_wconf 77' lang='lat' dir='ltr'><em>est</em></span> <span class='ocrx_word' id='word_1_623' title='bbox 1696 3388 1728 3415; x_wconf 81' lang='lat' dir='ltr'><em>et</em></span> <span class='ocrx_word' id='word_1_624' title='bbox 1746 3385 1915 3417; x_wconf 79' lang='lat' dir='ltr'><em>Torxcllus</em></span> <span class='ocrx_word' id='word_1_625' title='bbox 1931 3389 1961 3416; x_wconf 83' lang='lat' dir='ltr'><em>et</em></span> <span class='ocrx_word' id='word_1_626' title='bbox 1983 3385 2131 3415; x_wconf 80' lang='lat' dir='ltr'><em>Torselli.</em></span> 
     </span>
    </p>
   </div>
  </div>
 </body>
</html>
