2517 4009
914 228 1267 267 RAPHAEL

88 292 196 343 {sest-i
220 293 314 332 novi
339 293 480 344 prodiit
509 293 646 334 Venct.
672 297 786 335 4500.
818 298 918 337 folio.
943 300 1043 338 Con-

90 353 176 392 silia
205 355 436 406 prodierunt
465 357 619 396 Brixiae
650 370 719 408 per
742 361 933 400 Jacobum
960 364 1044 401 Bri-

35 454 38 456 ,
90 418 323 467 tannicum,
355 419 471 458 4490.
495 419 559 458 fol.

142 479 164 502 ⁵⁸
191 480 291 519 Eius
331 482 512 532 repetitio
543 483 582 520 L.
612 484 643 521 si
676 484 780 522 tilius
807 486 873 535 qui
906 487 942 523 in
975 497 1040 536 po-

85 544 231 580 testate
273 542 312 581 ff.
341 542 390 582 de
420 543 553 582 liberis
582 549 621 583 et
652 546 878 595 posthumis
909 548 1041 598 prodi-

84 601 143 640 vit
169 602 271 642 Pisis
299 605 420 656 Typis
451 606 597 657 Ugonis
627 608 784 659 Rugcrii
815 608 890 647 An.
920 610 1037 649 4494.

77 660 249 712 junctim
294 676 386 704 cum
419 670 652 718 repetitione
683 669 956 720 Christopbori
987 670 1036 709 de

79 724 298 766 castilione
326 729 536 779 Raphaelis
565 732 737 781 Magistri
769 733 806 769 in
836 732 858 770 l.
887 731 950 770 ubi
983 733 1034 771 ita

80 785 251 828 donatur
280 790 316 829 ff.
347 790 396 830 de
426 793 710 831 Donationibus
746 793 767 815 ³*

130 849 364 892 RAPHAEL
387 853 590 893 Fonclulus
618 855 930 902 Cremonensis,
957 856 1034 894 Me—

76 910 192 951 dicus
207 917 248 952 et
263 913 530 956 Astronomus
551 918 652 955 circa
674 927 709 955 3.
736 916 852 955 4370.
874 918 1033 968 scripsit

75 973 124 1013 de
144 976 328 1024 venenis,
359 976 406 1016 cle
435 977 584 1018 morbis
614 977 845 1025 oculorum,
871 978 918 1017 de
945 978 1033 1030 pul-

74 1034 199 1076 sibus.
237 1037 354 1078 Arisii
385 1040 580 1079 Cremona
611 1041 766 1080 literata
799 1045 896 1080 tom.
930 1042 956 1080 l.
996 1053 1032 1091 p.

80 1099 169 1137 443.
202 1100 292 1139 444.

127 1160 360 1201 RAPllAEL
378 1161 572 1212 Fulyosus
589 1194 596 1210 ,
615 1163 676 1202 vel
703 1164 901 1213 Freyosus
919 1194 927 1210 ,
949 1164 1032 1202 Pia-

73 1224 259 1262 centinus
296 1225 530 1270 nativitate,
561 1223 630 1262 sed
665 1225 814 1274 origine
844 1224 1030 1263 Genuen·

72 1283 142 1331 sis,
161 1284 284 1322 Ticini
302 1288 343 1323 et
364 1285 512 1323 Patavii
531 1287 603 1324 Jus
625 1285 741 1322 civile
759 1284 907 1328 docuit,
928 1285 1030 1324 Con-

70 1344 158 1382 cilio
186 1355 346 1395 quoque
374 1343 670 1383 Constantiensi
699 1345 904 1391 interfuit,
934 1345 1028 1384 obiit

70 1415 104 1444 a.
123 1405 238 1445 4434.
259 1406 322 1445 alii
337 1406 413 1448 sub
439 1406 593 1445 initium
613 1406 736 1446 seculi
760 1405 853 1444 XIV
876 1407 1026 1445 vixisse

70 1477 278 1518 perperam
316 1467 508 1513 tradunt,
539 1469 699 1518 scripsit
730 1468 1026 1507 Commentaria

71 1527 113 1566 in
153 1527 419 1582 JusyOpera
448 1529 660 1569 Buleutica
691 1530 798 1579 (non
829 1527 1026 1569 Ecclesia-

67 1589 195 1637 stica,
239 1595 284 1631 ut
311 1591 415 1642 apud
446 1591 661 1632 Oldoinum
700 1591 894 1640 babetur)
942 1592 1027 1631 sive

71 1651 448 1693 Controversiarum
456 1652 679 1706 forensium
695 1656 734 1692 et
742 1654 1026 1703 Quaestionum

59 1716 338 1765 practicarum
362 1716 533 1754 deversis
552 1714 755 1768 factorum
781 1719 818 1754 et
846 1715 1025 1754 consilio-

62 1785 154 1814 rum
170 1775 374 1828 speciebus
392 1777 619 1818 decisarum
632 1777 808 1816 Decacles
825 1781 999 1828 quatuor
1011 1793 1021 1816 .-

66 1837 245 1877 Consilia
261 1840 508 1891 posthuma,
532 1838 799 1887 Criminalia,
825 1838 1018 1878 Feuclalia

61 1903 101 1938 et
137 1900 448 1941 Testamentaria
478 1905 546 1941 etc.
592 1900 768 1942 Consilia
808 1901 1018 1952 Rapliaelis

60 1961 109 2000 de.
148 1963 396 2013 Raymundis
437 1965 486 2003 de
530 1964 669 2004 Cumis
716 1968 756 2001 et
802 1963 1014 2014 Rapba'elis

59 2024 214 2075 Fulgosi
231 2024 281 2063 de
302 2026 499 2065 Placentia
517 2027 720 2076 -impressa
743 2030 840 2064 sunt
858 2027 1013 2066 Brixiae

57 2097 126 2136 per
139 2085 328 2126 Jacobum
346 2088 616 2139 Britannicum
635 2117 643 2135 ,
668 2087 785 2126 4490.
813 2087 876 2126 fol.
899 2088 1013 2127 Com-

55 2144 160 2187 ment
193 2158 315 2200 super
332 2149 505 2189 secunda
522 2153 638 2202 parte
661 2149 814 2200 Dz'9esti
834 2150 982 2189 Veteris
998 2181 1009 2199 ,

54 2212 159 2250 Brix.
201 2212 318 2251 4499.
361 2213 463 2252 folio.
511 2212 607 2251 Vide
653 2211 918 2251 Pancirollum
960 2211 1009 2250 de

52 2272 169 2311 claris
197 2275 347 2323 Legum
377 2273 668 2324 interpretibus
700 2274 744 2311 11.
777 2273 840 2312 83.
862 2273 1013 2323 ‚Sopra-

53 2345 150 2372 num
184 2333 233 2373 de
270 2336 530 2386 scriptoribus
567 2336 750 2386 Liguriae
803 2346 890 2386 pag,
921 2336 1010 2374 247.

52 2393 206 2434 Oldoini
236 2395 486 2435 Athenaeum
516 2398 762 2448 Ligusticum
803 2409 887 2447 pag.
919 2397 1012 2437 483.

52 2456 132 2494 Nic.
169 2456 362 2496 Comneni
392 2457 628 2507 Papadopoli
663 2459 761 2496 Hist.
802 2458 1010 2508 Gymnasii

54 2518 230 2556 Patavini
261 2518 326 2557 lib.
359 2518 424 2558 lll.
457 2519 546 2558 fect.
575 2520 598 2558 l.
630 2531 663 2558 c.
696 2520 732 2557 6.

94 2578 342 2619 -RAPHAEL
363 2580 530 2633 Maffeus
548 2611 556 2632 ,
573 2582 738 2621 Calaber
755 2611 764 2631 ,
781 2581 979 2620 Caulonae
1001 2612 1010 2631 ‚

51 2640 166 2680 hodie
210 2640 479 2682 Castelvetere
513 2647 657 2691 natus,
687 2644 789 2681 circa
821 2653 856 2681 a.
895 2643 1010 2682 iQ85.

51 2705 212 2754 scripsit
258 2704 499 2756 Opusculum
531 2705 578 2744 de
620 2716 721 2744 vera
761 2709 799 2743 et
840 2703 1012 2755 lefsitima

54 2764 211 2805 Urbani
245 2767 304 2805 VI.
336 2765 548 2813 electione,
577 2766 695 2815 cujus
723 2777 866 2805 caussa
892 2777 912 2804 a
940 2767 1014 2805 Ca—

51 2828 132 2867 rolo
174 2828 448 2879 Dyrrhachino
492 2830 597 2879 Rege
640 2829 678 2866 in
722 2828 884 2866 exilium
936 2828 1008 2867 fuit

49 2893 175 2928 actus.
223 2891 303 2929 Jac.
350 2889 562 2936 Quetiide
600 2889 868 2940 Scriptoribus
912 2890 1008 2929 Ord.

51 2949 367 2990 Praedicatorum
397 2956 495 2990 tom.
534 2951 562 2990 1.
593 2964 630 3002 p.
661 2951 751 2990 647.
789 2951 1007 3002 Mongitorc

51 3011 289 3050 Bibliotheca
318 3012 447 3051 Sicula
478 3017 572 3051 tom.
598 3014 645 3052 ll.
675 3024 760 3063 pag.
796 3015 882 3053 195.
913 3014 1008 3052 Vide

51 3073 282 3112 llAPllAEL
320 3071 620 3112 Volaterranus.

104 3126 349 3174 RAPHAEL‘
368 3134 574 3182 Marinus,
601 3136 910 3184 Cremonensis,
935 3138 1007 3176 Ca-

53 3209 142 3237 non.
172 3197 379 3247 Regularis
404 3198 685 3236 Lateranensis
711 3198 746 3234 in
777 3197 940 3235 aedibus
962 3198 1006 3236 D.

51 3260 227 3309 Agathan·
251 3260 353 3298 circa
379 3273 413 3298 a.
435 3260 551 3298 4445.
569 3260 727 3309 scripsit
747 3258 793 3297 de
815 3261 1004 3308 potestate

56 3321 285 3371 l’ontificin.
316 3320 362 3357 tle
393 3319 641 3360 iwnerutiona
667 3319 842 3358 habenda
873 3331 1005 3357 sucer-

2000 236 2078 275 353

1117 297 1298 347 dotibus,
1343 300 1389 338 de
1420 305 1568 340 natura
1597 302 1802 354 angyelica,
1831 304 1877 343 de
1905 304 2078 346 Plnloso-

1113 360 1210 412 plzia
1237 360 1395 400 moralz.
1424 362 1579 402 Arisius
1609 364 1631 402 l.
1663 375 1699 403 c.
1728 377 1763 415 p.
1794 366 1886 407 228.

1174 423 1236 462 ltA
1245 423 1342 463 PllA
1353 423 1415 461 EL
1437 422 1690 465 Placentinus
1701 427 1945 476 Justinaeus,
1961 430 2075 468 cuius

1119 484 1312 523 Carmina
1341 486 1562 525 Cremonae
1594 499 1662 537 per
1692 490 1829 528 Franc.
1860 490 2071 530 Ricardum

1114 545 1164 584 de
1189 547 1339 595 Luerc,
1364 547 1480 586 4548.
1504 549 1695 598 impressa
1716 554 1823 589 sunt.
1850 550 1871 573 ³*
1899 552 1943 590 In
1967 553 2075 592 Man—

1115 611 1236 646 tuano
1267 609 1307 647 S.
1338 608 1538 646 Benedicti
1570 611 1758 650 coenobio
1789 613 1996 664 professus
2023 615 2072 654 ab

1112 679 1215 706 anno
1243 669 1358 707 1478.
1382 668 1565 708 Carmina
1595 682 1765 720 quorum
1797 673 1859 712 hic
1891 676 2073 714 meminit

1110 730 1460 778 Bibliothecarius,
1485 733 1645 782 scripsit
1669 733 1717 772 de
1740 735 1925 775 laudibus
1950 738 1989 776 S.
2011 738 2071 776 Si-

1111 793 1263 830 meonis
1293 791 1456 830 Armeni
1497 793 1573 832 sub
1616 795 1731 833 titulo
1761 797 2070 838 Armenidorum

1109 850 1212 890 libri.
1243 853 1450 892 Accedunt
1467 865 1542 893 una
1560 857 1696 893 excusi
1715 858 1863 896 Scenae
1880 863 2066 910 quatuor,

1107 912 1367 953 Politieorum
1394 915 1474 953 Lib.
1497 917 1532 954 4.
1555 915 1899 967 Epiyrammatum
1924 922 2004 960 Lib.
2031 923 2067 961 3.

1166 976 1398 1016 RAPHAEL
1436 975 1484 1015 cle
1514 977 1710 1017 Pornasio
1740 981 1802 1018 vel
1834 977 2067 1027 Por‘naaezb,

1109 1048 1128 1075 a
1153 1037 1236 1076 loco
1261 1039 1379 1077 natali
1426 1040 1462 1077 in
1499 1040 1680 1090 Liguria,
1708 1046 1862 1081 tractus
1896 1045 2070 1083 tanuen-

1115 1100 1196 1147 siS,
1227 1099 1321 1139 Ord.
1350 1100 1667 1141 Praedicatorum
1695 1104 1732 1141 in
1763 1111 1969 1145 conventu
2006 1107 2069 1146 Ja—

1112 1163 1284 1209 nucnsi,
1330 1167 1466 1212 postea
1505 1163 1738 1215 Theologiae
1775 1167 1987 1218 Magister,
2027 1174 2067 1207 et

1105 1221 1154 1259 ab
1177 1233 1211 1260 a.
1244 1223 1358 1262 4430.
1400 1223 1448 1262 ad
1483 1225 1597 1264 4450.
1628 1226 1664 1263 in
1697 1225 1845 1266 ditione
1873 1230 2065 1268 Januensi

1104 1287 1144 1320 et
1173 1284 1342 1322 Marchia
1371 1285 1568 1334 generalis
1598 1287 1838 1338 Inquisitor,
1863 1294 1903 1328 et
1929 1291 2064 1330 multis

1106 1348 1308 1393 praeterea
1354 1346 1603 1394 gravioribus
1645 1351 1812 1398 negotiis
1851 1351 2064 1391 adhibitus.

1105 1404 1256 1454 Scripta
1288 1404 1376 1454 ejus
1397 1406 1584 1456 pleraque
1610 1415 1705 1446 sunt
1735 1411 1880 1450 inedita
1899 1442 1907 1450 .
1930 1412 1977 1451 de
1994 1425 2064 1465 po—

1105 1469 1240 1504 testate
1272 1466 1459 1514 Conoilii,
1490 1469 1771 1520 Responsiones
1799 1473 1854 1511 acl
1882 1475 2062 1514 rationes

1103 1526 1343 1566 Basileensis
1381 1528 1572 1578 Consilii,
1601 1529 1648 1568 de
1678 1534 1878 1572 communi
1909 1539 1947 1572 et
1962 1547 2060 1586 pro-

1097 1587 1215 1639 prio,
1266 1588 1384 1640 cujus
1423 1602 1515 1641 pars
1543 1592 1649 1642 prior
1683 1593 1788 1633 edita
1819 1600 1881 1633 est
1921 1597 2060 1635 Venet.

1109 1652 1123 1688 4
1135 1652 1224 1689 503.
1271 1653 1304 1689 8.
1345 1651 1592 1705 Defensionis
1624 1654 1887 1707 Evanqelicae
1934 1657 2057 1698 liber.

1104 1712 1330 1752 Declaratio
1362 1718 1401 1753 et
1426 1714 1565 1754 solutio
1586 1718 1841 1767 quarundam
1861 1721 2059 1771 quaestio-

1100 1785 1193 1812 num
1231 1773 1489 1822 notabilium,
1527 1775 1644 1815 Liber
1672 1778 1718 1817 (le
1755 1784 1843 1819 arte
1872 1782 2056 1834 massica,

1096 1835 1142 1874 de
1169 1838 1468 1889 praeroyativis
1507 1840 1549 1877 D.
1581 1840 1627 1878 N.
1659 1841 1756 1879 Jesu
1798 1842 1973 1892 Christi,
2008 1845 2055 1884 (le

1095 1901 1202 1936 statu
1222 1911 1380 1938 animae
1401 1899 1622 1940 Salomonis
1640 1933 1647 1951 ,
1674 1902 1847 1953 Reyulae
1867 1904 1922 1943 ad
1945 1904 2049 1944 intel-

1093 1959 1293 2011 liyentiam
1323 1973 1466 2000 sacrae
1487 1964 1737 2016 scripturae,
1772 1966 1981 2005 Tractatus
2006 1967 2051 2005 (le

1090 2023 1302 2062 retentione
1334 2024 1560 2064 annualis.
1600 2025 1645 2064 cle
1671 2027 1772 2077 jure
1808 2032 2052 2068 annatarum

1088 2088 1123 2122 et
1138 2086 1314 2136 oriqz‘ne:
1336 2087 1545 2138 Epistolae,
1564 2087 1611 2126 de
1626 2089 1711 2128 voti
1728 2089 1921 2140 simplicis
1939 2102 2043 2130 com-

1088 2147 1325 2196 mutatione,
1356 2147 1402 2188 cle
1433 2148 1614 2188 ordinato
1653 2163 1678 2188 a
1718 2150 1969 2199 simoniaco,
2002 2153 2048 2192 de

1083 2207 1293 2258 plenariae
1322 2208 1580 2249 absolutionis
1610 2211 1810 2265 efficacia,
1843 2213 1888 2252 de
1918 2215 2051 2254 vendi—

1088 2269 1188 2307 tione
1208 2269 1263 2308 ad
1285 2273 1436 2321 tempus
1454 2300 1463 2317 ,
1487 2271 1534 2310 de
1559 2273 1735 2311 transitu
1759 2274 1814 2312 ad
1835 2273 2050 2314 observan-

1089 2330 1218 2369 tialem
1260 2335 1432 2382 statum,
1471 2337 1512 2371 et
1548 2334 1621 2372 alia
1664 2335 1788 2383 plura.
1828 2336 1930 2374 llaec
1964 2338 2046 2376 Jac.

1087 2393 1223 2439 Quetif
1240 2393 1288 2432 de
1315 2395 1582 2445 scriptoribus
1606 2395 1699 2434 Ord.
1727 2397 2043 2438 praedicatorum

1088 2461 1181 2493 tom.
1213 2456 1240 2494 1.
1274 2468 1311 2507 p.
1340 2457 1430 2495 834.
1461 2458 1671 2496 Tractatus
1701 2457 1789 2508 ejus
1825 2457 1871 2497 de
1903 2459 2046 2499 Conce-

1080 2515 1214 2566 ptione
1242 2519 1388 2556 citatur
1432 2519 1467 2555 in
1512 2520 1696 2569 Catulogo
1740 2522 1950 2558 Doctorum
1994 2521 2043 2560 de

1088 2579 1340 2617 immaculata
1371 2582 1630 2629 conceptione
1661 2581 1764 2630 apud
1796 2582 1971 2620 Murtene
2001 2588 2042 2620 et

1085 2639 1245 2678 [iurand
1290 2645 1384 2678 tom.
1417 2641 1479 2678 111.
1526 2653 1560 2690 p.
1593 2642 1683 2679 322.
1717 2642 1779 2680 ubi
1829 2654 2036 2692 perperam

1086 2701 1272 2740 scribitur
1301 2702 1349 2740 de
1383 2703 1576 2741 Pomasi0.
1607 2703 1718 2741 Adde
1743 2704 1965 2753 Sopranum
1991 2704 2040 2743 de

1085 2763 1351 2814 Scriptoribus
1379 2766 1555 2815 Liguriae
1577 2765 1718 2816 pei-7.
1736 2765 1889 2804 Oldoini
1916 2766 2039 2805 Athe-

1085 2835 1227 2863 naeum
1262 2826 1502 2876 Ligusticum
1532 2840 1565 2877 p.
1597 2827 1687 2866 484.
1710 2828 1914 2866 Altamura
1939 2829 2034 2867 Bibl.

1085 2887 1338 2926 Dominicana
1371 2901 1407 2938 p.
1441 2889 1556 2928 4487.

1136 2949 1367 2989 RAPHAEL
1396 2951 1660 2998 Priinaticus,
1685 2953 1942 2990 Bononiensis
1967 2953 2039 2992 Ec-

1081 3011 1225 3049 clesiae
1254 3014 1574 3063 Metropolitunae
1615 3013 1755 3051 ibidem
1789 3015 2035 3063 canonicus,

1081 3078 1119 3111 et
1164 3074 1344 3124 Episcopi
1385 3076 1561 3113 Viciu-ius
1603 3076 1834 3120 Generalis,
1877 3077 2036 3126 scripsit

1081 3137 1285 3174 Summam
1327 3138 1412 3175 sive
1461 3136 1680 3176 Chronicon
1711 3137 1952 3177 Bononiense
1985 3139 2035 3178 ab

1081 3210 1113 3237 3.
1146 3198 1360 3236 ooo-itti).
1389 3198 1491 3247 quod
1518 3199 1647 3237 adhue
1681 3211 1800 3238 manu
1823 3205 2030 3240 exaratum

1080 3260 1328 3297 adservatur.
1348 3259 1506 3297 Orlumli
1536 3262 1674 3298 Nomia
1700 3262 1944 3312 Scriptorum
1964 3265 2032 3302 Bo-

1082 3322 1331 3358 nouieusiuui
1366 3334 1399 3370 μ.
1434 3322 1519 3359 240.

1657 3404 1730 3440 isui
