2517 4009
893 251 1336 292 ROMANTlUs

126 324 445 365 ROLANDINUS
474 323 520 362 de
545 324 794 371 Romanciis,
821 324 1042 362 Bononien-

74 388 143 437 sis,
162 389 200 426 in
220 387 344 438 patria
358 385 426 435 jus
443 385 561 423 civile
578 384 1041 432 docuit,etAdvocatum

73 449 180 500 egit,
211 451 393 486 mortuus
424 457 459 484 a.
496 446 610 484 4284.
643 447 814 496 Scripsit
835 445 879 484 de
910 444 1045 484 ordine

67 506 260 560 judiciali
268 506 460 545 Praoeeos
476 505 722 554 criminalis,
740 505 906 546 Librum
927 517 1046 557 quae-

4 586 10 590 ·
75 575 271 618 stionum,
313 569 440 608 Tract.
493 569 539 608 de
572 568 847 621 positionibus.
908 569 1047 608 Flores

75 630 312 671 ultimarum
341 629 589 669 voluntatum
621 632 803 681 impressi
835 634 932 669 sunt
963 630 1047 679 Spi-

75 703 142 732 rae-
175 692 292 732 4598.
319 692 356 730 8.
379 696 420 731 et
448 692 554 742 apud
585 692 820 731 Commelin.
863 691 979 730 4607.
1011 690 1046 727 8.

74 753 322 793 Pancirollus
352 753 400 791 11.
435 753 496 791 43.
530 753 752 792 Bumaldus
782 753 809 790 1.
840 763 873 788 e.

122 813 467 862 ROLANDINUS‚
487 813 729 861 patavinus,
752 813 1049 852 Grammaticus

51 872 115 915 *et
132 876 394 926 investigator
410 875 720 925 Antiquitatum,
737 874 1048 914 Grammaticam

74 941 117 976 et
147 936 402 976 Rhetoricam
449 937 600 975 Patavii
650 936 784 976 docuit
809 965 819 982 ,
868 941 1050 975 mortuus

74 1009 109 1038 3.
127 998 244 1039 4277.
262 999 427 1050 scripsit
445 996 599 1036 Comm.
629 996 675 1036 de
696 996 890 1036 Acciolini
912 1001 1050 1048 tyran·

74 1058 320 1111 nide,quae
367 1060 450 1109 ipse
491 1058 671 1097 viderat:
704 1060 798 1097 item
842 1059 889 1098 de
930 1057 1052 1098 rebus

71 1120 193 1171 ,qestis
224 1120 449 1160 Patavinae
474 1120 679 1167 civitatis,
709 1119 828 1170 cujus
858 1120 944 1159 libri
971 1131 1053 1158 me-

76 1183 281 1223 minerunt
327 1183 431 1221 Petr.
479 1182 591 1221 Paul.
636 1182 850 1232 Vei-gerius
895 1186 937 1219 et
966 1181 1052 1219 Fla—

74 1245 166 1283 vius
196 1243 387 1283 Blondus.
425 1241 653 1282 Chronicon
681 1242 889 1281 Marchiae
914 1242 1051 1281 Tarvi-

75 1303 188 1343 sinae
211 1304 260 1343 ab
277 1303 571 1344 3.4180-4260.
602 1314 693 1342 cum
724 1304 931 1343 Albertiuo
950 1305 1054 1342 Mus-

75 1369 162 1404 sato
191 1363 240 1403 de
264 1365 389 1415 gestis
421 1365 579 1402 Henrici
611 1365 692 1402 Vll.
727 1365 828 1415 lmp.
857 1376 954 1405 cura
982 1366 1054 1402 Fe-

76 1426 163 1464 licis
191 1425 273 1465 Osii
305 1424 449 1476 prodiit
480 1425 623 1463 Venet.
656 1426 775 1463 4636.
807 1426 869 1464 fol.
910 1427 1054 1476 repeti—

78 1492 146 1527 tus
195 1488 234 1525 in
295 1486 501 1530 Thesauro
561 1486 698 1525 Italiae
757 1488 1055 1526 Burmanniano

76 1554 184 1587 tomo
215 1549 278 1588 Vl.
307 1552 347 1587 et
373 1548 645 1599 Scriptoribus
676 1548 824 1587 Italicis
852 1548 1053 1587 Muratorii

27 1626 29 1629 ·
79 1615 173 1649 tom.
200 1611 300 1649 VIII.
331 1622 408 1662 pag
455 1611 548 1650 453.
583 1611 662 1649 MS.
703 1610 766 1648 bis
812 1611 985 1648 occurrit
1017 1610 1052 1646 in

78 1671 175 1710 Bibl.
205 1672 424 1722 Vaticana,
455 1675 560 1710 teste
586 1672 704 1710 Bern.
730 1671 779 1710 de
801 1671 1054 1710 Montfaucon

77 1733 175 1773 Bibl.
206 1733 306 1773 Bibl.
335 1733 441 1773 MSS.
473 1745 510 1784 p.
543 1734 635 1772 448.
678 1734 769 1773 439.
807 1733 1056 1773 Commenta—

78 1793 235 1834 riorum
265 1795 474 1834 Rolandini
517 1794 564 1834 de
607 1794 887 1833 Eccelinorum
919 1798 1057 1846 tyran—

81 1855 197 1904 nide,
229 1868 350 1908 quam
384 1861 523 1897 noster
565 1857 640 1896 sub
676 1856 795 1895 finem
842 1856 1058 1894 voluminis

15 1941 17 1943 ·
82 1920 144 1958 sui
190 1918 479 1969 descripserat,
519 1917 808 1970 Compendium
846 1929 868 1956 a
912 1918 1059 1956 Fausto

83 1981 282 2032 Longiano
307 1980 383 2019 sub
412 1980 504 2019 ficto
547 1982 650 2019 Petri
696 1980 850 2018 Girardi
897 1981 1057 2018 nomine

84 2042 218 2082 Italico
247 2053 433 2081 sermone
463 2041 609 2093 prodiit
638 2053 744 2080 anno
790 2042 904 2081 4552.
951 2040 1056 2092 quod

86 2103 232 2143 docent
263 2104 428 2144 Vossius
457 2103 506 2144 de
537 2105 637 2143 Hist.
669 2105 821 2143 Latinis
851 2109 893 2141 et
936 2103 1057 2143 Oudi-

87 2176 162 2205 nus
193 2169 301 2204 torno
331 2166 395 2204 lll.
427 2177 514 2216 pag.
547 2165 637 2205 485.
659 2164 773 2204 Adde
799 2167 916 2203 Bern.
942 2165 1057 2203 Scar-

84 2226 214 2266 deonii
244 2226 410 2278 Antiqu.
442 2228 576 2267 Patav.
609 2229 655 2266 11.
691 2228 752 2265 40.
776 2238 816 2277 ρ.
840 2226 934 2265 234.
962 2226 1055 2265 232.

85 2288 173 2328 Nic.
208 2286 403 2326 Comneni
432 2288 668 2340 Papadopoli
713 2288 818 2327 Hist.
862 2287 1056 2337 Gymnasi

87 2349 266 2387 Patavini
295 2348 361 2387 lib.
394 2349 460 2387 111.
491 2354 590 2388 sect.
619 2351 666 2388 11.
697 2362 734 2388 c.
764 2352 801 2388 4.

139 2408 406 2448 ROLANDUS
419 2409 990 2462 Capellutius,Chrysopolitan
998 2421 1057 2458 us,

86 2470 353 2521 Philosophus
394 2477 434 2510 et
476 2471 680 2520 Medicus,
718 2472 941 2523 Chirurgus
972 2474 1060 2510 Par-

89 2532 268 2577 mensis,
315 2532 448 2572 floruit
479 2544 513 2572 a.
545 2533 662 2572 4468.
715 2532 936 2585 Chiruryia
974 2534 1062 2583 ejus

0 2584 2 2600 '
84 2593 190 2633 edita
220 2597 284 2631 est
311 2604 404 2632 oum
434 2595 522 2633 aliis
560 2595 821 2646 scriptoribus
861 2595 1064 2644 Chirurgi-

86 2656 157 2704 cis,
187 2655 325 2694 Venet.
356 2667 426 2706 per
458 2655 583 2694 Andr.
611 2656 851 2696 Asulanurn
875 2667 909 2694 a.
944 2655 1062 2694 4499.

90 2717 206 2756 4549.
254 2716 371 2756 4546.
415 2717 478 2756 fol.
527 2717 737 2756 Tractatus
775 2717 820 2756 de
855 2716 1061 2755 curatione

80 2776 378 2831 pestiferorum
403 2782 704 2830 apostematum,
743 2790 793 2817 ex
823 2779 1062 2818 bibliotheca

89 2839 227 2885 Herm.
246 2840 447 2892 Conringii
461 2840 604 2890 prodiit
620 2841 881 2891 Brunsuigae,
904 2839 1062 2879 46408.

90 2900 271 2940 Francof.
303 2900 419 2940 4642.
451 2902 488 2939 8.
515 2903 617 2941 Haec
645 2901 885 2941 Mercklinus
911 2903 948 2940 in
974 2903 1062 2940 Lin-

91 2961 211 3001 denio
241 2967 434 3002 renovato
463 2975 551 3014 pag.
583 2964 672 3002 948.

143 3024 439 3073 ROLANDUS,
486 3024 761 3064 Cremonensis
791 3037 813 3064 a
850 3027 975 3076 patria
1005 3025 1063 3063 di-

92 3089 205 3134 ctus,
251 3085 346 3124 Ord.
391 3085 710 3125 praedicatorum
729 3116 740 3133 ,
789 3087 1061 3136 Philosophiae

92 3146 321 3194 Professor,
363 3148 563 3185 Bononiae
607 3148 765 3186 studuit
809 3151 850 3185 et
897 3146 1060 3196 docuit,

95 3206 260 3247 Tolosae
285 3218 444 3259 quoque
470 3209 724 3258 Theologiam
751 3208 886 3247 docuit
910 3213 949 3247 et
970 3220 1063 3247 con-

94 3273 156 3307 tra
205 3269 443 3308 Waldenses
486 3271 698 3309 conciones
742 3281 879 3309 sacras
910 3269 1063 3308 habuit.

94 3332 199 3371 Obiit
227 3342 331 3371 anno
352 3331 509 3370 circiter
532 3331 646 3370 4250.
669 3333 829 3382 scripsit
851 3332 1056 3370 Sum-mam

2010 247 2084 287 421

1115 320 1328 360 notabilem
1359 318 1582 369 Theoloqiae
1600 321 1635 355 et
1653 316 1937 370 Philosophiae.
1970 319 2083 358 Plura

1117 384 1166 423 de
1201 394 1247 421 eo
1290 383 1371 422 Jac.
1414 382 1560 428 Quetif.
1600 380 1648 420 de
1693 380 1965 430 Scriptoribus
1992 379 2085 418 Ord.

1119 444 1440 483 Praedicatorum
1468 448 1560 482 tom.
1586 455 1619 492 p.
1647 443 1735 481 425,
1757 442 1875 481 Arisii
1900 441 2085 480 Cremon.

1121 507 1275 544 literata
1320 510 1402 542 tom
1464 505 1492 542 1.
1538 516 1573 554 p.
1619 504 1706 543 402.
1751 503 1958 544 Altamura
1991 503 2087 543 Bibl.

1121 568 1379 606 Dominicana
1411 577 1447 615 p.
1481 567 1516 603 4.
1543 565 1631 603 427.

1174 625 1446 665 ROLANDUS
1465 625 1750 676 Passayerius,
1771 639 1806 664 v.
1831 624 2086 665 Rotandmus.

1174 687 1443 727 ROLANDUS
1499 686 1702 737 Placiola‚
1749 699 1894 726 nornen
1937 699 1958 726 a
2003 689 2090 726 vico

1122 751 1205 801 agri
1238 750 1417 789 Patavini
1449 750 1637 796 sortitus,
1669 750 1811 788 Doctor
1841 751 1949 788 Juris
1979 751 2092 788 Pata-

1124 813 1243 850 vinus
1272 812 1375 850 circa
1407 822 1442 849 a.
1478 811 1591 850 4300.
1625 811 1687 849 alii
1720 822 1926 861 perperam
1962 809 2092 859 junio-

1123 884 1206 911 rem
1257 873 1418 912 faciunt.
1481 874 1654 922 Legatus
1717 873 1995 910 Patavinorum
2043 870 2090 910 ad

1123 936 1336 974 ilenricum
1368 936 1447 974 Vll.
1486 939 1526 973 et
1560 934 1808 973 Clementem
1855 933 1899 969 V.
1946 934 2089 981 Papam

1125 997 1211 1036 fuit.
1241 997 1411 1047 Scripsit
1458 994 1800 1035 Commentarium
1834 993 1872 1031 in
1901 992 2022 1046 feuda
2058 997 2096 1032 et

1127 1056 1366 1110 Opusculum
1401 1057 1448 1096 de
1470 1054 1659 1107 Regibus.
1694 1056 1795 1094 Cum
1839 1067 1860 1093 a
1908 1054 2093 1093 l'ontiiice

1125 1119 1230 1158 dicto
1261 1131 1330 1170 pro
1355 1120 1475 1159 fratre
1521 1116 1796 1157 Sacerdotium
1842 1116 2092 1166 postularet,

1125 1185 1166 1220 et
1209 1181 1405 1220 mediocre
1448 1192 1517 1231 pro
1561 1180 1754 1230 pinguiori
1785 1183 1966 1229 optaret,
1998 1178 2095 1216 Pon·

1128 1243 1221 1282 tiflci
1250 1243 1462 1282 admiranti
1508 1240 1739 1292 respondit:
1787 1240 1932 1278 Frater
1967 1249 2092 1285 meus,

1123 1315 1198 1356 pro
1223 1316 1298 1356 quo
1313 1303 1472 1356 postulo
1493 1333 1500 1350 ,
1518 1314 1594 1341 non
1618 1305 1676 1340 est
1692 1300 1837 1353 pluris.
1868 1302 1950 1340 Nic.
1980 1301 2095 1339 Com-

1131 1367 1219 1404 neni
1252 1365 1486 1415 Papadopoli
1517 1363 1623 1401 Hist.
1665 1364 1872 1413 Gymnasii
1918 1362 2095 1401 Patavini

1128 1426 1193 1465 lib.
1224 1427 1289 1464 Ill.
1313 1430 1412 1464 sect.
1430 1427 1456 1463 I.
1478 1437 1499 1463 c
1532 1428 1566 1463 4.
1585 1426 1740 1463 Marcus
1763 1426 1922 1462 Mantua
1947 1435 1979 1462 c.
2004 1423 2097 1461 247.

1127 1487 1373 1526 Pancirollus
1403 1487 1451 1524 de
1481 1486 1599 1524 claris
1631 1487 1779 1535 Legum
1811 1484 2096 1534 interpretibus

1128 1550 1174 1588 Il.
1207 1550 1269 1588 54.
1299 1549 1355 1586 De
1386 1548 1552 1586 Summa
1583 1546 1831 1594 Rolandina,
1876 1557 1978 1596 quae
2025 1548 2097 1596 ipsi

1133 1614 1292 1661 praeter
1321 1621 1404 1649 rem
1435 1609 1652 1655 tribuitur,
1687 1607 1776 1646 vide
1814 1607 1928 1645 modo
1959 1605 2101 1645 Rolan—

1131 1670 1267 1710 dinum
1289 1669 1336 1709 de
1366 1669 1632 1720 Passayeriis.

1185 1731 1456 1773 ROLANDUS
1484 1730 1768 1777 Ploceronzus,
1794 1730 2015 1769 monachus
2039 1731 2101 1770 Ci-

1132 1795 1397 1841 sterciensis,
1427 1794 1532 1832 circa
1561 1804 1595 1832 a.
1631 1793 1746 1833 4220.
1777 1793 1937 1842 scripsit
1972 1792 2101 1831 Vitam

1131 1857 1169 1896 S.
1204 1857 1458 1907 Proynatae,
1501 1854 1739 1894 Abbatissae
1784 1855 1890 1893 illius
1936 1854 2101 1893 ordinis.

1132 1920 1220 1958 Car.
1250 1917 1300 1956 de
1330 1917 1451 1956 Visch
1475 1916 1524 1955 de
1549 1915 1817 1966 Scriptoribus
1837 1916 1930 1954 Ord.
1955 1916 2103 1954 Cister-

1130 1980 1278 2019 ciensis
1306 1990 1393 2029 pag.
1427 1979 1516 2017 293.

1187 2040 1451 2079 ROLANDUS
1483 2040 1646 2084 Scotus,
1671 2039 1932 2077 Glascuensis
1962 2039 2105 2078 Eccle-

1132 2104 1216 2142 siae
1247 2101 1529 2149 Subdecanus‚
1560 2105 1649 2151 post
1693 2100 1821 2138 ordini
1872 2102 2105 2139 Domenica-

1132 2176 1274 2204 norum
1307 2174 1451 2202 nomen
1483 2162 1592 2201 dedit
1622 2163 1728 2200 circa
1774 2172 1807 2201 a.
1854 2164 1868 2201 4
1882 2162 1972 2201 484.
2007 2161 2106 2213 Ejus

1135 2229 1413 2264 memorantur
1457 2223 1556 2262 haec
1596 2233 1740 2273 opera:
1785 2223 1840 2260 De
1878 2222 2105 2262 dilatatione

1130 2285 1283 2324 ordinis
1307 2285 1346 2324 S.
1374 2282 1578 2329 Dominici,
1604 2282 1860 2331 Quaestiones
1883 2283 2050 2330 arduae,
2067 2287 2106 2322 et

1131 2346 1428 2387 Resolutorium
1448 2345 1761 2384 Sententiarum.
1781 2343 1877 2382 Vide
1895 2346 1978 2382 Jac.
1999 2345 2103 2390 Que-

1133 2410 1182 2448 tif
1220 2408 1269 2447 de
1320 2407 1567 2457 Sriptorihus
1622 2405 1715 2444 Ord.
1782 2404 2099 2444 Praedicator-um

1134 2476 1231 2510 tom.
1261 2470 1290 2508 l.
1319 2481 1406 2520 pag.
1438 2469 1528 2507 860.

1191 2530 1460 2571 ROLANDUS
1478 2529 1817 2580 Ulyssiponensis,
1835 2527 1978 2578 eujus,
2004 2528 2102 2566 Lab—

1137 2595 1210 2633 beo
1238 2597 1341 2631 teste
1372 2593 1409 2629 in
1445 2591 1684 2630 Bibliotheca
1729 2590 1834 2628 MSS.
1881 2601 1966 2639 pag.
2008 2589 2099 2628 246.

1139 2657 1240 2693 inter
1285 2654 1406 2692 libros
1452 2654 1589 2691 Renati
1638 2653 1794 2690 Moreau
1832 2651 1966 2689 Medici
2000 2652 2104 2689 Pari-

1138 2718 1214 2755 sini
1234 2717 1419 2765 hocopus
1434 2715 1615 2753 exstitit:
1640 2712 1810 2752 Rolandz'
1834 2710 2102 2750 Ulioeibonien—

1137 2778 1194 2817 sis
1208 2809 1218 2827 ,
1234 2775 1394 2829 physici
1417 2774 1682 2814 illustrissimi
1698 2773 1891 2825 principis
1915 2774 2100 2821 Joannis‚

1131 2840 1276 2892 patrui
1293 2838 1442 2877 domini
1461 2837 1591 2876 nostri
1604 2836 1718 2887 Reyis
1740 2836 1938 2874 Franciae
1956 2833 2102 2885 ymber-

1136 2901 1269 2940 nantis
1291 2905 1329 2939 et
1347 2899 1520 2950 repentis
1536 2910 1701 2947 reanum
1723 2899 1754 2936 F
1757 2898 1933 2941 rauciae,
1952 2896 2102 2946 insi'yne

1136 2974 1232 3014 opus
1260 2962 1305 3001 de
1327 2959 1640 3012 physioynomia.

1190 3024 1409 3063 ROMAEUS
1439 3022 1485 3060 (le
1521 3021 1667 3066 Levia,
1697 3020 1927 3066 CatalanuS,
1959 3030 2007 3057 ex
2038 3030 2102 3056 rn-

1137 3092 1220 3125 stro
1252 3086 1313 3124 vel
1336 3085 1427 3123 villa
1459 3084 1577 3121 Levia
1595 3113 1605 3131 ,
1628 3082 1721 3120 Ord.
1754 3081 2073 3119 Praedicatorum
2093 3111 2101 3125 ‚

1136 3160 1169 3187 a.
1202 3148 1317 3186 4224.
1343 3147 1449 3184 Prior
1487 3146 1523 3182 in
1568 3148 1770 3181 conventu
1818 3141 2100 3192 Lugdunensi,

1136 3213 1225 3259 post
1254 3220 1287 3246 a.
1335 3206 1450 3244 1232.
1491 3205 1748 3243 Provinciulis
1794 3205 1900 3242 Prior
1943 3204 2102 3252 provin-

1136 3272 1218 3309 ciae
1249 3268 1502 3313 Provinciae,
1534 3266 1694 3304 tandem
1734 3267 1958 3316 Episcopus
1989 3266 2101 3304 Tolo—

1137 3341 1262 3369 sanus
1324 3327 1418 3366 obiit
1459 3339 1493 3366 a.
1534 3327 1648 3366 4261.
1699 3328 1865 3378 Scripsit
1910 3325 2099 3376 Reyulam
