2517 4009
927 244 1216 284 PETRUS

128 310 277 350 PETRI
303 311 349 350 de
369 309 594 360 Aubusson,
621 314 777 362 (vitiose
801 312 1038 353 Danbussen

75 374 141 413 vel
168 372 416 420 Danbusson)
448 373 689 413 Rhodiorum
720 376 891 414 militum
922 377 1040 427 Magi-

75 437 147 474 stri
178 434 352 486 Epistola
381 433 431 472 ad
464 434 707 474 Fridericum
739 437 803 475 111.
838 436 886 474 de
917 439 1040 476 victo-

74 499 128 535 ria
158 496 354 535 adversus
383 497 534 534 Turcas
570 496 685 535 Anno
716 498 833 536 4480.
868 497 931 536 27.
962 498 1039 537 Jul.

75 561 274 608 reportata
303 561 437 595 exstat
468 558 504 594 in
531 558 690 596 Freheri
716 563 814 597 tom.
839 559 881 598 2.
907 570 1040 598 rerum

73 619 263 659 German.
292 629 381 669 pag.
415 619 507 658 306.
537 620 625 658 309.

124 680 147 704 ³*
174 680 336 719 Praeter
363 681 573 731 epistolam
604 681 667 720 hic
697 693 718 720 a
756 681 938 720 Fabricio
984 683 1043 719 in-

74 743 246 782 dicatam
289 742 362 781 alia
401 748 463 780 est
512 743 693 782 eiusdem
742 743 947 793 encyclica
993 742 1039 781 ad

71 806 228 855 equites
256 804 406 842 ordinis
427 806 517 851 sui,
537 816 616 854 qua
643 804 807 843 mandat
832 809 876 842 ut
905 805 1041 842 statim

72 865 253 905 Rhodum
283 876 326 903 se
354 866 562 904 conferant
609 866 658 905 ad
705 866 897 905 tuendam
936 876 1044 904 com-

73 938 238 966 munem
269 925 365 965 Ord.
397 927 535 966 sedem
580 926 779 966 adversus
819 928 1038 965 Turcarum

75 988 264 1026 insultus.
294 989 393 1027 Data
424 993 487 1027 est
517 989 580 1026 illa
610 988 735 1027 Rhodi
766 988 810 1026 A.
844 988 960 1026 4477.
987 988 1044 1026 le-

74 1051 259 1101 giturque
315 1050 353 1086 in
403 1049 497 1088 Cod.
543 1050 806 1100 Diplomatico
846 1050 1041 1088 Melitensi

75 1123 196 1161 quem
227 1111 410 1162 vulgavit
455 1112 519 1150 hic
569 1113 696 1149 Lucae
743 1110 819 1148 An.
857 1110 973 1150 4737.
1005 1112 1043 1149 Ρ.

75 1173 337 1212 Sebastianus
380 1173 486 1211 Pauli
531 1173 593 1209 vir
637 1171 685 1210 de
733 1172 879 1209 litteris
921 1182 966 1209 ac
996 1171 1048 1209 de

75 1235 381 1284 congregatione
409 1237 562 1271 nostra
580 1263 589 1281 ,
632 1232 764 1282 deque
803 1243 867 1270 me
896 1233 1045 1282 pariter

76 1295 234 1345 egregie
263 1295 456 1341 meritus,
481 1305 602 1343 quem
630 1305 700 1343 per
725 1293 797 1331 hos
821 1293 907 1331 dies
931 1305 953 1331 a
979 1304 1047 1331 no—

76 1357 139 1395 bis
170 1357 386 1394 immatura
413 1360 540 1393 morte
564 1359 820 1405 praereptum
847 1354 1045 1404 lugemus.

76 1417 196 1458 Aliud
217 1418 339 1456 etiam
364 1417 545 1455 eiusdem
570 1416 824 1454 Aubussonis
848 1417 1043 1466 scriptum

77 1484 188 1519 extat
217 1478 309 1517 ibid.
339 1489 426 1529 pag.
475 1479 565 1518 466.
593 1477 697 1516 Nihil
727 1488 858 1515 moror
889 1478 1045 1515 Italicas

79 1541 274 1592 quasdam
305 1541 486 1579 eiusdem
519 1540 709 1591 epistolas
739 1540 790 1578 ibi
821 1541 970 1590 pariter
990 1540 1046 1577 le-

78 1602 242 1654 gendas.
262 1601 338 1641 Sed
357 1602 696 1653 praetereundum
715 1601 822 1640 haud
840 1612 1043 1652 quaquam

79 1665 181 1704 duco
209 1666 249 1703 in
279 1664 500 1715 appendice
543 1663 725 1702 eiusdem
769 1663 926 1702 Codicis
956 1674 1043 1714 pag.

82 1727 171 1766 449.
202 1727 275 1777 legi
305 1727 504 1777 prolixum
529 1730 570 1764 et
598 1726 804 1764 curiosum
849 1725 1044 1774 scriptum

82 1789 192 1827 veria
219 1789 432 1827 continens
461 1787 705 1826 documenta
734 1787 957 1837 spectantia
996 1785 1046 1824 ad

84 1851 274 1890 Zizimum
298 1851 427 1900 Magni
447 1851 599 1888 Turcae
617 1848 756 1896 filium,
774 1849 841 1898 qui
863 1847 910 1886 ad
936 1847 1047 1888 Chri—

86 1913 238 1951 stianos
253 1912 535 1962 transfugerat.
561 1911 663 1949 Sunt
683 1915 818 1949 autem
844 1911 909 1950 illa
930 1911 1051 1949 Grae·

87 1986 133 2013 co
164 1975 318 2025 vulgari
351 1979 391 2012 et
419 1974 545 2012 latino
574 1977 740 2012 exarata
766 1972 788 1994 *

138 2036 332 2075 PETRUS
358 2033 525 2073 Aureoli
560 2034 716 2085 (Oriol)
754 2039 874 2074 natus
906 2036 1054 2074 Verbe-

91 2098 172 2136 riae
202 2097 250 2136 ad
297 2098 446 2136 Isaram
492 2098 579 2135 sive
620 2096 780 2136 Oesiam
827 2097 984 2147 (Oyse)
1018 2099 1055 2134 in

90 2160 244 2208 Gallia,
269 2158 363 2199 Ord.
387 2160 525 2198 Minor.
551 2160 637 2197 sive
660 2159 783 2198 Vallis
808 2159 1057 2198 Scholarium

91 2222 250 2271 potius,
279 2219 504 2271 Theologus
543 2222 777 2260 parisiensis
811 2221 944 2259 clarus
983 2221 1058 2258 An.

93 2283 211 2322 4346.
237 2282 592 2332 Archiepiscopum
618 2281 692 2320 An.
725 2283 820 2321 4324
856 2283 894 2320 in
920 2293 1063 2320 secun-

93 2344 144 2383 da
167 2343 413 2382 Narbonensi
432 2343 660 2394 Aquensem
679 2342 789 2392 (Aiae)
808 2344 931 2382 fuisse
947 2347 1033 2394 post
1053 2371 1061 2388 ‚

94 2405 360 2444 Trithemium
389 2415 475 2455 cap.
506 2406 596 2443 544.
635 2406 878 2443 recentiores
921 2416 1063 2443 omnes

95 2468 238 2517 ajunt,
271 2469 389 2516 negat
430 2466 614 2504 Oudinus
658 2471 752 2504 tom.
783 2468 818 2505 3.
850 2479 937 2518 pag.
971 2468 1062 2505 850.

97 2539 182 2578 seq.
211 2525 328 2577 cujus
352 2529 527 2566 rationes
552 2539 629 2565 non
660 2528 980 2567 contemnendae
1004 2529 1063 2566 vi-

96 2589 255 2628 dentur.
287 2589 539 2629 Cardinalem
570 2589 694 2627 fuisse
725 2593 873 2639 negant
903 2600 1063 2639 quoque

99 2650 394 2691 Sammarthani
425 2655 521 2689 tom.
560 2653 594 2690 4.
633 2650 781 2689 Galliae
813 2651 1062 2690 ChrIstianae

99 2724 186 2764 pag.
218 2711 278 2752 47.
310 2711 490 2750 Doctoris
517 2711 684 2763 facundi
712 2723 932 2763 cognomen
973 2713 1063 2750 tulit

100 2778 206 2813 teste
236 2773 391 2812 Labbeo
422 2778 517 2811 tom.
547 2775 582 2812 2.
615 2773 663 2811 de
694 2775 733 2813 S.
768 2775 812 2813 E.
849 2786 935 2824 pag.
974 2773 1061 2812 484.

101 2835 270 2885 Scripsit
293 2832 541 2873 breviarium
561 2833 788 2873 Bibliorum
814 2837 901 2874 sive
926 2837 1064 2886 Epito-

104 2907 194 2936 men
225 2897 263 2935 S.
296 2896 525 2946 Scripturae
556 2897 671 2946 juxta
710 2907 876 2936 sensum
915 2898 1064 2936 littera-

104 2959 184 2997 lem
205 2987 212 3006 ,
237 2958 405 3008 Incipit:
435 2957 564 2996 Venite
587 2958 852 2998 ascendamus
879 2959 934 2998 ad
956 2972 1064 2998 mon-

106 3022 181 3057 tem
209 3017 378 3056 Domini.
417 3020 537 3057 Paris.
576 3020 690 3058 4508.
732 3021 846 3059 4565.
880 3022 994 3061 4643.
1027 3024 1064 3060 8.

106 3081 244 3119 Venet.
272 3079 388 3118 4508.
413 3080 529 3119 4574.
552 3081 588 3117 4.
611 3085 652 3118 et
672 3081 925 3131 Argentorati
949 3085 1016 3122 454
1031 3087 1065 3121 4.

108 3143 143 3180 4.
162 3146 202 3180 et
219 3151 315 3180 cura
332 3140 485 3180 Claudii
503 3140 693 3190 Stephani
709 3141 1067 3190 Novelletii,Tlieo-

106 3203 183 3254 logi
214 3203 336 3241 Paris.
367 3206 624 3252 repurgatum
656 3206 695 3239 et
725 3208 887 3242 auctum
920 3205 1065 3244 tabulis

109 3263 320 3314 analyticis
345 3264 465 3302 Paris.
492 3263 608 3301 4585.
636 3264 752 3301 4640.
777 3264 811 3301 8.
836 3260 1065 3316 Rothomagi

113 3325 226 3363 4596.
260 3325 374 3364 4649.
408 3324 713 3362 Lovanii‘lGl-7.
754 3326 846 3363 vido
878 3327 1069 3366 Waddin-

2000 248 2078 290 231

1114 328 1208 366 gum
1240 328 1327 367 pag.
1357 316 1446 355 276.
1478 322 1517 355 et
1546 318 1736 357 Jacobum
1777 319 1954 368 Longum
1985 330 2076 370 pag.

1114 378 1203 416 620.
1230 379 1329 416 Bibl.
1354 380 1607 429 exegeticae,
1630 380 1694 418 ubi
1720 391 1926 430 perperam
1955 391 2077 419 excu-

1115 449 1204 477 sum
1231 439 1481 479 Novellerius
1510 452 1580 491 pro
1604 442 1850 490 Novelletio‚
1876 447 1916 480 et
1943 443 2074 481 Paris.

1117 500 1232 539 4685.
1260 512 1329 551 pro
1355 502 1471 540 4585.
1503 502 1801 542 Commentario
1831 502 1872 541 in
1901 507 2078 555 quatuor

1118 560 1240 599 libros
1269 562 1589 611 Sententiarum,
1621 565 1667 602 ad
1707 577 1826 615 quam
1867 567 2077 604 Lecturam

1116 622 1190 661 An.
1224 624 1339 662 4346.
1371 625 1544 663 electum
1577 626 1699 664 fuisse
1730 632 1904 666 testatur
1934 628 1974 666 S.
1998 628 2079 666 An-

1116 685 1281 722 toninus
1312 695 1495 723 summae
1535 686 1734 725 historiar.
1765 690 1824 725 tit.
1856 689 1920 726 24.
1952 689 1988 739 ξ.
2018 690 2081 727 45.

1116 749 1216 783 tom.
1247 746 1294 783 3.·
1314 758 1402 796 pag.
1433 746 1523 785 784.
1558 747 1663 786 edita
1695 750 1732 785 in
1764 750 1907 787 librum
1941 751 1975 787 4.
2007 750 2079 787 Ro-

1118 818 1205 845 mae
1238 808 1355 846 4595.
1388 808 1451 846 fol.
1497 813 1537 847 et
1583 809 1780 848 Clementi
1813 812 1910 849 Vlll.
1957 812 2082 861 Papae

1117 867 1246 906 dicata
1276 869 1298 907 a
1329 870 1563 909 Constantio
1600 871 1806 919 Sarnano,
1842 872 2079 910 Cardinale:

1117 937 1158 967 et
1184 931 1220 967 in
1248 931 1314 968 lib.
1339 931 1375 969 2.
1402 933 1436 970 3.
1466 933 1500 969 4.
1528 944 1604 970 una
1629 944 1721 970 cum
1748 932 1988 981 Quodlibetis
2013 945 2084 972 va-

1116 991 1216 1039 riis,
1244 992 1334 1030 ibid.
1363 994 1478 1031 4605.
1506 994 1570 1032 fol.
1604 995 1705 1033 Haec
1723 995 2017 1034 Commenta'ria
2045 997 2080 1032 in

1119 1055 1204 1091 suis
1234 1053 1282 1091 ad
1313 1055 1474 1093 easdem
1507 1056 1737 1094 Sententias
1776 1058 2084 1095 Commentariis

1119 1117 1280 1164 saepius
1301 1118 1481 1155 excussit
1501 1119 1800 1168 exagitavitque
1820 1121 1994 1157 Joannes
2011 1121 2085 1158 Ca-

1118 1177 1304 1226 preolus,
1330 1178 1641 1227 Dominicanus,
1663 1185 1706 1218 ut
1731 1182 1753 1218 a
1780 1180 1932 1219 Labbeo
1957 1192 2081 1219 anno-

1119 1241 1248 1276 tat-um
1279 1239 1406 1277 video.
1438 1240 1606 1279 Caetera
1631 1240 1719 1290 ejus
1748 1243 1899 1292 scripta
1929 1253 2081 1280 memo—

1117 1303 1284 1346 rantur,
1310 1302 1444 1338 nescio
1468 1312 1518 1339 an
1543 1302 1675 1340 edita:
1701 1302 1981 1353 Compendium
2016 1315 2082 1342 sa-

1119 1371 1214 1397 crae
1247 1359 1501 1411 Theoloyiae,
1533 1364 1570 1400 in
1601 1368 1688 1401 octo
1726 1364 1843 1402 libros
1876 1367 2081 1414 partitum.

1119 1422 1175 1459 De
1207 1422 1466 1474 Conceptz'one
1508 1423 1767 1462 immaculata
1810 1426 1854 1462 B.
1898 1426 2084 1477 Virqinis.

1119 1483 1175 1521 De
1203 1482 1336 1521 decem
1374 1486 1613 1537 praeceptis.
1661 1486 1775 1524 Liber
1806 1489 1873 1536 qui
1904 1489 2087 1526 inscribi-

1119 1547 1210 1583 tur:
1232 1546 1360 1584 Rosae
1380 1545 1656 1585 distinctionis.
1683 1548 1895 1587 Sermones
1922 1549 1969 1587 de
1997 1554 2091 1588 tem-

1112 1617 1226 1657 pore.
1249 1608 1462 1646 Tractatus
1483 1607 1530 1646 de
1547 1612 1784 1661 paupertate
1798 1641 1808 1657 ,
1833 1613 1871 1648 et
1891 1622 1968 1649 usu
1985 1623 2089 1663 pau-

1113 1678 1214 1718 pere
1247 1681 1401 1708 rerum.

1174 1731 1370 1770 PETRUS
1410 1733 1638 1773 Canonicus
1685 1735 1893 1785 Regularis
1923 1737 1966 1774 S.
1993 1734 2090 1773 Aut-

1121 1788 1247 1841 berti,
1278 1795 1609 1843 Cameracensis,
1631 1797 1750 1845 jussu
1775 1797 1968 1835 Guidonis
2000 1799 2094 1847 Epi-

1121 1856 1229 1905 scopi
1253 1856 1301 1894 ab
1323 1856 1399 1895 An.
1421 1857 1535 1896 4296.
1561 1858 1608 1896 ad
1636 1859 1756 1897 4302.
1782 1860 2087 1897 Cameracensis

1124 1918 1247 1955 vertit
1276 1929 1323 1957 ex
1356 1919 1509 1968 vulgari
1540 1921 1725 1959 idiomate
1751 1921 1906 1971 Belgico
1931 1922 1967 1958 in
1991 1922 2095 1959 Lati-

1129 1989 1227 2017 num
1262 1979 1388 2018 Vitam
1411 1982 1482 2020 SS.
1509 1982 1685 2032 Dymnae
1714 1982 1887 2032 Viryz'nis
1911 1987 1949 2020 et
1973 1983 2094 2020 Gere-

1131 2037 1248 2078 berni
1273 2042 1527 2091 Sacerdotis,
1555 2044 1640 2082 Sec.
1668 2044 1749 2082 Vll.
1778 2046 1996 2094 Martyrum
2023 2045 2098 2082 Ge-

1130 2102 1191 2140 lae
1217 2104 1254 2141 in
1280 2105 1505 2143 Brabantia.
1532 2107 1639 2144 Hanc
1670 2107 1787 2156 (post
1819 2107 2094 2157 interpolatam

1135 2166 1350 2215 minusque
1378 2167 1573 2217 integram
1599 2167 1813 2206 editionem
1846 2169 1947 2207 Surii
1973 2169 2018 2206 ad
2048 2170 2098 2206 45

1134 2227 1249 2276 Maji)
1280 2228 1476 2267 sinceram
1503 2229 1524 2267 e
1547 2231 1830 2279 Manuscriptis
1859 2230 2095 2277 Codicibus,

1134 2290 1414 2339 integramque
1433 2290 1615 2340 vulgavit
1634 2291 1912 2329 Henschenius
1931 2296 1967 2329 in
1986 2293 2097 2330 Actis

1135 2350 1375 2388 Sanctorum
1407 2355 1503 2388 tom.
1532 2352 1595 2390 IV.
1624 2351 1711 2400 Maji
1739 2363 1823 2402 pag.
1852 2353 2040 2391 479-498.

1190 2411 1383 2450 PETRUS
1405 2411 1583 2451 Azarz'us
1604 2414 1737 2452 Jacobi
1760 2415 1798 2451 F.
1824 2416 2003 2452 notarius
2024 2417 2098 2453 No-

1137 2475 1361 2521 variensis,
1392 2475 1526 2513 clarus
1550 2477 1653 2513 circa
1679 2476 1752 2513 An.
1781 2475 1895 2513 4360.
1927 2477 2097 2526 scriptor

1139 2532 1330 2572 Chronica·
1364 2534 1410 2572 cle
1447 2536 1567 2585 qeslis
1599 2537 1637 2573 in
1666 2535 1905 2574 Lombarclia
1945 2538 2099 2576 Princi-

1132 2606 1229 2645 pum
1250 2596 1523 2634 Vicecomitmn
1550 2601 1587 2634 et
1606 2598 1860 2636 Donn'norum
1882 2598 2101 2638 Mediolani

1137 2657 1186 2694 ab
1209 2656 1282 2694 Au.
1312 2658 1426 2695 4250.
1450 2657 1498 2696 ad
1526 2659 1639 2696 4262.
1664 2659 1797 2697 Edidit
1824 2660 1989 2698 illustris
2015 2663 2098 2699 Mu-

1138 2719 1309 2756 ratorius
1335 2723 1428 2756 tom.
1455 2721 1514 2758 46.
1540 2720 1714 2759 thesauri
1741 2721 1875 2759 ltaliae
1899 2734 1982 2771 pag.
2006 2724 2094 2760 297.

1138 2791 1216 2818 una
1246 2791 1338 2818 cum
1369 2780 1548 2830 ejusdem
1583 2783 1683 2820 Petri
1715 2782 1762 2820 de
1791 2782 1895 2821 Bello
1923 2783 2097 2835 Concipi-

1138 2839 1250 2877 ciano
1280 2841 1354 2879 An.
1387 2842 1502 2880 4339.
1534 2854 1617 2893 seq.
1648 2847 1686 2881 et
1715 2845 1914 2882 Comitum
1952 2846 2101 2883 ,llasim'

1137 2913 1222 2952 pag.
1249 2902 1335 2941 425.
1355 2903 1466 2948 Quod
1495 2907 1693 2954 posterius
1715 2908 1907 2956 scriptum
1932 2919 1978 2944 ex
2004 2908 2097 2944 Am-

1138 2964 1256 3002 brosii
1279 2964 1327 3002 de
1345 2966 1651 3006 Roccacontrata
1670 2970 1898 3006 recensione
1916 2968 1960 3006 Α.
1986 2969 2096 3007 1404.

1140 3025 1264 3073 facta,
1295 3030 1335 3064 et
1379 3027 1591 3066 Gaudentii
1635 3030 1791 3067 Roberti
1809 3060 1817 3075 ,
1861 3030 2098 3068 Carmelitac

1140 3088 1391 3132 Parmensis,
1419 3090 1684 3128 miscellaneis
1713 3091 1880 3129 eruditis
1913 3092 2098 3139 ineditis,

1139 3148 1208 3186 sed
1235 3150 1368 3187 miuus
1394 3151 1593 3188 sincerum
1623 3152 1818 3201 prodierat
1845 3154 1880 3190 in
1909 3159 2014 3191 tomo
2038 3165 2099 3191 se-

1139 3209 1270 3247 cundo
1299 3212 1422 3248 Musei
1454 3213 1653 3251 Minervae
1685 3214 1858 3253 Venetae
1884 3215 1945 3262 (la
1971 3215 2100 3253 Galle-

1143 3271 1194 3307 riu
1220 3270 1257 3306 (li
1284 3272 1456 3310 Minerva
1479 3301 1482 3308 .
1509 3278 1601 3311 tom.
1634 3276 1665 3313 2.
1692 3287 1776 3325 pag.
1809 3275 1999 3314 toi-442.
2026 3277 2100 3313 Vi·-

1148 3335 1225 3368 net.
1262 3332 1374 3369 4697.
1409 3333 1468 3369 iol.
