2517 4009
880 214 1312 253 SEVERINUS

89 278 135 318 ad
167 283 319 316 tomum
341 278 370 316 Ι.
392 277 584 316 Thesauri
615 279 908 321 Anecdotoruin
930 295 965 333 p.
987 283 1051 322 39.

12 345 19 388 J
87 339 264 389 Epistola
295 338 545 376 Centimetro
577 340 750 388 praefixa
781 343 886 381 edita
917 349 979 382 est
1012 346 1050 383 in

89 400 230 438 Labbei
262 399 360 438 Bibl.
393 410 494 437 nova
524 401 632 439 MSS.
663 399 691 439 Ι.
723 415 759 453 p.
791 405 881 443 668.

146 461 180 499 4.
212 461 494 511 Interpretatzo
524 461 692 510 Donati,
723 466 808 504 sive
838 478 878 504 m
914 479 1052 506 secun·

88 520 183 560 dam
212 520 359 558 Donati
379 520 590 560 edicionem
621 523 919 576 interpretatae,
957 540 1049 568 cum

15 587 21 630 g
86 583 239 620 Donato
255 581 398 631 prodiit
418 583 521 632 apud
547 585 642 623 Rob.
663 587 913 637 Stephanum
934 592 1050 629 4534.

17 641 18 644 ’
87 643 124 680 8.
153 641 263 681 Haec
294 644 368 681 tria
399 655 492 682 vero
522 645 644 684 habes
676 649 795 686 ctiam
838 651 873 687 in
910 651 1049 690 Gram-

86 705 243 743 maticis
271 705 446 743 Putschii
479 718 513 756 p.
546 707 661 745 4779.

139 766 176 804 5.
209 763 372 804 Glossae
409 766 771 817 Graeco-Latinae,
812 783 912 820 quas
953 773 1044 811 olim

85 825 224 872 habuit
267 828 409 866 Petrus
447 829 700 878 Scriverius,
746 832 869 869 edidit
912 839 1048 873 autem

83 886 286 927 Antonius
313 889 539 928 Matthaeus
557 895 663 928 tomo
681 893 742 930 Vl.
761 893 1046 934 Analectorum

84 948 178 987 edit.
209 951 325 998 prior.
358 954 465 988 tomo
495 950 562 989 ΙΙΙ.
606 963 643 1002 p.
691 953 781 992 653.
824 955 905 992 edit
947 961 1048 1006 post.

83 1009 249 1049 Dubitat
278 1015 412 1050 tamen
443 1012 492 1050 de
509 1012 683 1051 Auctore
702 1015 962 1065 Tanaquillus
981 1018 1049 1056 Fa-

83 1070 155 1109 ber
182 1072 310 1122 Epist.
341 1073 369 1110 l.
401 1073 466 1111 63.
495 1077 535 1110 et
564 1075 648 1124 ipse
678 1075 913 1115 Matthaeus.

138 1133 332 1173 SERVUS
362 1133 456 1182 Dei,
488 1135 663 1173 incertae.
679 1136 786 1175 sedis
808 1138 1048 1189 Episcopus,

57 1239 60 1243 .
84 1196 293 1246 temporib.
324 1194 556 1245 Augustini,
573 1197 947 1246 scripsitadversus
967 1211 1048 1247 eos,

83 1257 153 1305 qui
182 1255 350 1302 dicunt,
382 1256 591 1294 Christum
623 1258 660 1294 in
693 1257 765 1296 hac
797 1260 878 1311 vita
904 1259 1051 1310 degen-

83 1321 164 1355 tem
209 1327 287 1354 non
319 1315 472 1354 vidisse
515 1319 672 1355 carneis
702 1320 787 1357 suis
817 1321 942 1359 oculis
979 1321 1050 1359 Pa-

11 1369 19 1377 ’
82 1382 214 1424 trem,
243 1377 314 1416 sed
345 1387 434 1428 post
470 1381 802 1418 resurrectionem
848 1393 897 1419 ex
949 1394 1051 1420 mor-

85 1440 168 1478 tuis
185 1469 197 1487 ,
221 1443 263 1477 et
290 1439 567 1477 ascensionem
601 1441 638 1477 iii
670 1441 791 1479 coelis
818 1453 910 1480 cum
943 1447 1050 1482 tran-

89 1500 218 1540 slatus
247 1504 310 1539 est
341 1501 378 1538 in
408 1500 572 1550 gloriam
606 1502 674 1539 Dei
720 1503 873 1551 Patris,
922 1505 1050 1554 profe-

83 1566 196 1601 ctum
227 1561 381 1610 scilicet
400 1562 435 1599 ei
460 1562 594 1600 dantis
617 1563 652 1600 in
680 1566 1047 1604 remunerationem

82 1625 278 1674 martyrii.
323 1624 365 1661 In
403 1635 481 1674 qua
524 1625 722 1674 scriptura
759 1627 962 1675 ostendit,
1009 1632 1050 1666 et

79 1685 350 1737 disputatione
381 1696 478 1731 sua,
508 1696 554 1724 ac
591 1691 822 1725 sanctarum
871 1687 1049 1738 Scriptu-

79 1759 213 1786 rarum
245 1749 516 1795 testimoniis,
556 1749 772 1786 Dominum
821 1750 958 1788 Jesurn
997 1751 1046 1789 ab

79 1811 164 1860 ipso
193 1809 282 1860 ejus
309 1814 507 1859 conceptu
537 1821 607 1859 per
637 1811 828 1859 Spiritum
860 1817 1044 1850 sanctum

79 1871 210 1918 facto,
241 1875 282 1909 et
311 1876 430 1922 partu
460 1882 510 1909 ex
552 1872 742 1921 Virgine,
789 1872 893 1922 quod
938 1875 1046 1912 Deus

80 1944 204 1972 verus
235 1934 273 1970 in
305 1932 466 1971 homine
497 1944 593 1972 vero
624 1935 708 1984 ipse
739 1945 899 1983 quoque
925 1936 1047 1973 Homo

78 1996 188 2034 Deus
215 1995 346 2033 factus
376 1999 496 2033 natus
512 2000 592 2043 est,
611 2006 770 2045 semper
790 1997 924 2033 carnis
948 2007 1045 2035 suae

78 2056 205 2096 oculis
233 2060 274 2095 et
303 2058 460 2095 Patrem
485 2057 661 2105 vidisse,
683 2061 723 2094 et
743 2057 935 2106 Spiritum
956 2068 1048 2096 san-

78 2122 217 2167 ctum,
247 2130 318 2170 per
347 2118 562 2169 specialem
593 2123 633 2156 et
662 2119 696 2156 ei
727 2120 883 2157 unitam
914 2118 984 2156 Dei
1006 2124 1046 2157 et

78 2180 264 2218 hominis.
295 2180 544 2218 societatem.
578 2181 683 2218 Haec
726 2179 962 2218 Gennadius
995 2180 1045 2217 de

79 2242 224 2292 Script.
252 2242 406 2280 Eccles.
436 2252 470 2280 c.
515 2241 580 2280 87.
625 2241 880 2291 Augustinus
922 2241 1044 2291 hujus

81 2303 305 2341 sententiae
328 2303 510 2340 meminit
527 2313 743 2352 suppresso
774 2304 934 2340 nomine
955 2303 1048 2352 Epi·

79 2369 130 2402 st.
152 2364 215 2402 92.
246 2368 287 2401 et
316 2364 432 2402 ⁴496.
459 2363 529 2401 sed
559 2375 646 2402 eam
699 2365 861 2403 refutat.
906 2365 1046 2403 Caete—

80 2438 169 2465 rum
200 2425 303 2464 liber
333 2425 397 2462 ille
426 2429 602 2462 aetatem
631 2437 709 2462 non
739 2425 844 2464 tulit.

132 2485 360 2526 SEVALUS
379 2514 388 2532 ,
407 2485 470 2523 vel
487 2484 696 2524 Serwalus
714 2514 722 2533 ‚
739 2485 893 2535 Anglus
909 2516 918 2535 ,
939 2488 1046 2525 Oxo-

83 2550 170 2588 niae
208 2548 334 2587 literis
371 2547 574 2593 incubuit,
611 2547 787 2596 primum
829 2548 1044 2595 Decanus,

82 2615 175 2663 post
198 2609 536 2659 Archiepiscopus
559 2608 836 2647 Eboracensis.
859 2608 934 2647 Sed
954 2610 1044 2658 quia

83 2674 226 2711 nimias
256 2672 515 2722 pecuniarum
547 2671 776 2708 exactiones
814 2671 1046 2708 Pontificum

82 2734 253 2773 tolerare
284 2744 362 2770 non
408 2733 562 2783 potuit,
593 2732 995 2777 excommunicatus,
1025 2741 1046 2768 a

82 2796 226 2847 populo
267 2801 401 2834 tamen
442 2795 480 2830 in
522 2804 662 2842 magno
702 2792 848 2830 honoro
889 2793 1046 2829 habitus

83 2859 171 2898 fuit.
195 2857 303 2896 Obiit
324 2868 357 2895 a.
382 2855 500 2895 4258.
541 2856 708 2904 Scripsit
749 2853 1046 2905 Brevi'loqziz'nm

84 2923 225 2959 contra
266 2917 465 2970 quendam
510 2916 749 2966 Mayistrum
794 2915 1007 2953 Jorclanem
1036 2946 1046 2962 ,

83 2991 205 3031 quem
236 2979 441 3025 Pontifex,
473 2979 660 3027 quamvis
690 2977 852 3026 Angliac,
889 2977 1046 3026 linguae

85 3043 266 3093 ignarum
287 3069 295 3088 ,
320 3041 404 3089 ipso
429 3039 654 3077 inconsulto
676 3038 878 3076 Decanum
899 3038 1045 3075 Ebora-

85 3112 248 3141 censem
285 3101 574 3147 constituerat,
613 3101 775 3138 Statum
804 3096 1046 3149 synodalia,

85 3164 294 3203 Sermones
315 3165 352 3200 ec
368 3159 582 3213 Epz·stocae,
604 3160 658 3199 art
673 3160 954 3199 Alexandrum
973 3162 1046 3198 Ρα-

81 3235 201 3276 pam,
227 3223 274 3262 ad
300 3234 419 3274 quem
447 3222 708 3261 moribundus
737 3224 922 3272 scripsit,
945 3223 1047 3259 inter

87 3286 189 3334 alia,
235 3289 340 3324 teste
383 3284 582 3324 Mati-haec
621 3284 794 3332 Parisio,
835 3283 895 3322 his
917 3283 1050 3322 verbis

2013 223 2092 263 459

1127 295 1252 322 usus:
1288 285 1404 323 Di‘oei'c
1431 285 1533 323 enim
1559 286 1748 326 Dominus
1780 289 1925 328 Petro:
1955 291 2086 331 Pasce

1127 356 1217 383 oves
1255 356 1363 384 meas
1382 377 1393 394 ,
1427 358 1503 384 non
1540 345 1674 395 tonde,
1697 359 1774 386 non
1793 351 1987 398 excoria,
2011 364 2089 391 non

1128 405 1308 444 evisceret
1327 437 1337 454 ,
1363 405 1425 445 vel
1447 406 1672 446 devorando
1696 420 1890 449 consume.
1918 412 2086 452 Balaeus

1126 465 1288 506 Centur.
1314 467 1375 505 lv,
1400 468 1462 506 ⁶23.
1489 470 1644 507 pitseus
1665 481 1698 508 c.
1731 470 1822 509 366.

1178 527 1352 566 ,lacobus
1381 527 1427 566 cle
1456 530 1613 573 SlssvA.
1638 541 1686 568 ex
1711 531 1835 570 Gallia
1862 533 2089 574 Narbonen-

1126 590 1189 635 si,
1221 590 1362 627 Doctor
1398 591 1553 628 Jurium
1589 594 1630 627 et
1672 591 1932 641 Advocalus‚
1979 596 2088 635 initio

1124 650 1354 688 schismatis
1379 661 1414 688 a.
1448 649 1560 688 1377.
1596 650 1795 690 Urbanum
1831 655 1889 692 Vl.
1921 662 2088 695 secutus

1122 714 1208 753 est,
1242 715 1281 748 et
1312 712 1348 748 in
1379 712 1545 761 gratiam
1578 712 1682 749 illius
1713 712 1880 751 Factum
1911 716 1959 753 ad
1990 718 2091 756 Aca-

1123 769 1295 809 demiam
1320 773 1582 809 Par-islensem
1616 774 1738 810 misit.
1769 775 1884 812 Plura
1904 776 2088 816 Oudinus

1120 835 1227 869 tomo
1253 833 1320 870 lll.
1343 844 1379 883 p.
1408 833 1524 871 41195.

1179 893 1503 932 SEVERIANUS
1529 893 1678 932 lthetor
1699 922 1708 939 ,
1729 895 1821 934 vide
1846 908 1967 948 supra
1984 928 1993 944 ,
2021 901 2091 938 Ju-

1130 949 1207 990 lius
1230 953 1488 992 Severianus.

1179 1014 1458 1053 SEVERINUS
1475 1045 1484 1063 ,
1509 1016 1710 1056 Romanus
1731 1047 1738 1063 ‚
1781 1020 1938 1058 Labieni
1984 1021 2090 1060 filius

1125 1074 1169 1111 R.
1204 1076 1248 1112 E.
1288 1076 1540 1124 Cardinalis‚
1573 1084 1661 1126 post
1691 1080 1883 1118 Summus
1910 1083 2090 1121 Pontifex

1125 1136 1227 1174 circa
1249 1147 1284 1175 a.
1316 1138 1406 1175 638.
1436 1148 1532 1175 suae
1563 1138 1651 1177 fidei
1684 1141 2002 1190 explanationem
2036 1144 2091 1181 sa-

1124 1201 1228 1235 etam
1263 1209 1282 1236 a
1325 1199 1460 1248 Sergio
1499 1200 1939 1251 Constantinopolitano
1973 1205 2092 1254 Epis-

1125 1269 1223 1308 copo
1249 1259 1449 1297 haeretico
1476 1262 1732 1310 reprobavit,
1758 1268 1797 1300 et
1821 1269 1957 1302 contra
1985 1266 2091 1303 illam

1125 1322 1296 1368 scripsit.
1334 1321 1436 1358 llaec
1473 1320 1666 1359 Oldoinus
1701 1323 1739 1360 in
1779 1324 1984 1363 Athenaeo
2016 1326 2089 1363 lto-

1127 1391 1243 1417 mano
1274 1392 1310 1429 p.
1334 1381 1427 1418 602.

1180 1442 1462 1480 SEVERINCS
1511 1441 1710 1490 Calchas,
1757 1445 2088 1495 Mediolanensis‚

1126 1502 1259 1541 Abbas
1284 1504 1574 1541 canonicorum
1594 1504 1848 1552 Regularium
1870 1507 2091 1547 Placentiae

1125 1563 1220 1602 obiit
1244 1575 1277 1602 a.
1308 1564 1421 1601 4496.
1445 1564 1611 1614 Scripsit
1634 1563 1680 1602 cle
1722 1565 1816 1603 Vitis
1848 1568 2087 1606 Sanctorum

1126 1623 1426 1676 illustriumque
1451 1637 1506 1664 επ
1532 1625 1678 1664 Ordine
1701 1626 1900 1666 Canonico
1930 1627 1993 1666 lib.
2025 1630 2045 1667 1
2053 1631 2092 1672 V,

1125 1688 1218 1736 quia
1241 1686 1413 1737 andediti
1435 1688 1544 1734 sint,
1571 1698 1647 1724 non
1674 1687 1799 1726 habeo
1823 1696 2087 1740 compertum.

1124 1748 1266 1787 Celsus
1305 1748 1354 1787 de
1387 1749 1544 1786 Rosinis
1588 1750 1625 1786 in
1660 1750 1790 1798 Lyceo
1832 1751 2088 1790 Lateranensi

1123 1814 1224 1859 part.
1248 1810 1295 1848 ll·
1320 1821 1406 1860 pag.
1436 1811 1528 1848 269.

1176 1872 1463 1910 SEVERINUS
1496 1871 1795 1920 Cracoviensis,
1824 1874 1886 1911 Ex
1909 1874 2088 1923 Judeus,

1121 1933 1213 1970 Ord.
1248 1934 1593 1979 Praedicatorum‚
1627 1934 1863 1983 Theologiae
1902 1937 2088 1985 Magister

1122 1999 1162 2032 et
1192 1995 1484 2044 Ecclesiastes,
1524 1995 1798 2045 Augustinum
1836 2000 1877 2033 et
1912 1995 2090 2046 Aquina-

1123 2061 1202 2095 tem
1231 2058 1422 2097 memoria
1443 2062 1471 2095 t.»
1487 2058 1717 2104 nuit,vixit
1736 2057 1832 2106 {seo
1859 2059 1947 2095 XIV
1969 2062 2009 2096 et
2034 2059 2091 2096 in-

1122 2121 1252 2168 gentia
1275 2120 1475 2157 volumina
1493 2119 1532 2156 in
1549 2129 1762 2157 sacrorum
1781 2118 2089 2168 Evanyelz'orum

1124 2178 1374 2217 harmoniam
1403 2179 1666 2217 elucubravit.
1697 2180 1833 2228 Elogia
1863 2180 1951 2229 ejus
1996 2180 2089 2219 vide

1122 2240 1225 2291 apud
1246 2242 1437 2278 Bzovium
1463 2240 1509 2278 ad
1536 2251 1687 2278 annum
1715 2241 1830 2278 ⁴398.
1858 2253 1968 2280 num.
1997 2244 2061 2280 ⁴3.

1177 2302 1463 2340 SEVERlNUS
1485 2300 1531 2338 de
1552 2299 1820 2350 Pedepennis,
1841 2302 2088 2349 Bitontinus,

1123 2363 1344 2402 monachus
1370 2361 1654 2400 Benedictinus
1671 2389 1681 2407 ‚
1699 2371 1779 2398 sec.
1799 2361 1870 2398 XV
1901 2364 1966 2410 qui
1987 2363 2089 2400 mul-

1123 2430 1209 2463 tum
1242 2426 1277 2462 in
1309 2421 1644 2473 recognoscendis
1675 2421 1848 2458 homiliis
1878 2423 2088 2471 Crysosto-

1122 2487 1174 2524 mi
1206 2487 1243 2523 in
1266 2484 1509 2523 Matthaeum
1543 2482 1772 2530 insudavit,
1805 2487 1907 2519 teste
1938 2483 2087 2521 Thoma

1120 2547 1312 2585 Januensi
1353 2546 1401 2583 de
1443 2545 1636 2582 Valerano
1668 2545 1704 2580 in
1750 2543 1992 2591 praefatione
2036 2544 2086 2582 ad

1121 2607 1334 2644 editionem
1363 2606 1519 2644 illarum
1545 2605 1867 2652 antiquissimam
1895 2605 1931 2640 in
1952 2605 2087 2642 biblio-

1123 2669 1238 2706 theca
1266 2667 1491 2705 monasterii
1519 2665 1730 2703 Fal-sensis.
1757 2663 1853 2702 Vide
1875 2665 2084 2703 Mabillonii

1122 2729 1201 2767 lter
1225 2730 1406 2767 Italicum
1435 2740 1520 2777 pag.
1553 2725 1638 2765 ila.

1175 2790 1406 2829 SEvsssslxl
1439 2789 1602 2827 Abbatis
1633 2787 1845 2825 Sermones
1884 2786 1923 2824 in
1952 2785 2090 2825 Natali

1124 2853 1192 2891 SS.
1221 2851 1491 2890 Innocentium
1539 2852 1575 2887 in
1616 2849 1714 2887 Bibl.
1754 2848 2086 2898 Sangermanensi

1124 2919 1317 2953 memorat
1342 2915 1533 2962 Cangius.

1175 2974 1484 3019 SEVERlNUS,
1521 2974 1694 3010 incertae
1733 2971 1876 3008 aetatis
1915 2974 1955 3006 et
1979 2969 2087 3008 sedis

1117 3037 1362 3086 Episcopus,
1394 3035 1670 3073 Colonienscm
1704 3032 1826 3069 fuisse
1857 3030 2085 3081 conjectura

1122 3103 1184 3135 est
1201 3099 1295 3135 Rev.
1314 3095 1683 3144 Pezii.Opusc-uluin
1705 3094 1792 3140 ejus
1814 3094 1981 3141 exiguae
2005 3103 2086 3130 mo·

1123 3160 1197 3206 lis,
1223 3158 1327 3207 quod
1358 3156 1582 3194 Doctri'nam
1609 3155 1838 3203 inscripsit,
1865 3153 1928 3190 vel
1956 3153 2086 3192 utCo·

1122 3220 1196 3258 dex
1226 3223 1392 3257 monast.
1435 3218 1664 3255 llil-ariensis
1690 3219 1726 3252 in
1755 3216 1918 3253 Austri-a
1942 3214 2085 3260 habet,

1126 3281 1314 3318 Doctrina
1344 3278 1390 3317 de
1427 3277 1655 3329 Sapientia,
1686 3275 1837 3314 editum
1866 3280 1929 3314 est
1957 3277 2085 3325 primo
