2533 4009
440 287 493 325 92
1007 250 1011 251 ⁷
1169 264 1730 307 NEBItlSSENSIS

446 358 493 395 lis
535 359 697 394 auctum
746 345 1020 388 Nebrissensis
1065 343 1148 391 ipse
1189 340 1368 390 yulgavit
1392 370 1402 385 ‚

443 417 684 457 editionibus
708 416 841 449 autem
866 406 1046 458 pluribus
1067 407 1154 453 post
1177 401 1282 440 illius
1304 411 1405 438 mor-

445 486 524 518 tem
556 477 734 527 repetitis
764 476 803 509 et
833 471 853 508 a
885 465 1167 507 Nic.›Antonio
1198 474 1283 513 pag.
1317 461 1403 501 407.

446 539 675 580 memoratis
714 531 895 572 addenda
943 528 1104 570 melior,
1135 535 1326 575 expressa
1356 535 1404 561 ex

445 599 670 642 Madritensi
688 627 697 643 ,
730 601 770 633 et
814 593 936 632 variis
976 602 1053 628 non
1099 585 1406 627 contemnendis

445 647 680 711 locupletata
724 653 1054 698 accessionibus,
1087 652 1124 688 in
1154 650 1285 688 lucem
1316 647 1407 686 data

446 722 627 773 Lugduni
654 717 768 758 4683.
802 717 863 755 fol.
896 715 944 753 de
975 724 1053 764 quo
1083 713 1183 751 Acta
1220 709 1342 749 Erud.
1367 709 1410 746 il-

447 787 523 823 lius
547 784 639 822 anni
666 793 752 832 pag.
780 780 872 818 225.
890 775 1103 816 Tironibus
1139 773 1264 823 magis
1289 781 1408 821 quam

445 843 764 897 provectioribus
790 841 886 879 utile
912 839 983 877 hoc
1011 837 1180 875 Lexicon
1209 837 1319 871 notat
1349 831 1412 868 Vi-

448 918 520 946 ves
544 906 607 946 lib.
630 906 664 944 3.
686 905 735 943 de
757 901 963 942 tradendis
984 897 1208 947 disciplinis
1230 905 1317 944 pag.
1334 892 1411 930 296

448 980 517 1021 pro
546 969 609 1007 illa
642 973 774 1006 tamen
803 968 934 1004 aetate
973 961 1021 999 de
1058 957 1256 996 industria
1281 958 1322 991 et
1346 953 1413 991 do-

448 1032 575 1071 ctrina
597 1030 773 1068 auctoris
797 1025 936 1063 testari
962 1022 1060 1060 satis
1081 1021 1227 1069 potest.

503 1091 564 1131 De
583 1102 673 1130 asse
693 1120 700 1137 ,
728 1091 863 1127 Latine
888 1090 929 1123 et
953 1080 1191 1132 llispaniee,
1215 1075 1263 1114 ad
1289 1075 1417 1114 Elisa-

453 1155 615 1195 betham
647 1152 852 1200 Reginam.

504 1214 560 1252 De
586 1208 803 1251 Sestertiz's.

505 1276 560 1314 De
572 1272 793 1324 Diqt'torum
802 1264 1093 1319 supputatione.
1103 1262 1300 1300 Granatae
1314 1260 1327 1297 4
1339 1257 1417 1297 535

509 1334 750 1387 Eleyaiizi'as
789 1326 1068 1370 Romanzadas
1084 1356 1094 1373 ‚
1137 1335 1186 1362 ex
1225 1320 1417 1372 Stephani

453 1402 569 1442 Flisci
596 1389 1133 1449 synonymisAntiquariae
1159 1384 1277 1424 4586.
1302 1384 1337 1420 4.
1361 1387 1419 1420 te-

455 1468 515 1502 ste
541 1463 622 1500 Nic.
648 1458 834 1498 Antonio.

511 1522 685 1564 Leaez'con
708 1514 1064 1558 Latino-Gallicum
1084 1510 1193 1551 Paris
1218 1508 1333 1548 4523.
1354 1506 1421 1544 Di-

457 1584 698 1625 etionari'um
731 1579 930 1630 trile'nque.
954 1575 1080 1615 Gadd.

516 1649 571 1686 De
595 1644 731 1684 liberis
756 1639 986 1681 educandis.

520 1706 758 1749 Collationes
782 1701 1072 1753 Antiquitatum
1094 1697 1142 1736 ad
1164 1698 1356 1735 Joannem
1378 1692 1426 1730 de

465 1775 664 1818 Fonseca,
700 1767 949 1806 Palentinum
993 1762 1260 1812 Episcopum,
1299 1755 1427 1794 editae

467 1833 625 1883 llispali.

520 1892 815 1947 Etymoloqicon
830 1921 839 1938 ‚
867 1900 944 1927 non
967 1886 1120 1925 editum
1142 1887 1187 1922 ut
1211 1880 1385 1919 videtur.

521 1957 633 1997 Artis
668 1952 903 1995 Rhetoricae
929 1945 1211 1998 compendiosa
1236 1941 1430 1991 coaptatio

470 2033 517 2060 ex
536 2016 761 2061 Aristotele,
778 2014 970 2052 Cicerone
987 2014 1027 2047 et
1042 2005 1296 2054 Quintiliano.
1317 2003 1431 2043 Com-

471 2082 568 2133 pluti
597 2079 712 2118 4529.
739 2077 775 2114 8.
800 2076 998 2114 Granatae
1020 2070 1136 2109 4583.

524 2141 648 2181 Index
677 2139 891 2177 verborum
923 2138 1106 2171 veterum
1129 2134 1169 2168 et
1190 2139 1276 2167 raro
1312 2127 1434 2166 usita-

472 2212 602 2244 torum
625 2200 728 2252 apud
752 2197 987 2242 Terentium,
1005 2194 1143 2233 ordine
1165 2190 1433 2241 Alphabetico,

474 2277 552 2306 una
574 2276 664 2303 curn
687 2261 932 2306 dictionario,
954 2257 1017 2296 cui
1033 2252 1305 2302 etiamjuncta
1323 2260 1435 2300 prae-

475 2335 535 2367 ter
560 2324 761 2365 Valerium
785 2319 958 2360 Probum
979 2318 1028 2357 de
1053 2318 1156 2355 notis
1180 2315 1434 2362 antiquarum

476 2392 698 2431 litterarum
720 2416 727 2435 ‚
763 2382 890 2424 Verba
918 2384 1058 2431 Lequm
1082 2378 1166 2417 XII.
1193 2373 1436 2414 Tabularum

477 2465 524 2492 ex
548 2450 710 2501 Aymari
729 2446 884 2486 Rivallii
908 2443 1130 2492 Allobrogis
1148 2438 1311 2477 historia
1330 2435 1436 2473 Juris

479 2514 629 2554 Civilis.

532 2574 760 2625 Ecphrases
794 2571 832 2608 in
878 2565 1084 2618 Virqt'lium
1105 2594 1113 2612 ,
1137 2563 1184 2602 ad
1224 2570 1322 2600 usus
1351 2559 1444 2596 tiro-

481 2648 589 2676 num.
622 2636 820 2673 Granatae
852 2631 966 2671 4546.
998 2629 1033 2667 [ι.

537 2701 579 2738 In
615 2696 794 2737 Persium
818 2687 952 2733 Paris.
997 2688 1111 2730 4527.
1147 2689 1182 2725 8.
1218 2685 1321 2736 apud
1351 2683 1446 2722 Rob.

484 2760 731 2810 Stephanum
757 2762 792 2794 et
818 2754 998 2794 Lucronii
1027 2751 1142 2791 4529.
1165 2750 1201 2787 8.

538 2825 580 2861 ln
621 2817 882 2864 «Iuvenalem,
907 2818 944 2853 in
981 2814 1208 2852 obscuriora
1243 2807 1379 2855 Plinii,
1406 2807 1443 2844 in

486 2884 697 2923 Aratorem
715 2913 724 2929 ,
751 2879 922 2918 necdum
940 2880 984 2915 ut
1009 2880 1103 2925 puto
1127 2873 1243 2911 edita.

540 2948 582 2985 ln
609 2941 814 2982 Prudentia·
847 2940 1020 2989 hymnos
1044 2937 1129 2974 sive
1158 2935 1300 2972 librum
1331 2928 1448 2967 καθι-

486 2998 637 3060 μερινῶν
681 3010 720 3045 et
765 3007 801 3042 in
850 2998 1199 3052 Psyehomachiam
1219 3025 1227 3041 ‚
1267 2993 1446 3032 Lucronii

495 3071 609 3110 4542.
638 3070 671 3107 4.
697 3071 737 3106 et
756 3066 813 3104 Jo.
841 3061 1030 3104 Sichardo
1063 3060 1297 3097 recensente
1330 3053 1446 3092 Basil.

492 3133 606 3172 4540.
638 3130 673 3169 8.
699 3134 739 3168 et
765 3131 800 3166 in
834 3125 1047 3166 prudentio
1074 3121 1236 3160 Joannis
1262 3116 1448 3164 Weitzii,

493 3195 650 3232 Ranov.
675 3192 788 3230 4643.
806 3189 842 3227 8.

555 3332 587 3370 a)
601 3331 738 3362 Alvarus
754 3330 925 3360 Gornesius
942 3326 981 3358 de
998 3327 1064 3357 vita
1085 3324 1227 3355 Ximenii
1245 3321 1301 3352 lib.
1318 3320 1348 3351 Ξ).
1362 3327 1393 3358 p.
1409 3316 1460 3347 43.

555 3383 583 3418 ιζ
608 3383 676 3413 Nic.
698 3381 862 3410 Antonius
880 3386 911 3416 p.
936 3375 1002 3407 109.
1025 3373 1216 3405 lmbonatus
1239 3369 1321 3401 mbl.
1344 3368 1459 3398 Latino

1532 332 1687 374 Sedulii
1701 344 1801 383 opus
1821 333 2008 375 Pasehale
2031 340 2072 375 et
2093 337 2131 374 in
2159 333 2253 373 illud
2275 343 2435 372 enarra-

1479 398 1618 434 tiones.
1642 394 1840 445 Compluti
1863 396 1976 436 4524.
2004 399 2039 436 4.
2062 403 2103 436 et
2127 396 2243 436 Basil.
2267 395 2362 434 4544
2394 395 2431 432 8.

1479 469 1569 497 cum
1592 459 1784 495 juvenco:

1533 521 1739 569 Seqmenta
1764 529 1819 556 επ
1844 517 2027 568 Epistolis
2050 521 2183 568 Pauli,
2216 519 2319 558 Petri
2339 547 2348 566 ,
2371 521 2435 557 Ja-

1481 580 1591 627 cobi,
1621 579 1784 618 Joannis
1809 583 1848 616 et
1874 590 1923 617 ex
1946 580 2149 630 Prophetis
2178 579 2343 631 legenda
2373 590 2442 630 per

1485 643 1575 680 anni
1616 641 1821 680 circulum.
1861 640 2071 679 Orationes
2099 644 2184 681 sive
2225 652 2364 692 preces
2400 645 2441 680 et.

1484 702 1632 754 Hymm'
1648 714 1739 741 eum
1764 702 2009 752 expositione
2029 729 2036 748 ‚
2054 702 2244 743 Homiliae
2264 704 2443 742 diverso·

1485 775 1573 802 rum
1604 763 1822 802 Auctor-um
1856 763 1894 801 in
1923 761 2140 812 Evanqelz'a
2168 775 2236 814 per
2277 775 2441 804 annum.

1486 825 1683 862 Granatae
1706 825 1820 863 4544.
1854 825 1889 861 lt.

1541 884 1898 933 SanccomnActa,
1918 886 2003 923 sive
2020 886 2126 923 Vztae
2142 886 2335 935 quaedam
2353 898 2445 926 cum

1493 945 1762 985 additionibus
1784 946 2080 997 marginalibus.
2104 947 2285 986 Lucronii
2306 949 2421 989 4527.

1544 1006 1737 1045 Homiliae
1770 1011 1851 1045 tres
1879 1007 1927 1045 ad
1953 1009 2131 1047 Juvenes
2155 1007 2203 1047 de
2228 1010 2344 1048 vinea
2373 1012 2450 1060 spi-

1490 1069 1649 1117 rituali,
1684 1073 1817 1107 exstat
1841 1069 1878 1107 in
1905 1068 2298 1120 Orthodoxographis
2326 1072 2442 1110 Basil.

1500 1131 1612 1169 4569.
1646 1131 1707 1169 fol.
1730 1141 1816 1181 pag.
1849 1131 1964 1170 4934.

1733 1192 1790 1230 De
1820 1191 1962 1231 litteris
1991 1191 2214 1232 Hebraicis.

1548 1253 1857 1305 Quz'nquaqenas
1880 1256 1960 1292 tres
1984 1253 2157 1293 locorum
2182 1266 2326 1294 sacrae
2344 1257 2452 1296 Scri-

1488 1318 1640 1366 pturae
1661 1327 1737 1353 uon
1755 1314 1979 1366 vulyaritar
1994 1319 2278 1355 enarratorum
2296 1328 2454 1368 compo-

1495 1379 1575 1416 suit
1604 1377 1905 1424 NebrissensiS,
1935 1388 2026 1415 eum
2052 1378 2075 1415 a
2099 1377 2298 1417 Cardinali
2326 1379 2456 1418 Xime-

1497 1441 1559 1477 nio
1598 1443 1806 1489 cooptatus
1836 1443 1945 1476 esset
1985 1439 2087 1477 inter
2120 1451 2188 1478 eos
2226 1441 2293 1490 qui
2322 1440 2455 1480 Bibliis

1498 1500 1854 1551 Complutensibus
1885 1501 1922 1537 in
1954 1500 2083 1539 lucem
2108 1501 2273 1540 edendis
2296 1513 2455 1553 operam

1500 1574 1613 1601 suam
1642 1563 1893 1601 addixissent
1914 1572 2005 1601 cum
2031 1563 2228 1602 Demetrio
2244 1565 2348 1603 Luca
2367 1563 2458 1603 Cre-

1501 1625 1603 1663 tensi
1625 1656 1635 1673 ,
1663 1623 1805 1663 Didaco
1832 1624 1974 1674 Lepide
1997 1625 2177 1672 Stuniea,
2210 1625 2456 1665 Ferdinando

1502 1687 1626 1725 Nonio
1648 1687 1831 1725 Pinciano
1847 1717 1857 1734 ,
1876 1686 2043 1736 aliisqne
2061 1699 2070 1724 :
2090 1687 2158 1726 secl
2176 1687 2458 1739 quinquaqena

1505 1748 1622 1787 tertia
1645 1753 1800 1786 tantum
1823 1748 1953 1786 lucem
1973 1747 2082 1797 vidit,
2104 1759 2224 1787 voees
2246 1749 2459 1789 Sacrarum

1507 1810 1726 1849 litterarum
1751 1811 2040 1860 quinquaginta
2077 1810 2232 1850 erudite
2256 1811 2461 1850 illustrans

1504 1873 1640 1912 ordine
1665 1872 1936 1922 Alphabetieo.
1974 1872 2094 1910 Paris.
2131 1873 2247 1912 4520.
2279 1873 2313 1911 4.
2344 1873 2463 1912 Basil.

1506 1935 1618 1975 4543.
1643 1935 1678 1972 8.
1698 1939 1737 1972 ot
1757 1945 1848 1972 eum
1865 1933 2005 1982 Angeli
2024 1934 2176 1972 Caninii
2194 1934 2289 1973 locis
2305 1934 2465 1973 Hebrai-

1504 2000 1561 2036 cis
1590 1997 1685 2037 Novi
1714 1997 1823 2034 Test.
1846 1994 2107 2046 Antwerpiae
2130 1996 2244 2036 4600.
2269 1997 2304 2035 8.
2329 2007 2466 2036 recen-

1506 2064 1619 2099 sente
1637 2060 1715 2098 Gas
1726 2069 1817 2108 pare
1834 2057 2004 2106 Bellero,
2020 2059 2087 2107 qui
2107 2062 2148 2097 et
2170 2058 2357 2109 Gasparis
2373 2059 2470 2098 Var-

1510 2123 1599 2161 rerii
1625 2121 1948 2159 dissertationem
1976 2119 2023 2157 de
2049 2119 2194 2170 Ophira
2219 2121 2376 2171 regione
2400 2119 2467 2159 ad-

1509 2186 1646 2225 iunxit.
1665 2184 1816 2221 Rccusa
1842 2186 1903 2220 est
1925 2181 2023 2220 haec
2043 2182 2339 2233 quinquagena,
2361 2183 2465 2221 sicut.

1509 2247 1661 2287 Caninii
1687 2249 1727 2283 et
1751 2245 1920 2282 Varrerii
1946 2243 2026 2295 jam
2066 2244 2195 2283 dictae
2230 2243 2470 2283 lucubratio-

1513 2320 1583 2346 nes
1607 2318 1764 2358 quoque
1787 2308 1823 2344 in
1850 2306 2006 2345 Criticis
2039 2307 2164 2345 sacris
2198 2306 2338 2357 Anglis
2368 2307 2468 2344 Lon-

1511 2370 1591 2408 dini
1611 2399 1619 2416 ,
1645 2368 1890 2407 Francofurti
1916 2371 1956 2406 et
1976 2367 2264 2407 Amstelodami
2288 2367 2468 2414 excusis,

1514 2438 1619 2470 tomo
1649 2435 1800 2469 octavo.
1835 2430 2122 2481 Quinquagena
2166 2431 2292 2480 prima
2328 2432 2369 2468 et
2407 2439 2471 2466 se-

1517 2493 1646 2532 cunda
1671 2502 1886 2542 suppressa
1909 2496 1972 2530 est
1993 2504 2062 2543 per
2084 2502 2296 2531 censuram
2334 2489 2467 2529 Didaei

1519 2556 1669 2601 Dezae,
1710 2553 1954 2591 Dominicani
1974 2582 1982 2602 ,
2020 2554 2204 2604 Episcopi
2250 2552 2441 2592 Palentini
2461 2579 2469 2599 ,

1518 2618 1584 2668 qui
1609 2620 1704 2654 tunc
1726 2615 2002 2664 Inquisitorem
2026 2615 2247 2653 haereticae
2263 2613 2471 2665 pravitatis

1522 2681 1559 2717 in
1586 2677 1766 2728 llispania
1788 2677 1954 2726 agebat,
1979 2681 2115 2726 postea
2139 2675 2471 2726 Archiepiscopus

1521 2740 1775 2790 Hispalensis.
1801 2736 2003 2786 Siquidem
2037 2742 2079 2775 ut
2103 2738 2125 2774 a
2156 2735 2406 2774 Nebrissensi
2432 2747 2470 2773 in

1520 2801 1698 2854 apologia
1721 2799 1774 2837 ad
1797 2798 2012 2839 Xz'meeu'um
2034 2801 2067 2846 a)
2086 2798 2278 2848 seriptum
2300 2802 2387 2845 est,
2409 2795 2473 2835 bo-

1521 2875 1596 2902 uus
1618 2862 1680 2901 ille
1702 2860 1872 2901 Praesul
1893 2861 1931 2899 in
1955 2863 2033 2898 tota
2057 2863 2284 2911 quaestione
2315 2869 2391 2898 sua
2415 2858 2474 2896 ni-

1523 2924 1578 2963 hil
1596 2924 1722 2974 massis
1747 2920 1982 2970 laborabat,
2003 2932 2123 2973 quam
2145 2923 2190 2959 ut
2207 2919 2382 2959 duarum
2402 2918 2474 2958 lm-

1518 2998 1694 3038 9uarum
1717 2986 1941 3034 (llcbraicae
1965 2988 2005 3021 et
2028 2984 2212 3032 Graecae)
2242 2994 2298 3022 eac
2330 2980 2477 3033 quibus

1521 3048 1657 3099 reliqio
1678 3051 1816 3086 nostra
1833 3045 2001 3098 pendet,
2032 3056 2156 3097 neque
2193 3043 2317 3083 ullum
2355 3043 2472 3083 vesti—

1521 3111 1630 3162 qz'um
1660 3109 1980 3161 relinqueretur,
2006 3119 2082 3159 per
2117 3105 2224 3158 quod
2256 3105 2311 3144 ad
2343 3104 2476 3157 diqno-

1525 3171 1708 3212 scendam
1734 3171 1772 3210 in
1795 3170 1915 3210 rebus
1937 3169 2069 3210 dubiis.
2093 3167 2365 3208 certitudinem
2384 3178 2478 3220 per—

1521 3314 1616 3345 nebr.
1641 3322 1671 3353 p.
1693 3312 1766 3344 515.
