2517 4009
847 274 1231 314 OSBERTUS

60 355 135 384 res.
165 342 364 383 Mz‘racula
391 343 508 393 Reyts
534 347 570 381 et
592 346 784 396 martyris
813 345 1013 384 Eadmun—

58 406 110 446 di.
129 406 247 457 incip.
267 405 367 445 Cum
389 403 598 444 laureatus
619 406 715 444 DEI
729 412 888 459 martyr
907 406 1013 446 Ead-

57 467 241 507 mundus.
277 465 544 519 Epistularum
582 467 629 506 ad
671 468 878 515 diversos,
923 469 1011 508 reli-

57 541 255 582 giosarum
285 534 326 567 et
369 529 622 569 familiarium
669 530 746 570 duo
790 531 1009 570 Volumina.

55 593 116 632 Ex
145 591 208 630 his
238 595 479 630 memoratur
524 604 602 631 una
648 592 696 631 ad
728 594 770 631 D.
802 592 1010 632 Adelidem

57 653 336 705 Berkingensis
365 653 551 692 Coenobii
582 654 835 693 Abbatissam
873 655 922 694 de
952 666 1013 693 ar—

58 720 211 755 matura
253 716 486 755 Castitatis:
518 720 558 754 et
587 716 661 755 alia
699 716 748 755 ad
796 718 1009 755 Henricum

58 778 380 817 Wintoniensem
402 778 655 829 Episcopum,
676 779 925 830 Apostolicae
950 790 1012 817 se—

57 839 120 880 dis
143 841 334 892 Legatum
364 840 413 880 de
441 842 712 880 canonizando
733 843 836 893 Rege
859 842 1011 882 Eduar-

57 902 108 942 do
125 931 134 951 ,
162 914 281 954 quem
307 904 458 942 sanctis
477 902 639 942 demum
657 904 900 955 adscriptum
917 916 1010 943 con-

57 969 140 1004 stat
166 965 214 1004 A.
243 966 358 1005 4464.
389 966 486 1005 Vide
515 966 628 1004 Laur.
659 966 818 1006 Surium
848 972 888 1006 et
911 967 1007 1006 Acta

59 1028 247 1068 Sanctor.
269 1029 313 1067 V.
344 1030 506 1067 Januar.
552 1030 750 1067 Laurentii
794 1029 1005 1069 Cherubini

58 1090 274 1130 bullarium
304 1095 400 1129 tom.
433 1093 447 1130 4
485 1102 570 1142 pag.
600 1090 664 1129 67.
693 1090 905 1130 Alexandri
944 1091 1011 1131 111.

57 1154 278 1206 Epistulam
308 1155 465 1192 tertiam
499 1154 536 1191 in
567 1153 836 1193 Conciliorum
867 1156 1010 1192 tomis:

63 1221 105 1256 et
130 1219 169 1255 in
198 1217 416 1268 appendice
446 1216 560 1254 tertia
590 1215 808 1265 Epistolam
840 1217 900 1255 47.

111 1279 371 1319 OSBERTUS
411 1279 498 1316 sive
528 1277 820 1326 OTBERTUS,
856 1280 1013 1318 natione

58 1342 239 1394 AngluS,
269 1341 495 1392 Theologus
526 1339 790 1385 Parisiensis‚
820 1342 1014 1380 Carmeli-

57 1410 122 1454 ta,
151 1406 174 1444 a
201 1405 349 1455 Gangio
388 1403 563 1442 refertur
602 1401 649 1441 ad
692 1403 738 1441 A.
770 1404 885 1442 4340.
917 1415 1015 1454 quo-

59 1469 165 1506 niam
194 1467 439 1512 Trithemius
467 1476 553 1516 cap.
596 1465 686 1504 599.
716 1465 827 1504 illum
866 1477 1016 1504 memo-

58 1534 120 1568 rat
148 1531 251 1568 inter
279 1530 492 1580 scriptores
520 1528 586 1578 qui
613 1527 677 1565 illo
701 1532 880 1578 tempore
906 1529 1014 1566 vixe-

62 1597 171 1633 runt.
198 1592 434 1632 Accuratius
462 1596 596 1630 autem
628 1595 789 1641 tempus
819 1593 852 1628 si
884 1593 1015 1642 requi-

60 1667 152 1705 ras,
180 1656 226 1694 A.
258 1654 374 1694 4330.
405 1653 586 1705 sepultus
616 1654 690 1692 fuit
719 1653 823 1703 apud
854 1653 1016 1692 Carme-

59 1718 151 1758 litas
179 1717 358 1757 Londini.
385 1715 445 1755 Ab
474 1716 630 1768 Alegrio
659 1728 694 1767 p.
727 1715 818 1755 373.
846 1716 1014 1766 paradis.

57 1779 295 1820 Carmelitici
325 1779 478 1819 decoris
509 1791 596 1831 pag.
626 1778 712 1819 373.
746 1784 903 1830 praeter
932 1790 1016 1817 rem

59 1843 228 1882 traditur
255 1843 437 1882 floruisse
466 1841 512 1881 A.
545 1842 660 1880 4496.
690 1842 786 1880 Nam
813 1840 917 1879 idem
940 1841 1016 1879 iste

59 1906 135 1945 fuit
163 1916 255 1944 cum
285 1904 516 1944 OSBERTO
547 1903 783 1943 Pichonamo
825 1905 910 1942 sive
950 1903 1014 1941 Pi-

59 1966 314 2020 ekinyhamo,
335 1966 384 2006 de
405 1978 484 2018 quo
507 1970 696 2018 tanquam
719 1966 877 2004 diverso
907 1965 1010 2004 idem

56 2031 240 2082 Alegrius
263 2041 350 2081 pag.
377 2030 467 2068 285.
493 2029 570 2068 Sed
599 2033 641 2068 ut
665 2032 777 2068 aetas
801 2033 842 2067 et
866 2039 1009 2066 nomen

56 2094 261 2145 patriaque
289 2097 330 2132 et
358 2092 576 2144 professio,
608 2093 657 2131 ita
702 2092 848 2141 scripta
891 2091 1009 2129 etiam

56 2156 194 2196 eadem
225 2161 333 2195 sunt.
364 2156 444 2194 Suo
467 2155 575 2193 enim
598 2154 844 2193 Trithemius
874 2154 1011 2192 tribuit

59 2217 373 2259 Commentarios
394 2218 434 2256 in
458 2218 522 2256 IV.
549 2215 672 2256 libros
698 2215 1008 2262 Sententiarum,

55 2280 411 2320 Determinationes
438 2281 596 2328 varias,
625 2283 666 2317 et
694 2279 901 2318 Sermones
917 2309 926 2327 ,
952 2279 1010 2317 Si-

58 2344 204 2383 militer
245 2343 295 2381 de
335 2343 505 2381 Osberto
535 2341 772 2380 Pichonamo
817 2339 1010 2379 Lelandus

56 2417 143 2455 cap.
173 2405 263 2444 349.
294 2403 467 2456 Scripsit
494 2401 727 2452 Quodlibeta
748 2432 757 2449 ,
781 2401 1012 2454 Replicatio-

56 2477 152 2512 nes,
202 2465 485 2515 Quaestiones,
532 2463 885 2503 Determinationes
900 2492 910 2505 ‚
956 2465 1012 2503 De

57 2531 302 2580 conceptione
329 2527 375 2566 B.
408 2526 604 2577 Virqinis‚
635 2526 872 2565 Sermones:
902 2525 1013 2563 deni-

58 2601 136 2641 que
164 2594 206 2628 et
234 2590 273 2627 in
302 2589 559 2636 Sententias,
591 2585 839 2626 elaboratum
884 2598 980 2638 opus
999 2618 1009 2634 ‚

58 2652 273 2692 Adduntur
300 2650 403 2702 apud
434 2650 597 2689 Baleum
641 2650 684 2688 V.
731 2650 790 2687 46.
820 2654 860 2687 et
890 2651 1012 2686 Pitse-

58 2725 172 2754 seum
202 2724 288 2765 pag.
321 2713 412 2751 422.
444 2710 629 2751 Postillae
666 2713 751 2749 sive
780 2713 1013 2749 commenta-

59 2776 116 2816 rii
138 2774 358 2815 Bibliorum
381 2778 390 2825 (
409 2776 447 2814 in
478 2774 597 2814 Biblia
616 2774 625 2821 )
650 2778 690 2813 et
713 2772 760 2811 de
782 2772 896 2811 clara
918 2772 1018 2810 DEI
1041 2819 1048 2825 ⁴

61 2838 223 2880 visione.

112 2901 372 2941 OSBERTUS
405 2897 867 2946 westmonasteriensis,
913 2898 1015 2936 Scri-

61 2969 151 3016 ptor
178 2964 290 3003 Vitae
319 2963 358 3002 S.
388 2963 586 3001 Dunstani
617 2962 654 2999 in
681 2960 791 2999 Actis
835 2962 1014 3000 Sanrinr.

60 3032 89 3066 t.
119 3027 143 3066 2
171 3026 248 3065 Jul.
274 3025 310 3064 li.
337 3035 425 3076 pag.
450 3023 512 3062 67.
537 3022 634 3061 Vide
664 3033 805 3072 supra,
834 3023 1015 3062 0811Ιί11-

60 3088 162 3129 NUS
191 3087 526 3127 Durovernensis.

115 3249 148 3290 a)
172 3248 252 3281 Vide
270 3251 387 3279 Bai-on.
405 3246 445 3278 ad
463 3249 500 3277 Α.
521 3245 595 3278 5Ξ4.
613 3254 648 3277 n.
674 3244 724 3278 17.
748 3247 822 3278 Nic.
841 3246 1021 3276 Antonium

0 3320 1 3340 i
58 3300 118 3333 lib.
142 3300 175 3333 ἱ).
198 3298 281 3331 Bibl.
307 3302 361 3330 vet
385 3299 547 3337 Hispanae
570 3305 644 3336 pag.
668 3294 739 3327 105.

115 3349 152 3389 b)
180 3347 371 3381 Tiiiemont.
394 3351 471 3378 torn.
510 3348 565 3377 Vi.
588 3353 762 3377 memoror.
799 3344 876 3375 bist.
898 3342 1020 3373 Kenios.

53 3407 132 3441 paz.
157 3399 230 3431 263.

1967 277 2029 316 174

1138 347 1426 393 OSBURNUS,
1459 358 1581 397 supra
1612 347 1885 386 OSBERNUS.

1136 408 1395 449 OSFERTUS
1410 441 1420 457 ‚
1448 410 1546 447 infra
1570 410 1834 449 OSTFORUS.

1136 472 1280 511 osius
1325 474 1412 510 sive
1459 473 1662 519 llOSlUS,
1693 471 1965 512 Cordubensis
2000 475 2037 512 in

1085 534 1270 584 Hispania
1302 546 1371 585 por
1401 545 1527 572 annos
1558 535 1638 573 fore
1669 537 1922 586 septuaginta
1948 537 2039 586 Epi-

1083 606 1253 646 scopus,
1298 608 1438 647 magna
1484 596 1587 646 apud
1633 597 1940 636 Constantinum
1990 599 2038 636 Μ.

1084 660 1205 708 gratia
1248 663 1288 697 ct
1331 660 1593 707 auctoritate,
1637 661 1698 698 cui
1729 661 1846 697 etiam
1891 660 2040 711 amplc-

1083 720 1317 759 ctendorum
1348 720 1665 759 Christianorum
1709 732 1910 760 sacrorum
1949 733 2040 760 sua·

1084 794 1148 821 sor
1171 785 1324 834 primus
1353 781 1385 833 a)
1418 783 1542 822 fuisse
1575 783 1771 831 traditur,
1808 789 1848 821 et
1893 795 2041 822 memo—

1083 847 1178 884 riam
1200 845 1279 884 Osii
1306 846 1486 884 recolunt
1510 846 1711 884 Ecclesiae
1736 847 1960 885 Orientales
1975 846 2037 885 die

1083 908 1125 945 V.
1151 908 1395 948 Novembris
1418 909 1526 946 Diem
1552 909 1646 947 obiit
1665 911 1892 947 centenario
1917 909 2040 959 major

1081 972 1182 1009 circa
1221 970 1266 1009 A.
1306 971 1392 1010 364.
1419 970 1502 1009 Non
1529 976 1591 1010 est
1626 971 1746 1020 hujus
1784 971 1855 1009 loci
1894 972 2038 1009 reson-e

1080 1043 1181 1083 quae
1214 1032 1263 1071 de
1292 1034 1384 1073 Osio
1415 1034 1514 1072 falsa
1543 1034 1604 1072 vei
1638 1039 1823 1083 suspecta
1855 1034 2036 1073 feruntur

1085 1096 1122 1132 in
1148 1095 1387 1133 adversariis
1415 1094 1640 1146 Luitprandi
1667 1107 1752 1146 pag.
1778 1096 1965 1134 487-490.
1997 1098 2036 1133 in

1088 1158 1260 1196 Faustini
1292 1162 1331 1195 et
1353 1158 1563 1196 Marcellini
1596 1158 1725 1196 libello
1758 1169 1918 1208 precum
1951 1170 2036 1209 pag.

1089 1218 1151 1258 ili·
1177 1230 1258 1270 seq.
1284 1224 1323 1257 et
1347 1219 1449 1270 apud
1475 1220 1667 1259 Isidorum
1693 1231 1774 1271 cap.
1804 1222 1837 1259 4.
1858 1220 1906 1259 de.
1929 1221 1956 1259 S
1992 1222 2036 1259 E.

1086 1282 1149 1319 vel
1173 1292 1275 1331 quae
1302 1283 1406 1320 veris
1435 1283 1613 1332 propiora
1643 1282 1858 1322 traduntur
1889 1285 1924 1321 in
1957 1283 2038 1322 An-

1087 1344 1242 1382 nalibus
1285 1344 1598 1393 Ecclesiasticis,
1642 1349 1761 1394 atque
1791 1346 1839 1383 ab
1869 1346 2038 1384 Arianae

1087 1405 1298 1444 haereseos
1328 1405 1552 1452 historicis,
1582 1406 1650 1445 sed
1683 1412 1723 1444 et
1746 1409 1765 1445 a
1790 1407 2036 1446 Tillemontio

1088 1473 1194 1506 tomo
1224 1469 1392 1518 septimo
1424 1470 1703 1507 memoriarum
1735 1470 1780 1507 ll.
1810 1470 1855 1508 Ε.
1879 1481 1914 1519 p.
1946 1470 2036 1508 300.

1088 1541 1171 1580 seq.
1200 1534 1239 1568 et
1263 1531 1289 1570 ,a
1319 1531 1475 1569 Nicolao
1505 1532 1675 1569 Antonio
1697 1531 1760 1569 lib.
1787 1531 1823 1569 2.
1850 1532 1945 1569 Bibl.
1970 1543 2037 1570 ve-

1088 1594 1185 1631 teris
1216 1594 1409 1644 Hispanae
1451 1604 1534 1644 cap.
1567 1595 1599 1632 4.
1634 1594 1816 1632 Pluribus
1854 1595 2036 1633 Conciliis

1091 1656 1268 1694 interfuit
1297 1655 1441 1694 Osiusr
1473 1656 1712 1694 illiberitano
1731 1685 1740 1703 ,
1773 1655 1970 1702 Romano,
1994 1656 2040 1694 A.

1092 1718 1181 1757 344.
1212 1724 1286 1757 etc.
1318 1720 1486 1757 Nicaeno
1516 1723 1649 1757 autem
1680 1718 1725 1756 A.
1756 1719 1844 1757 325.
1875 1723 1915 1756 et
1953 1719 2042 1757 Sar-

1091 1782 1239 1821 dicensi
1271 1782 1343 1820 An.
1387 1780 1476 1819 3h7.
1520 1782 1638 1819 etiam
1682 1781 1874 1831 praefuit,
1905 1786 2041 1820 auctor

1088 1844 1374 1884 sententiarum
1404 1848 1448 1883 ut
1480 1847 1595 1883 vocat
1623 1843 1827 1889 Isidorus,
1858 1845 1943 1882 sive
1968 1845 2040 1883 Ca-

1086 1919 1234 1946 nonum
1267 1909 1302 1945 in
1334 1918 1379 1944 eo
1408 1906 1671 1945 conditorum.
1704 1905 1812 1944 Idem
1856 1906 2040 1945 Creditur

1084 1975 1226 2009 auctor
1251 1968 1450 2022 Epistulae
1495 1969 1745 2008 Constantini
1788 1969 1834 2006 M.
1882 1970 2039 2007 nomine

1085 2034 1132 2071 A.
1162 2034 1250 2071 321.
1281 2035 1450 2083 scriptae
1481 2031 1528 2071 ad
1558 2030 1724 2074 Arium,
1760 2031 1795 2078 b)
1840 2042 1941 2081 quae
1971 2043 2040 2069 ex-

1085 2100 1165 2134 stat
1207 2095 1310 2146 apud
1354 2095 1555 2133 Gelasium
1586 2094 1650 2132 lii.
1683 2095 1718 2132 4.
1748 2093 1839 2132 hist.
1878 2093 2039 2132 Concilii

1083 2159 1269 2206 Nicaeni,
1299 2163 1339 2196 et
1363 2169 1411 2196 ex
1434 2158 1536 2195 Petri
1561 2157 1696 2195 Morini
1725 2157 1908 2195 versione
1934 2157 2036 2207 apud

1083 2221 1295 2259 Baronium
1326 2219 1372 2258 ad
1404 2219 1450 2258 A.
1481 2219 1570 2257 319.
1602 2219 1637 2269 ξ.
1669 2220 1729 2256 Vi.
1762 2223 1803 2257 et
1847 2219 2039 2257 formulae

1084 2281 1261 2334 Symbola·
1283 2281 1462 2320 Nicaeni.
1490 2283 1524 2330 c)
1556 2281 1662 2319 ldem
1695 2280 1943 2319 Sardicensis
1965 2281 2038 2330 Sy-

1084 2344 1173 2383 nodi
1204 2344 1249 2382 A.
1280 2344 1370 2382 347.
1399 2344 1626 2380 testimonio
1654 2341 1693 2390 d)
1730 2345 1890 2392 propter
1931 2346 2038 2380 aeta-

1085 2412 1164 2445 tem
1194 2411 1235 2445 et
1258 2406 1554 2445 confessionem
1586 2405 1631 2442 A.
1667 2405 1758 2442 304.
1801 2403 1875 2441 sub
1918 2405 2037 2441 Maxi-

1088 2471 1216 2507 miano
1241 2468 1463 2513 Herculeo,
1489 2472 1528 2504 et
1553 2468 1650 2505 tanti
1683 2467 1872 2515 temporis
1902 2465 2038 2514 proba—

1086 2536 1164 2569 tam
1210 2530 1325 2568 iidem
1368 2528 1695 2567 commendatur:
1729 2532 1863 2577 postca
1896 2531 2026 2563 tami-n

1085 2594 1243 2632 Arianis
1271 2593 1395 2630 cessit
1424 2591 1470 2629 ad
1506 2591 1669 2637 horam,
1710 2593 1753 2627 ut
1794 2599 1868 2625 non
1897 2587 2038 2625 distiti·-

1087 2660 1150 2693 tur
1179 2654 1423 2692 Athanasius
1452 2652 1500 2690 de
1525 2652 1613 2701 fuga
1636 2662 1705 2689 sua
1732 2655 1759 2687 t.
1789 2652 1801 2688 i
1835 2661 1919 2700 pag.
1944 2650 2032 2686 702.

1088 2716 1354 2765 Arianamque
1379 2714 1588 2752 formulam
1613 2712 1698 2751 duri
1724 2717 1929 2762 portuosus
1955 2714 2037 2748 mi-

1087 2779 1124 2817 lii
1169 2779 1213 2818 A.
1253 2778 1340 2817 352.
1388 2777 1448 2815 vel
1494 2776 1715 2826 composuit
1750 2776 1857 2824 ipso,
1903 2773 1965 2810 vel
2000 2775 2033 2809 oi

1087 2846 1194 2880 corte
1236 2840 1498 2890 subscripsit,
1543 2848 1645 2889 quae
1688 2837 1830 2885 legitur
1863 2834 1964 2885 apud
1997 2836 2034 2872 S.

1089 2904 1274 2943 llilarium
1297 2902 1392 2941 libro
1421 2901 1469 2939 (le
1499 2899 1671 2950 Synodis
1695 2912 1731 2949 p.
1756 2898 1866 2936 1156.
1892 2897 2036 2934 Erem-

1083 2966 1192 3018 plum
1225 2963 1488 3016 blasphemiae
1515 2961 1625 3014 aput!
1646 2960 1836 3000 Sirmium
1855 2970 1929 3009 per
1953 2959 2037 2996 (isi-

1087 3040 1153 3067 um
1177 3031 1213 3067 et
1234 3026 1455 3065 Potamium
1478 3024 1732 3074 conscriptae.
1776 3022 1830 3059 Ad
1863 3020 2034 3059 Catlwli-

1089 3103 1156 3130 cos
1184 3089 1326 3128 deinde
1355 3088 1609 3126 nihilominus
1640 3084 1753 3123 rediit
1783 3085 1952 3121 iterum.
1979 3088 2036 3120 at-

1144 3250 1175 3285 c)
1199 3248 1243 3279 iii.
1268 3252 1344 3278 tom.
1375 3249 1439 3283 Vll.
1460 3254 1533 3286 ρης.
1560 3244 1632 3275 311.

1143 3300 1177 3336 ii)
1203 3298 1292 3336 Apud
1317 3300 1347 3327 S.
1370 3297 1528 3327 Hilarium
1557 3297 1589 3326 in
1613 3294 1804 3333 fragmentis
1839 3301 1913 3333 pag.
1955 3291 2044 3323 issi.

1083 3349 1162 3380 edit.
1188 3346 1396 3378 aenean-tin.
