2517 4009
726 213 794 251 DE
824 216 861 253 S.
895 213 1221 253 SCRwTUnAE
1253 215 1449 255 EXPON.

91 281 198 332 apud
224 284 379 320 nostros
406 281 519 330 quasi
550 282 724 322 incertus
761 283 953 323 habetur:
992 289 1049 324 ta-

92 353 182 381 men
210 343 301 392 quia
331 342 482 392 priores
511 345 634 382 nostri
664 355 756 383 eum
786 351 946 396 propter
976 348 1051 386 uti-

90 405 242 443 litatem
271 403 474 442 doctrinae
499 403 630 454 legere
659 412 984 456 consueverunt,
1009 413 1049 446 et

87 464 213 504 Judae
240 464 413 504 eundem
438 476 512 502 non
539 466 710 514 habent,
739 468 1048 507 Ecclesiasticus

89 528 124 574 a)
153 526 271 564 etiam
301 525 404 576 apud
432 537 503 564 nos
526 528 758 577 appellatur.
777 529 887 575 Quod
907 529 955 568 de
977 529 1049 569 hoc

90 587 127 626 id
155 588 275 626 etiam
305 587 353 626 de
378 587 475 626 libro
495 590 591 627 Jesu
616 589 682 628 filii
709 590 846 629 Sirach
873 593 1047 639 sentias,

87 649 359 700 oportet‚nisi
378 649 482 699 quod
514 651 545 688 is
574 651 622 689 ab
653 652 839 690 Hebraeis
873 653 910 701 b)
928 658 968 692 et
984 653 1048 691 ha-

86 711 205 750 betur
220 714 261 748 et
292 709 448 761 legitur.
473 712 754 752 Difficillimum
782 714 922 753 librum
948 715 1049 754 beati

85 772 159 812 Job
188 772 432 823 Prophetae,
457 773 506 812 ab
536 774 726 813 omnibus
756 775 957 826 Magistris
981 788 1050 815 au—

87 834 298 873 terioribus
309 835 500 874 intactum
517 835 771 886 Apostolicus
784 841 919 875 noster
931 837 1050 876 GRE—

84 894 272 935 GORlUT
302 896 355 935 ita
384 898 594 948 exposuit,
627 902 670 936 ut
700 908 821 949 super
850 899 1047 937 historiae

85 957 391 997 fundamentum
408 989 419 1007 .-
446 959 682 997 moralitatis
705 965 959 999 construeret
983 972 1047 999 ae-

83 1017 286 1067 dificium,
311 1024 350 1058 et
379 1031 577 1072 anagoges
607 1022 842 1072 imposuerit
870 1022 1043 1061 culmem

84 1081 490 1132 praestantissimum.
518 1082 591 1121 Cui
617 1083 714 1121 libro
740 1087 820 1121 tam
847 1084 971 1123 multa
996 1085 1044 1123 de

81 1142 267 1182 omnibus
289 1143 456 1181 Divinae
480 1143 736 1183 authoritatis
756 1146 915 1196 scriptis
935 1147 1047 1184 testi-

84 1204 220 1242 monia
250 1204 448 1253 intexuit,
479 1209 521 1243 et
551 1206 703 1244 intexta
745 1206 955 1252 dissolvit‚·
1000 1212 1043 1246 ut

82 1264 206 1314 hujus
227 1266 435 1304 occasione
451 1270 570 1304 vetus
585 1270 625 1305 et
640 1277 788 1306 novum
812 1269 1045 1306 Testamen-

79 1331 166 1365 tum
196 1324 381 1365 videatur
410 1328 660 1377 exposuisse.
691 1328 805 1373 Quod
830 1330 863 1367 si
882 1334 1044 1380 propter

80 1387 252 1437 inopiam
293 1388 350 1425 rei
392 1387 621 1436 familiaris,
666 1389 729 1427 vel
774 1390 1039 1429 saecularium

79 1460 213 1489 rerum
242 1450 573 1499 occupationem,
601 1450 665 1488 vel
695 1451 814 1489 etiam
833 1451 964 1500 palatii
982 1462 1047 1490 as-

80 1510 338 1559 siduitatem,
367 1514 409 1548 et
439 1510 601 1549 militiae
632 1510 807 1549 laborem
838 1512 909 1549 tibi
944 1514 1048 1562 aspi-

81 1585 169 1613 rare
201 1581 277 1611 non
309 1572 508 1623 suppetit,
530 1576 600 1611 aut
630 1582 794 1621 vacare,
812 1578 1048 1624 excerptum

81 1635 301 1675 LADKENI
331 1635 365 1682 c)
388 1632 675 1685 Hybernz'ensis
702 1636 878 1686 inquire,
899 1641 939 1675 et
960 1642 1050 1687 post

78 1697 399 1748 explanationem
431 1697 756 1735 testimoniorum
788 1698 826 1735 in
872 1698 1050 1737 medium

79 1758 345 1798 adductorum
365 1787 373 1806 ,
394 1758 492 1796 nihil
517 1758 585 1796 tibi
609 1758 792 1797 invenies
810 1759 858 1798 ad
884 1760 1048 1810 plenum

78 1820 328 1859 intellectum
358 1818 514 1859 deesse.
550 1821 595 1858 In
628 1819 802 1859 diversis
832 1822 952 1860 etiam
993 1822 1047 1860 lo-

76 1883 135 1921 cis
168 1881 330 1920 diversa
360 1885 446 1920 tum
466 1881 656 1930 collecta,
683 1886 768 1921 tum
788 1887 977 1933 excerpta
992 1883 1042 1921 de

79 1944 181 1992 hoc,
211 1947 252 1981 et
280 1943 364 1982 aliis
395 1943 556 1993 scriptis
577 1972 587 1990 ‚
627 1944 658 1982 si
696 1945 954 1994 requisieris,
986 1946 1045 1982 in·

80 2005 217 2043 venire
241 2005 390 2055 poteris
412 2003 461 2042 de
486 2004 632 2055 quibus
648 2009 786 2055 postea
802 2005 969 2044 dicetur.
998 2005 1041 2044 In

78 2066 223 2105 librum
253 2066 398 2104 Tobiae
427 2069 468 2104 et
492 2065 643 2105 Esdrae
669 2067 805 2105 BEDA
832 2067 1044 2117 presbyter

76 2128 207 2179 aliqua
237 2129 398 2179 scripsit
429 2128 555 2178 magis
581 2128 788 2178 jucunda,
819 2139 938 2178 quam
975 2139 1041 2166 ne-

79 2191 279 2239 cessaria,
309 2190 458 2240 quippe
487 2190 555 2239 qui
589 2190 811 2240 simplicem
834 2190 1038 2244 historiam

80 2256 238 2291 vertere
267 2255 437 2290 conatus
461 2256 524 2289 est
550 2252 588 2288 in
610 2252 853 2301 allegoriam.
873 2250 1042 2289 Delibro

76 2313 215 2353 Judith
243 2317 284 2351 et
311 2312 483 2358 Esther,
514 2317 555 2350 et
585 2312 912 2362 Paralipomenon
944 2311 1037 2362 quid

77 2374 205 2412 dicam
227 2404 236 2422 ,
264 2374 287 2411 a
316 2373 464 2423 quibus
483 2401 493 2418 ‚
524 2373 587 2411 vel
626 2374 799 2423 qualiter
836 2384 1040 2424 exponan-

78 2439 167 2483 tur,
192 2445 283 2473 cum
308 2435 428 2472 etiam
456 2435 537 2484 ipsa
565 2435 603 2471 in
628 2435 686 2472 eis
711 2435 841 2473 littera
866 2446 942 2472 non
969 2444 1039 2484 pro

77 2497 336 2543 auctoritate,
358 2495 396 2543 d)
419 2494 488 2534 sed
514 2499 670 2533 tantum
695 2506 764 2544 pro
789 2496 978 2533 memoria
1001 2499 1041 2532 et

78 2557 341 2597 admiratione
371 2554 600 2596 habeatur?
623 2554 728 2593 ldem
754 2554 803 2594 de
827 2556 938 2593 libris
961 2556 1038 2593 Ma-

79 2619 341 2659 chabaeorum
372 2619 567 2669 suspicari
599 2618 760 2668 poteris.

428 2680 593 2720 CAPUT
623 2679 686 2717 IV.

202 2743 372 2793 Quinam
401 2742 492 2780 novi
525 2739 762 2779 Testamenti
788 2738 911 2777 libros

293 2816 347 2843 ea:
372 2802 548 2856 professo
577 2801 829 2852 interpretati

507 2864 607 2903 sint?

132 2931 187 2970 De
219 2939 321 2968 novo
350 2933 484 2968 autem
516 2928 773 2966 Testamento
802 2927 903 2963 scire
921 2924 1037 2962 debe-

133 3061 168 3100 ε)
187 3062 307 3093 Mirum
325 3064 375 3093 est
392 3058 410 3091 a
429 3061 568 3098 Notgero
585 3057 745 3097 distingui
770 3056 1042 3088 ecclesiasticum

79 3118 98 3142 a
113 3110 293 3143 Sirachidis
310 3111 396 3142 libro
409 3134 420 3149 ‚
441 3116 518 3140 nam
539 3109 746 3147 Sapientiam
765 3107 961 3143 Salomonis,
977 3109 1041 3137 Ec-

77 3159 253 3192 clesiastici
272 3161 408 3191 nominc
426 3159 556 3190 venisse
576 3158 685 3187 minus
703 3160 845 3187 constat.

136 3207 172 3247 b)
193 3208 274 3240 Vide
291 3207 374 3240 Bibl.
392 3210 506 3239 Graec.
527 3207 586 3238 ΙΙΙ.
603 3206 655 3237 529.
680 3205 704 3236 l.
725 3209 748 3236 t.
766 3205 786 3234 9.
817 3214 848 3244 p.
865 3205 936 3236 729.
955 3214 1024 3245 seq.

139 3257 172 3296 c)
191 3260 238 3289 Dc
258 3258 320 3290 hoc
340 3256 497 3288 Ladkeno
515 3255 621 3287 altum
638 3254 726 3294 apud
744 3254 826 3286 alios
843 3254 1024 3286 silentium.

138 3305 173 3336 d·
194 3308 311 3338 Nescio
327 3306 493 3347 quomodo
513 3307 573 3336 hor
594 3307 734 3344 potuerit
755 3304 918 3336 affirmare
937 3306 1050 3343 >inige-

2000 223 2076 262 295

1122 287 1207 336 bis,
1235 289 1327 337 quia
1356 289 1448 326 licet
1486 290 1649 327 remotis
1684 290 1838 329 litterae
1876 294 2085 341 grossioris

1125 351 1412 400 integumentis
1443 350 1618 389 lucidum
1650 353 1808 390 cunctis
1850 353 1899 392 ad
1943 355 2085 407 intelli-

1123 411 1296 462 gendum
1331 411 1535 451 videatur:
1568 424 1764 463 nusquam
1813 419 1946 454 tamen
1983 419 2085 467 peri-

1123 473 1297 512 culosius
1325 478 1508 519 erratur,
1539 477 1611 513 nisi
1648 478 1977 517 reverentissima
2010 479 2084 519 hu—

1126 534 1293 572 militate
1323 534 1513 573 discatur.
1542 537 1644 586 Ergo
1671 538 1706 574 in
1724 538 1964 578 Matthaeum
1982 541 2084 579 HIE-

1127 595 1369 634 RONYMUS
1399 597 1466 634 tibi
1498 598 1694 645 sufficiat3
1728 600 1764 636 in
1795 601 1986 650 Marcum,
2016 614 2083 652 pe-

1124 656 1356 707 dissequum
1393 659 1610 707 Matthaei,
1641 660 1770 698 BEDA
1818 662 2082 714 pedissequus

1124 719 1377 769 Hieronymi,
1416 722 1453 757 in
1505 722 1649 760 Lucam
1693 723 1932 773 soligradum
1977 725 2082 764 Beda

1125 780 1343 830 latigradus
1373 781 1506 829 adeo,
1536 787 1581 822 ut
1618 794 1759 830 omne,
1804 786 1906 835 quod
1951 788 2080 836 ipsum

1123 844 1269 891 reperit
1296 843 1591 895 Evangelium,
1622 845 1811 884 volumen
1856 850 2083 899 compinge-

1123 908 1185 940 ret
1218 905 1254 941 in
1281 916 1419 943 unum.
1451 908 1644 945 Joannem
1662 908 1900 958 Coelipetam
1922 910 2083 948 nubivo-

1130 964 1194 1003 lus
1224 965 1546 1006 AUGUSTlNUS
1576 969 1736 1018 paribus
1764 970 1836 1008 alis
1879 972 2081 1011 insecutus

1119 1030 1192 1064 est.
1225 1027 1382 1065 Praeter
1414 1028 1509 1067 haec
1540 1034 1602 1067 est
1649 1030 1746 1068 liber
1790 1032 2000 1083 Augustini
2035 1033 2082 1072 (le

1122 1088 1310 1127 Sermone
1340 1089 1500 1128 Domini
1526 1090 1564 1128 in
1579 1095 1727 1139 monte,
1746 1094 1968 1133 secundnm
1987 1098 2081 1134 Mat-

1117 1149 1291 1189 thaeum.
1324 1151 1435 1191 Alius
1458 1153 1742 1203 quaestionum
1762 1155 1799 1192 in
1814 1159 1933 1193 totum
1951 1157 2081 1196 Evan-

1113 1210 1270 1261 yelium.
1303 1214 1469 1263 Insuper
1492 1220 1531 1252 et
1562 1216 1757 1255 EUGll'l'l
1787 1216 2078 1256 collectarium.

1120 1274 1329 1312 Praeterea
1347 1274 1531 1314 homiliae
1549 1277 1754 1316 JOANNIS
1769 1279 2081 1318 6118ΥὸΟὸΤο-

1118 1334 1193 1379 ΜΙ,
1226 1334 1480 1382 ORIGENIS‚
1507 1337 1802 1388 AUGUSTlNl,
1820 1340 2078 1387 GREGORll,

1119 1394 1302 1433 MAXlMl
1323 1427 1332 1442 ,
1366 1397 1578 1443 LEONIS,
1609 1401 1815 1439 BEDAAE:
1846 1407 1886 1439 et
1914 1404 2081 1452 Respon-

1121 1455 1249 1494 siones
1280 1456 1563 1498 HIERONYMI
1589 1460 1642 1498 ad
1656 1463 1984 1511 interroqatz'ones
2010 1463 2077 1502 Al-

1119 1517 1260 1567 yasiae
1288 1523 1326 1556 et
1352 1518 1565 1560 Denobz'ae:
1597 1525 1630 1570 e.)
1661 1524 1693 1561 si
1723 1528 1854 1562 tamen
1887 1535 1975 1562 mox
2007 1526 2076 1564 Sa-

1126 1579 1266 1618 cerdos
1296 1581 1481 1630 futurus,
1513 1583 1687 1634 dignaris
1718 1585 1848 1636 legere
1879 1586 1997 1624 libros
2032 1587 2078 1624 ad

1125 1640 1420 1682 erudititionem
1444 1644 1703 1685 foeminarum
1733 1646 1918 1686 directos.
1939 1647 2014 1686 Sed
2038 1653 2080 1686 tu

1121 1702 1366 1754 juvenculus
1398 1716 1472 1743 non
1511 1706 1736 1758 dedigneris
1772 1708 1930 1759 legere,
1975 1710 2079 1759 quod

1126 1764 1399 1816 Hieronymus
1429 1779 1553 1806 senex
1585 1769 1775 1820 dignatus
1805 1775 1865 1808 est
1896 1771 2080 1810 scribere.

1130 1827 1173 1864 In
1204 1827 1422 1878 Epistolam
1454 1829 1501 1868 ad
1532 1831 1729 1869 Romanos
1758 1833 1881 1871 multa
1912 1837 1952 1870 et
1982 1835 2079 1872 mira

1123 1889 1285 1938 scripsit
1309 1889 1584 1936 ORIGENES,
1602 1893 1748 1942 quibus
1765 1893 1980 1932 adversarii
1997 1894 2081 1944 eju-

1119 1949 1232 1988 sdem
1263 1962 1384 2002 prava
1412 1952 1605 2002 quaedam
1634 1955 1909 1993 inseruerunt.
1933 1956 1961 2003 f)
1986 1967 2081 2005 quo-

1119 2022 1207 2050 rum
1254 2024 1409 2061 unum,
1455 2015 1558 2052 sicut
1598 2027 1724 2065 nuper
1764 2016 1831 2054 tibi
1876 2019 1910 2055 in
1942 2029 2078 2055 aurem

1119 2073 1281 2123 diffudi,
1313 2076 1397 2125 ipse
1423 2077 1459 2113 in
1491 2076 1630 2114 eodem
1665 2078 1865 2116 volumine
1889 2081 2078 2118 acerrime

1118 2135 1369 2174 condemnat.
1383 2138 1666 2178 AMBROSIUS
1676 2141 2080 2191 MediolanensisEpi-

1114 2207 1261 2246 scopus
1295 2199 1330 2234 in
1362 2199 1626 2250 Evangelium
1658 2202 1878 2240 seeundum
1907 2204 2077 2248 Lucam,

1117 2263 1158 2295 et
1182 2259 1218 2295 in
1245 2269 1384 2296 omnes
1409 2260 1622 2309 Epistolas‚
1651 2262 1779 2309 Pauli,
1799 2263 1942 2301 breves
1964 2264 2079 2301 (Iom-

1119 2320 1337 2357 mentarios
1361 2320 1521 2371 reliquit
1544 2333 1550 2357 :
1575 2321 1644 2359 sed
1671 2323 1989 2372 explanationem
2027 2324 2075 2362 acl

1117 2380 1315 2418 Hebraeos
1331 2382 1532 2431 Epistolae
1553 2382 1640 2431 ejus
1658 2384 1852 2421 volumini
1871 2386 2073 2426 insertam.

1118 2453 1195 2480 non
1212 2454 1304 2481 eum
1323 2444 1533 2493 scripsisse
1551 2446 1665 2483 multi
1685 2445 1955 2489 contendunt,
1972 2446 2075 2495 quod

1116 2508 1156 2541 et
1172 2505 1322 2542 veritas
1342 2505 1588 2554 cumprobat.
1607 2507 1704 2543 ltem
1723 2507 1970 2545 PELAGlL'S
1987 2508 2073 2545 bre-

1117 2575 1188 2602 ves
1218 2565 1484 2605 Sententiolas
1512 2568 1548 2604 in
1566 2566 1725 2605 easdem
1743 2569 1901 2617 scripsit
1925 2570 2072 2618 episto-

1115 2626 1183 2663 las.
1212 2627 1533 2666 lllERONYMUS
1558 2629 1772 2665 latissimos
1793 2629 2004 2667 Tractatus
2020 2629 2067 2667 ad

1117 2686 1371 2733 Galatas,ad
1414 2689 1571 2735 Titum,
1606 2689 1651 2727 nd
1685 2690 1962 2728 Pliilelmonem
2003 2691 2069 2729 de—

1115 2749 1272 2798 reliquit
1293 2780 1300 2796 ,
1331 2749 1519 2800 Idemque
1545 2750 1870 2790 HIERONYMES
1891 2781 1898 2792 ,
1923 2757 1962 2789 nt
1984 2753 2069 2791 At*-

1114 2810 1363 2849 GUSTlNUS
1403 2812 1648 2863 Episcopus,
1689 2818 1803 2863 prout
1839 2815 2067 2859 interrogati

1115 2871 1282 2919 fucrant,
1298 2871 1346 2909 de
1364 2871 1535 2910 diversis
1559 2874 1594 2910 in
1618 2875 1645 2912 Α
1657 2875 1850 2926 postolum
1869 2877 2067 2924 quaestio-

1116 2932 1231 2970 nibus
1263 2933 1375 2971 valde
1406 2934 1600 2983 proficuas
1624 2937 1947 2985 conscripserunt
1985 2937 2066 2986 epi-

1108 3063 1163 3085 rus
1180 3058 1294 3085 conira
1313 3062 1408 3085 usum
1427 3057 1545 3085 veteris
1564 3058 1673 3087 omnis
1687 3056 1864 3091 Ecclesiae,
1883 3056 1983 3087 libros
2000 3058 2072 3086 Pa-

1107 3104 1335 3142 ralipomenon
1365 3108 1464 3143 atque
1497 3105 1645 3136 Esther-is
1675 3108 1761 3136 inter
1777 3107 1913 3136 Divinos
1931 3114 2071 3145 compu-

1109 3154 1210 3182 tantis
1226 3156 1255 3183 et
1273 3153 1313 3183 acl
1334 3153 1466 3183 illorum
1485 3156 1697 3192 provocantis
1717 3156 1920 3185 testimonia·

1169 3202 1200 3238 e.)
1221 3202 1396 3233 zenobiae.

1172 3251 1204 3280 Γ·
1225 3252 1284 3280 ΙΙηι
1299 3252 1334 3280 tii
1360 3252 1559 3287 origeniana
1579 3260 1652 3290 pag.
1672 3252 1744 3283 ’.ἒ-13.
1765 3253 1835 3284 255.
1856 3263 1923 3292 seq.
