2517 4009
930 179 1252 219 SMARAGDUS

83 254 341 292 Harduinum
371 252 403 288 V
436 263 473 299 p.
498 251 588 288 969.
611 252 659 288 10
681 251 782 289 Bibl.
805 251 1047 289 Geilsbrun-

84 319 204 356 nensi
234 317 370 354 Codex
398 316 463 352 est
485 316 840 362 membranaceus,
862 316 904 351 iu
923 314 1046 350 titulo

84 381 285 419 exhibens
332 379 606 418 Collationum
648 379 803 416 librum
843 377 892 413 II
931 377 1049 424 eapi-

87 445 178 482 tnla
207 443 304 480 XVI
327 443 605 489 complerunt:
637 443 746 488 quod
767 452 821 478 an
841 441 921 477 huc
943 440 1050 477 refe-

85 508 262 545 rendum
291 505 360 551 sit,
390 514 443 541 an
474 514 569 542 vero
598 515 700 552 opus
732 507 947 551 singulare
979 502 1049 547 sit,

88 581 172 608 non
200 570 392 609 dixerim.
436 569 542 605 Vide
584 569 834 615 Catalogum
877 567 1053 604 Hockeri

90 643 188 681 pag.
221 633 284 669 11.

172 695 209 732 6.
231 696 424 744 Epistola
450 694 592 733 Caroli
612 695 667 733 M.
682 696 735 733 ad
757 696 926 732 Leonem
946 694 1054 730 Pon-

90 759 243 809 tificem
266 760 313 797 cte
335 759 606 797 Processione
649 759 844 807 Spiritus
861 757 905 795 S.
927 756 1055 793 etiam

89 823 232 859 nostro
261 822 481 870 tribuitur,
514 823 614 860 ibid.
646 833 685 869 p.
719 821 837 858 1199.
879 819 1057 856 Hardui-

90 895 169 922 nus
199 896 298 932 pag.
332 885 424 923 973.

174 947 211 985 7.
242 950 437 997 Epistola
466 949 521 987 act
550 948 803 986 Lndooionm
823 948 1058 995 Anqnstnrn

92 1012 304 1048 communi
335 1012 502 1048 nomine
532 1011 714 1048 Frotarii
733 1011 930 1056 Episcopi
961 1011 1059 1047 Tul—

91 1074 223 1111 lensis
251 1073 294 1111 et
326 1074 551 1120 Smaragdi
580 1074 755 1111 Abbatis
799 1073 957 1120 scripta
983 1073 1061 1110 ha-

92 1137 214 1175 betur
243 1138 352 1174 inter
374 1138 584 1184 Epistolas
605 1136 787 1173 Frotarii
811 1138 898 1173 1000
919 1136 1060 1183 tertio,

94 1197 203 1247 apud
233 1201 360 1238 Andr.
391 1200 446 1236 du
474 1200 636 1236 Chesne
670 1200 709 1236 S.
741 1200 894 1237 Rerum
915 1199 1059 1236 Franc.

94 1262 196 1300 tom.
228 1263 266 1299 II
296 1275 334 1310 p.
367 1262 433 1300 71.

176 1327 214 1363 8.
251 1326 544 1366 Grammatioa
572 1328 712 1373 major
740 1337 773 1364 s.
804 1325 1063 1364 Commenta-

96 1390 194 1427 rius
221 1390 268 1427 in
298 1391 517 1436 Donatum,
549 1391 814 1427 Mabillonius
839 1390 1063 1436 Exemplar

99 1453 181 1490 MS.
211 1454 255 1489 in
285 1453 538 1490 monasterio
578 1453 820 1489 Corbeiensi
860 1452 982 1498 vidit,
1013 1461 1065 1488 ex

97 1525 176 1563 quo
205 1515 496 1562 praefationem
524 1515 567 1552 et
591 1515 781 1562 quaedam
811 1515 907 1551 libri
928 1515 1064 1560 speci-

94 1579 210 1617 mina
239 1580 414 1625 protulit
442 1580 488 1615 in
517 1578 731 1615 Analectis
760 1587 800 1623 p.
833 1575 928 1613 358.
951 1576 1064 1624 Opus

95 1642 280 1680 divisum
308 1641 373 1679 est
402 1642 446 1678 In
470 1642 595 1679 libros
617 1640 715 1677 XIV
739 1641 887 1687 quibus
908 1642 952 1677 in
982 1641 1064 1677 alio

94 1705 240 1742 Codice
269 1706 454 1742 decimus
485 1704 656 1752 quintus
683 1704 731 1741 de
755 1703 1068 1750 Orthographia

102 1768 335 1815 subjicitur.
378 1769 425 1806 In
466 1769 538 1805 illo
592 1770 784 1814 exempla
838 1767 977 1814 potius
1019 1777 1072 1803 ex

99 1833 246 1878 sacris,
277 1842 403 1879 quam
433 1832 621 1878 profanis
653 1831 933 1877 scriptoribus
975 1840 1070 1877 pro-

100 1894 214 1940 tulit,
246 1895 289 1931 et
318 1905 616 1941 nonnunquam
652 1895 947 1942 Etymologias
978 1904 1074 1931 ver-

99 1958 246 1995 borum
287 1957 557 1994 Gothicorum
598 1958 640 1994 et
668 1958 961 1995 Francicorum
992 1959 1073 1994 im-

102 2020 288 2057 miscuit.

185 2084 223 2119 9.
260 2082 600 2122 Commentarius
629 2085 676 2122 in
705 2085 959 2133 Prophetas,
991 2086 1031 2123 et

187 2147 250 2183 10.
282 2147 480 2185 Historia
509 2149 764 2185 monasterii
785 2148 830 2187 S.
856 2148 1078 2186 Michaelis

111 2210 211 2247 sunt
249 2210 421 2247 inedita.
463 2211 593 2247 Varia
633 2211 683 2247 de
725 2211 800 2247 boc
844 2212 1077 2257 Smaragdo

105 2275 228 2319 legas
258 2274 302 2310 in
331 2273 538 2310 Chronico
569 2274 816 2311 monasterii
838 2275 873 2311 S.
897 2275 1078 2312 Michae-

108 2337 174 2382 lis,
206 2337 314 2383 quod
355 2336 557 2373 exhibent
602 2337 806 2374 Analecta
846 2339 1078 2375 Mabillonii

109 2410 148 2446 p.
179 2398 259 2436 350
288 2408 400 2445 seqq.
431 2399 474 2435 et
504 2401 548 2435 in
577 2399 848 2438 annotatione
889 2402 1081 2438 Mabillo-

109 2464 168 2499 nii
191 2473 230 2509 p.
252 2461 345 2499 357.
377 2463 561 2499 Histoire
583 2462 768 2499 literaire
791 2464 840 2500 de
862 2466 902 2501 la
922 2464 1078 2501 France

111 2526 214 2562 tom.
235 2525 289 2561 IV
304 2535 342 2571 p.
363 2525 456 2562 439.
472 2525 602 2562 Bulaei
623 2525 712 2561 hist
732 2525 925 2563 Univers.
947 2528 1076 2564 Paris.

110 2587 211 2625 tom.
243 2587 262 2623 I
286 2598 325 2634 p.
350 2587 440 2624 641.
463 2589 635 2635 Leyseri
654 2588 837 2627 Historia
859 2590 1077 2627 Poetarum

114 2651 242 2688 medii
272 2652 353 2689 aevi
383 2662 422 2698 p.
453 2652 548 2688 284.

199 2714 539 2761 SMARAGDUS,
561 2714 781 2761 presbyter
795 2714 837 2751 et
852 2716 1078 2752 monachus

118 2777 156 2814 S.
187 2778 406 2816 Maximini
437 2779 720 2824 Trevirensis,
759 2779 868 2814 circa
906 2787 942 2814 a.
985 2779 1076 2815 800.

118 2840 294 2887 Scripsit
351 2840 711 2879 Commentariun
761 2841 808 2878 in
858 2842 1048 2880 Psalmos
1069 2871 1079 2888 ,

117 2903 239 2949 cujus
269 2904 556 2951 praefationem
586 2903 804 2940 ediderunt
833 2904 951 2941 Edm.
973 2906 1080 2942 Mar-

122 2966 218 3004 tene
247 2968 290 3003 et
313 2967 490 3003 Ursinus
512 2966 682 3004 Durand
703 2967 870 3005 Collect.
892 2970 1080 3015 ampliss.

119 3029 221 3065 tom.
254 3029 271 3064 1
302 3040 400 3077 pag.
433 3029 498 3066 53.

201 3091 299 3128 Fuit
318 3093 446 3128 etiam
469 3092 725 3138 Smaragdus
739 3093 879 3130 Abbas
901 3094 1080 3131 monast.

120 3154 459 3200 Luneburgensis
491 3155 578 3191 Sec.
611 3156 649 3191 X
676 3156 852 3193 fundati.

200 3218 395 3255 Albertns
418 3218 639 3263 SNAVEL,
661 3219 792 3265 Belga
818 3220 956 3255 nescio
978 3220 1085 3266 quis,

122 3281 229 3318 vixit
250 3281 329 3318 sub
359 3282 487 3318 finem
513 3283 641 3318 seculi
662 3282 735 3317 XV
760 3282 928 3328 scripsit
961 3280 1088 3320 enro-

121 3346 262 3384 nieam
281 3355 418 3383 rerum
441 3346 645 3393 praecipue
666 3345 717 3383 ad
742 3344 877 3391 Belgii
899 3345 1086 3383 foederati

2019 188 2098 222 493

1120 252 1351 297 provincias
1373 251 1669 298 spectantium,
1684 249 1884 291 'versibus
1916 256 2096 292 leoninis

1121 323 1195 351 nec
1226 325 1395 362 magnae
1428 318 1564 362 molis,
1610 317 1661 354 ab
1691 326 1797 354 anno
1842 317 2092 355 1200-1421.

1122 377 1277 413 editam
1321 380 1366 415 in
1418 381 1633 417 Analectis
1685 381 1861 418 Gerardi
1907 382 2094 420 Dumbar

1123 440 1221 478 tom.
1256 441 1314 476 111
1346 453 1385 489 p.
1418 442 1511 479 633.

1208 504 1376 542 SOCCII
1400 507 1621 544 Sermones
1644 517 1715 553 per
1737 509 1835 544 anni
1855 510 2056 547 circulum
2076 519 2102 546 a

1126 568 1304 613 quodam
1334 571 1508 615 egregio
1538 571 1577 607 S.
1600 570 1825 618 theologiae
1848 573 2098 618 professore,

1127 631 1289 667 ordInis
1320 632 1613 669 Cisterciensis
1634 662 1644 680 ,
1678 635 1912 672 conventus
1942 636 1986 672 in
2015 636 2102 672 Ma-

1128 695 1325 740 rienrayd
1357 695 1559 742 (Mariae
1605 696 1743 744 roda)
1787 707 1914 744 prope
1956 698 2099 736 Hilde—

1131 757 1265 804 shem,
1296 759 1526 805 conscripti
1557 760 1738 796 fuerunt.
1769 762 1844 797 Hic
1874 762 1991 798 enim
2021 762 2108 798 Do-

1131 822 1218 858 ctor
1250 821 1320 869 (ut
1349 822 1475 859 habet
1506 823 1696 868 praefatio
1739 824 1791 861 ad
1832 825 1966 862 dictos
2012 835 2101 863 ser-

1132 884 1301 933 mones)
1334 894 1428 922 cum
1457 886 1571 923 esset
1600 887 1774 932 ingenio
1804 889 1956 934 clarus,
1986 888 2028 925 et
2057 890 2103 926 in

1132 948 1337 994 scriptura
1358 948 1521 996 potens,
1544 959 1618 986 nec
1640 960 1722 986 non
1743 951 1788 986 in
1807 952 2104 998 componendis

1134 1013 1497 1059 expeditissimus,
1525 1014 1752 1060 indignum
1774 1014 1945 1061 ducens,
1965 1014 2103 1051 talen-

1133 1076 1223 1112 tum
1255 1077 1335 1113 sibi
1367 1086 1390 1113 a
1425 1076 1510 1113 Deo
1554 1078 1792 1123 praestitum
1835 1077 1878 1114 et
1918 1078 2102 1114 infusam

1135 1140 1321 1185 gratiam
1363 1141 1451 1176 sine
1492 1140 1629 1176 fructu
1670 1141 1806 1187 perire
1830 1169 1839 1186 ,
1883 1139 2111 1178 Sermones

1135 1205 1333 1249 quosdam
1366 1204 1413 1240 de
1443 1205 1630 1250 tempore
1666 1206 1706 1241 et
1737 1205 1785 1242 de
1832 1204 2004 1242 Sanctis
2035 1214 2105 1251 per

1137 1267 1237 1302 anni
1278 1267 1482 1302 circulum
1523 1267 1769 1314 composuit.
1811 1269 1966 1304 Verum
2008 1269 2108 1315 quia

1136 1328 1310 1365 humilis
1341 1329 1458 1374 erat,
1501 1330 1695 1376 ingenito
1737 1331 1916 1377 quodam
1960 1333 2108 1369 rubore

1135 1392 1340 1437 devictus,
1371 1393 1537 1428 eosdem
1568 1402 1796 1440 sermones,
1829 1395 1963 1440 quoad
1984 1395 2107 1439 vixit,

1137 1463 1219 1491 non
1248 1456 1523 1502 praesumpsit
1551 1457 1778 1502 publicare.
1808 1457 1983 1494 Moritur
2012 1458 2109 1494 tan-

1138 1519 1234 1555 dem
1264 1520 1309 1555 in
1340 1520 1574 1566 grandaeva
1603 1520 1727 1556 aetate
1757 1519 1800 1557 et
1812 1520 1964 1558 fratres
1984 1523 2115 1558 cellu-

1139 1584 1224 1619 lam
1256 1582 1348 1628 ejus
1378 1583 1674 1630 emundantes,
1704 1583 1781 1619 hos
1810 1585 1921 1630 ipsos
1952 1594 2112 1621 sermo-

1140 1655 1214 1682 nes
1249 1646 1293 1682 in
1323 1647 1473 1693 soccis,
1505 1656 1577 1683 seu
1611 1647 1862 1684 sotularibus
1892 1648 1984 1694 ejus
2016 1649 2116 1686 abs-

1143 1709 1333 1745 conditos
1374 1709 1668 1756 invenientes,
1712 1711 1853 1756 gavisi
1895 1711 1944 1748 de
1998 1711 2116 1748 tanto

1143 1771 1359 1818 thesauro,
1389 1782 1460 1809 eos
1491 1773 1824 1820 publicaverunt.
1854 1772 1910 1809 At
1939 1775 2036 1820 quia
2070 1775 2117 1810 in

1147 1837 1277 1873 soccis
1308 1836 1475 1872 inventi
1504 1837 1617 1882 sunt,
1649 1846 1673 1873 a
1702 1847 1743 1874 re
1774 1837 1921 1883 gesta,
1954 1847 2116 1874 sermo-

1146 1900 1269 1937 nibus
1299 1909 1451 1936 nomen
1496 1900 1765 1946 indiderunt,
1806 1900 1849 1937 et
1893 1900 2118 1938 Sermones

1146 1963 1301 2001 soooios
1315 1963 1638 2000 intitulaverunt
1653 1974 1662 2011 3
1687 1964 1874 2000 volentes
1896 1965 2117 2010 nimirum,

1147 2028 1194 2063 ut
1224 2037 1305 2064 non
1338 2027 1493 2073 scripta
1523 2026 1660 2073 modo,
1693 2028 1766 2064 sed
1802 2026 1933 2063 multo
1976 2027 2118 2074 magis

1147 2089 1277 2126 tantae
1307 2089 1562 2126 humilitatis
1592 2092 1834 2137 exemplum
1865 2099 2010 2126 omnes
2041 2099 2117 2126 au-

1150 2154 1316 2190 dientes
1346 2153 1615 2190 instruerent.
1637 2155 1883 2191 Prodierunt
1903 2153 2114 2201 Argento-

1151 2218 1233 2254 rati
1262 2226 1370 2253 anno
1405 2216 1509 2252 1484
1538 2216 1579 2252 et
1610 2217 1846 2254 Daventriae
1871 2214 1918 2265 (³¹⁶)
1943 2218 1985 2253 iu
2007 2217 2031 2253 3
2051 2216 2118 2253 to-

1153 2281 1248 2325 mis,
1279 2280 1322 2315 in
1351 2279 1461 2315 folio.
1492 2280 1589 2316 Haec
1614 2280 1704 2316 Car.
1727 2281 1777 2317 de
1798 2281 1927 2316 Visch
1949 2282 1991 2316 in
2014 2280 2118 2316 Bibl.

1154 2343 1409 2389 Scriptorum
1461 2342 1556 2379 Ord.
1600 2342 1888 2380 Cisterciensis
1930 2354 1969 2389 p.
2025 2343 2118 2380 299.

1152 2407 1390 2443 Editionem
1420 2406 1726 2453 antiquiorem,
1759 2417 1850 2454 quae
1882 2408 1969 2443 sine
2001 2416 2120 2443 men-

1152 2470 1264 2507 tione
1295 2471 1376 2506 loci
1408 2469 1512 2506 1476
1553 2470 1722 2516 prodiit,
1761 2470 1966 2506 memorat
1995 2468 2119 2505 Mait-

1152 2533 1257 2570 taire
1287 2535 1330 2570 in
1360 2533 1594 2570 Annalibus
1617 2532 1937 2579 typographicis
1965 2532 2078 2568 tomo
2102 2531 2118 2566 1

1152 2607 1190 2642 p.
1220 2594 1312 2632 36²7.

1233 2656 1254 2677 ³⁹⁵
1295 2659 1423 2695 Soccii
1465 2659 1578 2695 MSS.
1621 2668 1834 2696 sermones
1876 2658 2012 2696 tribus
2053 2659 2120 2695 vel

1154 2722 1329 2769 quatuor
1358 2723 1400 2759 in
1421 2723 1518 2759 folio
1541 2723 1821 2759 voluminibus
1842 2722 1990 2758 nactus
2024 2730 2119 2757 sum

1153 2786 1261 2824 inter
1292 2786 1405 2823 MSS.
1438 2786 1562 2823 Codd.
1601 2785 1868 2824 Bibliothecae
1909 2786 1983 2837 PP.
2025 2784 2118 2821 Ord.

1156 2849 1196 2886 S.
1237 2849 1461 2886 Benedicti.
1495 2850 1679 2887 Coenobii
1707 2849 2039 2886 Vindobonensis
2081 2848 2120 2883 S.

1155 2913 1293 2949 Mariae
1325 2914 1376 2949 ad
1408 2913 1604 2961 Schotos3
1645 2914 1689 2950 in
1719 2913 1801 2949 fine
1831 2920 1928 2948 vero
1964 2920 2122 2948 sermo-

1155 2987 1255 3013 num
1286 2977 1335 3014 de
1380 2977 1544 3013 Sanctis
1585 2977 1674 3013 haec
1715 2976 1821 3021 legi:
1858 2975 1943 3011 Per
1973 2983 2123 3012 manus

1156 3040 1332 3077 Conradi
1363 3040 1410 3077 de
1439 3039 1649 3077 Paithnsa
1679 3048 1746 3075 an.
1778 3039 1892 3075 Dom.
1928 3037 2031 3074 1384
2063 3037 2122 3084 fi-

1156 3104 1273 3141 nitus
1310 3105 1370 3140 est
1398 3103 1504 3140 tiber
1530 3104 1602 3148 qni
1636 3103 1910 3150 necnenpatnr
1946 3101 2125 3144 Soccus,

1229 3238 1270 3281 (ἢ
1301 3241 1371 3273 Per
1406 3239 1651 3273 Richardum
1687 3238 1844 3273 Paffrod
1881 3239 1983 3273 1480.
2020 3238 2127 3272 teste

1156 3295 1358 3330 Maittario
1386 3304 1423 3337 p.
1443 3295 1526 3329 410.
1547 3295 1757 3330 Sermones
1775 3294 2007 3338 ,festivales
2029 3291 2127 3327 Ibid.

1158 3352 1249 3385 1490
1289 3350 1356 3384 fol.
