2517 4009
937 217 1223 258 PETRUS

86 289 123 326 in
155 288 322 326 dioecesi
366 287 617 335 Turonensi,
660 297 802 325 nomen
832 288 1039 327 Abaelardi

81 350 252 400 praefert
269 379 277 398 ,
294 350 330 386 in
353 347 496 388 Codice
524 348 833 388 Claraevallensi
855 350 1042 389 ANGEL-

86 411 152 450 ΒΟ
183 409 330 450 Montis
359 408 498 448 Leonis
527 410 740 459 tribuitur,
770 415 874 450 teste
902 413 1044 451 Marte-

84 474 148 510 nio
178 478 279 510 tom.
310 471 356 510 V.
387 471 669 511 anecdotorum
712 483 796 522 pag.
833 473 948 512 4362.
982 473 1042 510 ubi

81 535 199 572 etiam
230 533 418 571 observat
453 531 605 572 editum
650 544 739 571 esse
779 535 881 572 inter
910 534 1043 583 spuria

82 594 122 634 S.
162 593 382 634 ANSELMI
427 595 746 634 Cantuariensis.
790 595 886 634 Vide
923 605 1042 645 supra

82 660 179 695 tom.
212 657 245 694 4.
276 667 365 706 pag.
395 656 484 695 304.

139 717 323 758 Nondum
371 717 498 757 lucem
546 718 646 757 vidit
685 719 787 757 Petri
833 717 1043 757 Abaelardi

87 781 229 831 Loyzca
258 781 345 818 sive
379 780 618 829 Dialectica,
643 792 762 831 quam
787 781 1042 830 vulgaturum

83 853 126 880 se
157 843 339 892 promisit
368 842 549 881 Andreas
569 842 622 881 du
648 843 805 882 Chesnc
830 853 917 892 pag.
941 843 1040 881 4460

81 904 160 943 Nec
191 901 309 942 Liber
338 904 658 952 Sententiarum,
688 904 753 944 Sic
777 907 815 942 et
835 904 921 942 Non
939 934 945 950 ,
965 906 1044 942 Ma-

84 977 218 1005 nuscr.
250 967 288 1004 in
320 966 574 1005 Bibliothecis
610 966 801 1017 Angliae:
834 967 906 1003 nisi
939 965 1041 1004 idem

80 1027 145 1067 ille
176 1028 228 1066 sit
255 1029 289 1077 a)
323 1039 413 1067 cum
460 1028 754 1067 introductione
785 1027 831 1066 ad
878 1027 1043 1065 Theolo-

79 1092 183 1142 giam
202 1119 211 1137 ,
241 1101 361 1141 quam
387 1100 508 1140 supra
542 1091 645 1128 inter
673 1089 777 1127 edita
803 1099 1043 1126 commemo-

79 1153 190 1192 ravi:
225 1153 363 1202 Neque
405 1150 540 1203 hymni
581 1162 683 1201 quos
728 1151 892 1188 metrico
936 1149 1042 1199 stylo

80 1215 331 1264 composuit,
377 1214 413 1250 in
456 1214 698 1251 monasterio
731 1211 834 1260 quod
875 1216 1042 1248 vocatur

78 1275 296 1314 Paraclitus
340 1273 611 1312 decantandos
653 1274 691 1323 b)
723 1271 862 1321 Neque
893 1282 1042 1310 merno-

80 1340 189 1375 ratae
213 1336 346 1375 Caveo
366 1334 638 1385 eoeposz‘tz'ones
659 1334 700 1372 in
727 1333 894 1372 Genesin
915 1335 960 1382 (si
985 1332 1042 1371 dl-

80 1407 220 1436 versas
242 1395 437 1446 intelligat
460 1396 480 1434 a
507 1396 803 1435 Commentario
830 1396 866 1432 in
885 1393 1043 1432 Hexae-

81 1457 231 1505 meron)
261 1457 326 1495 vel
356 1456 398 1495 in
428 1456 699 1504 Psahemum,
737 1461 807 1495 aut
847 1458 882 1493 in
926 1454 1045 1494 Pauli

81 1518 282 1571 Epistolas
302 1548 313 1566 ,
336 1531 428 1558 cum
454 1519 564 1558 solus
595 1521 632 1557 in
654 1519 872 1569 Epistolam
895 1517 942 1556 ad
968 1519 1041 1556 Ro·

79 1592 220 1620 manos
243 1582 616 1620 commentarius-in
632 1580 750 1619 editis
771 1581 947 1631 legatur:
967 1591 1039 1618 nec

75 1641 232 1694 ylossae
254 1642 296 1681 in
318 1642 577 1682 Ezechzelem.
597 1644 732 1693 Neque
751 1642 923 1692 denique
949 1642 1041 1679 Ver-

77 1715 148 1744 sus
171 1704 333 1756 eleqzacz
361 1704 417 1743 ad
449 1703 714 1744 Astralabum
744 1703 871 1755 filium
895 1713 1039 1751 suum,

79 1765 127 1805 de
145 1765 325 1805 moribus
346 1770 384 1805 et
402 1766 486 1806 vita
504 1766 577 1818 pia
597 1769 634 1805 et
651 1763 794 1817 proba,
823 1766 1040 1804 Manuscri-

80 1829 135 1880 pti
166 1830 204 1867 in
235 1828 415 1868 Biblioth.
446 1830 684 1868 Cottouiana
716 1840 752 1878 p.
781 1826 846 1865 86.
880 1826 1038 1865 Librum

79 1890 129 1929 de
158 1891 318 1930 Unitate
347 1895 388 1929 et
417 1891 610 1929 Trinitate
642 1890 725 1940 ipse
754 1889 926 1928 flammis
949 1888 1042 1927 dare

81 1952 223 2003 jussus
252 1956 316 1990 est
344 1952 592 1991 Abaelardus
618 1953 654 1990 in
677 1950 837 2001 Synodo
862 1951 1043 1989 Svessio-

88 2015 200 2052 nensi
229 2013 304 2052 An.
330 2013 446 2053 4424.
578 2061 583 2062 ⁷

137 2076 227 2113 Tria
256 2074 345 2125 ejus
373 2074 571 2125 epitaphia
602 2075 756 2125 reperio
775 2104 783 2119 ,
814 2086 915 2125 quae
950 2086 1041 2112 cum

82 2136 185 2175 bona
214 2137 390 2175 Lectoris
419 2137 536 2174 venia
566 2136 630 2174 bic
661 2147 871 2187 apponam.
914 2137 1042 2174 Unum

84 2198 106 2235 a
136 2199 249 2237 Petro
278 2197 499 2236 Venerabili
531 2203 811 2236 consecratum
842 2197 930 2247 ejus
966 2209 1047 2235 me-

85 2260 260 2308 moriae,
291 2260 343 2297 ita
372 2270 415 2297 se
445 2259 589 2298 habet:

101 2336 271 2369 Gallorum
298 2340 473 2375 Socrates,
497 2336 592 2368 Plato
616 2339 781 2369 maximus
805 2339 1051 2377 Hesperiarum‚

98 2388 216 2418 Noster
238 2387 442 2424 Aristoteles,
466 2388 610 2426 Logicis,
633 2389 828 2426 quicunque
852 2387 987 2418 suerunt
1004 2410 1014 2424 ,

99 2438 164 2466 Aut
187 2442 247 2475 par
271 2439 328 2466 aut
352 2435 491 2467 melior:
515 2436 704 2466 studiorum
729 2438 885 2475 cognitus
908 2435 986 2466 Orbi

98 2486 257 2524 Princeps
273 2507 282 2523 ‚
306 2485 442 2524 ingenio
469 2486 594 2521 varius,
618 2483 751 2515 subtilis
776 2488 808 2515 et
834 2492 925 2521 acer,

102 2535 222 2564 Omnia
246 2534 279 2565 vi
303 2541 465 2573 superans
489 2534 628 2564 rationis
650 2538 684 2564 et
708 2536 778 2564 arte
802 2533 974 2572 loquendi,

139 2669 172 2708 a)
211 2670 259 2700 lta
282 2670 392 2700 visum
410 2671 447 2699 Jo
474 2668 668 2699 mabillonio
694 2669 727 2698 in
755 2668 874 2698 itinere
913 2668 1050 2698 Germa-

78 2720 156 2751 nico
179 2726 255 2759 pag.
277 2718 329 2750 64.
355 2718 439 2750 edit.
464 2716 482 2748 a
506 2725 557 2748 me
581 2721 718 2749 curatae
737 2739 745 2753 ‚
772 2715 827 2746 ubi
857 2719 997 2746 testatur
1019 2724 1053 2747 se

83 2771 120 2800 iu
136 2769 256 2800 Codice
279 2769 469 2800 monasterii
497 2770 527 2799 S.
552 2768 745 2797 Emmerani
770 2767 934 2801 reperisse
957 2768 1051 2806 Bajo-

83 2817 167 2850 lardi
197 2819 383 2849 sententias
408 2816 566 2857 capitulis
590 2817 732 2856 triginta
752 2819 878 2854 septem
895 2823 1049 2855 eompre-

84 2867 207 2899 hensas
223 2890 232 2906 ,
260 2866 419 2906 additque
441 2874 515 2898 eam
537 2874 607 2897 esse
636 2864 808 2897 Abaelardi
832 2865 1051 2896 introductio-

81 2924 157 2948 nem
187 2917 221 2947 in
248 2915 478 2955 Theologiam.
492 2916 652 2947 Similiter
667 2915 875 2947 Trithemius
890 2923 962 2955 cap.
979 2914 1053 2946 581.

81 2964 296 3003 'theologiam
319 2964 494 2996 Abaelardi
517 2964 686 2996 volumen
710 2964 906 2996 dialectica
929 2963 1054 2994 obscu-

82 3013 192 3044 ritate
215 3011 478 3044 subumbratum
497 3037 506 3053 ,
529 3014 654 3045 multis
690 3016 870 3046 Sententiis
906 3014 1048 3045 varium

85 3061 245 3103 appellat.

150 3111 186 3152 b)
212 3111 387 3151 Appendix
409 3112 450 3143 ad
475 3113 573 3143 fleur.
597 3111 806 3143 Gandavens.
831 3121 906 3153 cap,
929 3113 962 3150 5,

147 3163 180 3201 c)
208 3163 256 3192 lta
284 3161 368 3192 Bibl.
392 3159 621 3193 Cluniaeensis
639 3169 712 3201 pag.
740 3161 831 3192 1554.
850 3166 882 3193 et
896 3165 1055 3194 Baronius

89 3211 130 3244 ad
156 3215 223 3243 An.
246 3209 341 3241 1150.
366 3218 459 3241 num.
484 3209 534 3240 1⁶2·
562 3215 594 3242 et.
615 3213 715 3242 Bern.
745 3212 860 3242 Pezius
888 3213 920 3242 in
955 3214 1056 3252 praes.

88 3262 130 3293 ad
152 3264 240 3293 tom.
258 3261 290 3292 5.
304 3258 501 3291 anecdotor.
520 3267 594 3300 pag.
613 3259 696 3290 xxi.
712 3261 837 3291 rectius
853 3269 953 3299 quarn
967 3263 1054 3301 apud

90 3309 171 3342 Lud.
197 3309 358 3342 Jacoburn
373 3333 381 3340 .
402 3318 507 3340 ruane.

1995 224 2073 263 223

1127 288 1448 322 ABEILLARDUS
1470 295 1567 329 erat,
1591 292 1645 322 sel
1671 294 1752 323 tunc
1775 292 1807 330 c)
1830 294 1934 331 magis
1965 295 2077 324 omnia

1936 344 2056 378 vincit,

1129 389 1211 419 Cum
1221 387 1476 420 cluniacensem
1485 389 1699 427 monachum,
1711 398 1903 431 moremque
1913 391 2078 431 professus

1132 436 1179 468 Ad
1205 438 1392 470 CHRISTI
1410 446 1523 469 veram
1546 441 1704 470 transivit
1729 440 1992 480 Philosophiam,

1132 489 1167 518 ln
1191 495 1256 527 qua
1286 487 1466 526 longaevae
1489 487 1572 518 bene
1595 488 1762 527 complens
1785 489 1903 521 ultima
1928 491 2030 527 vitae,

1130 537 1341 577 Philosophis
1365 537 1566 576 quandoque
1592 538 1687 569 bonis
1711 546 1745 569 se
1771 538 2079 570 connumerandum

1131 588 1225 625 Spem
1249 585 1353 623 dedit,
1377 585 1527 617 undenas
1553 588 1636 617 Maio
1661 591 1843 619 renovante
1865 589 2037 620 calendas.

1117 635 1296 673 Alterum
1331 637 1461 672 :inscio
1492 649 1538 672 an
1572 636 1707 674 «wioni
1740 644 1926 675 nur-inre:

1130 698 1247 727 Petrus
1277 697 1310 726 in
1335 696 1399 727 hac
1422 700 1514 734 petra
1537 696 1571 732 d‘)
1599 696 1720 734 latitat,
1740 706 1837 737 quem
1857 698 1998 729 Mundus
2016 700 2081 729 Ho-

1933 757 2061 780 merum

1172 795 1366 832 Clamabat,
1389 795 1444 826 sed
1466 797 1534 834 jam
1557 795 1665 826 sidera
1689 795 1781 827 sidus
1806 797 1942 828 habent.

1130 846 1183 877 Sol
1205 849 1276 877 erat
1298 845 1352 876 hic
1374 844 1486 881 Gallis,
1512 845 1568 875 sed
1590 853 1666 875 eum
1691 846 1756 875 iarn
1782 846 1847 876 sata
1873 847 2034 885 tulerunt,

1170 897 1258 934 Ergo
1283 898 1372 926 caret
1395 896 1488 933 regio
1513 893 1635 925 Gallica
1661 894 1692 931 e)
1718 895 1787 925 sole
1810 904 1869 927 suo

1131 944 1188 976 llle
1211 946 1319 977 sciens
1342 943 1506 983 quicquid
1530 943 1593 975 suit
1617 943 1673 974 ulli
1699 944 1737 983 s)
1764 945 1894 982 scibile,
1918 948 2001 978 vicit

1172 995 1336 1031 Artifices,
1358 998 1445 1024 artes
1468 993 1596 1033 absque
1618 995 1758 1026 docente
1781 995 1915 1026 docens.

1131 1043 1329 1075 undecimae
1352 1044 1429 1074 Maii
1452 1045 1586 1074 Petrum
1611 1051 1751 1083 rapuere
1775 1043 1951 1083 calendae,

1172 1095 1346 1124 privantes
1369 1094 1504 1132 Logices
1526 1094 1611 1123 atria
1635 1094 1721 1132 Rege
1747 1102 1821 1124 suo.

1130 1144 1188 1173 list
1210 1144 1304 1179 satis,
1331 1143 1364 1172 in
1388 1141 1519 1173 tumulo
1546 1142 1724 1174 PETRL'S
1746 1143 1800 1175 hic
1821 1145 1909 1183 jacet
1931 1145 2086 1175 ABEIL-

1888 1194 2066 1226 LARDL'S

1171 1241 1231 1271 Cui
1257 1240 1293 1279 g)
1318 1240 1378 1271 soli
1405 1242 1514 1279 patuit
1538 1241 1656 1273 scibile
1677 1242 1838 1282 quicquid
1862 1247 1943 1275 erat.

1171 1291 1347 1327 Tertium
1379 1290 1552 1340 denique
1577 1303 1624 1328 cx
1651 1294 1814 1342 antiquo
1839 1294 1982 1329 (lodice
2010 1296 2076 1332 Pr·-

1118 1353 1241 1388 trensi
1273 1353 1293 1388 a
1326 1351 1484 1390 laudato
1513 1352 1711 1390 Bcrnardo
1744 1355 1855 1392 Pczio
1877 1356 2073 1404 proditum

1118 1411 1191 1450 hoc
1221 1417 1307 1450 est:

1129 1474 1245 1503 Petrus
1268 1480 1362 1504 amor
1384 1471 1483 1511 Cleri,
1507 1475 1644 1505 Petrum
1667 1476 1844 1514 inquisitio
1869 1478 1952 1513 veri,

1127 1523 1257 1561 Lingua
1280 1521 1448 1559 salutaris,
1473 1522 1661 1562 turbaeque
1684 1526 1833 1555 Lucerna
1856 1525 2030 1557 scholaris.

1128 1571 1393 1610 Argumentandi
1417 1571 1579 1610 sollertia,
1607 1574 1703 1612 copia
1729 1572 1829 1604 sandi.
1885 1610 1891 1612 Ἴ

1126 1622 1207 1652 Post
1228 1621 1342 1652 Mundi
1367 1621 1464 1659 bella,
1488 1630 1575 1653 nova
1599 1622 1703 1662 fulget
1730 1624 1763 1653 in
1787 1623 1921 1654 aethere
1945 1624 2053 1659 stella,

1127 1673 1173 1702 De
1194 1670 1317 1702 Mundo
1339 1670 1450 1711 fragili
1475 1671 1538 1702 sub
1560 1679 1672 1703 mense
1693 1676 1834 1703 vocatur
1857 1673 1977 1712 Aprili.

1127 1720 1260 1760 Eloquii
1283 1719 1356 1759 flos,
1380 1721 1516 1752 Consilii
1541 1729 1608 1759 ros,
1633 1723 1759 1761 ingenii
1784 1730 1862 1753 cos:

1129 1771 1372 1813 Grammaticae
1395 1769 1468 1801 sons
1483 1793 1493 1807 ‚
1515 1770 1714 1803 Rhetoricae
1744 1780 1827 1811 pons
1843 1795 1853 1809 ,
1878 1780 1916 1803 ac
1939 1773 2080 1812 Logicae

1965 1828 2059 1852 mons

1128 1867 1297 1899 Ecclesiae
1320 1867 1375 1899 lux
1399 1870 1554 1900 Justitiae
1578 1868 1645 1901 dux
1669 1871 1757 1901 inter
1780 1872 1935 1910 iniquos,

1131 1918 1301 1955 Gymnasii
1324 1917 1390 1956 fax,
1414 1918 1570 1958 discipuli
1595 1927 1670 1959 pax,
1691 1920 1802 1951 iustus
1825 1923 1856 1950 et
1881 1921 2007 1957 insons,

1130 1967 1215 1998 Hinc
1238 1966 1335 2005 abiit,
1355 1966 1412 1998 sed
1435 1975 1502 1998 non
1526 1967 1624 2005 obiit,
1651 1976 1712 1999 nec
1735 1969 1834 1999 desiit
1859 1977 1951 2001 esse:

1130 2016 1318 2053 Praeteriit,
1343 2015 1398 2047 sed
1423 2025 1491 2048 non
1517 2019 1628 2056 periit,
1654 2019 1813 2049 transivit
1837 2018 1877 2049 ad
1900 2027 1984 2050 esse.

1131 2068 1254 2103 Aspera
1274 2073 1354 2105 gens
1372 2066 1536 2097 violenter
1553 2075 1654 2106 agens
1673 2075 1772 2106 super
1791 2067 1881 2099 hunc
1898 2068 2087 2103 fabricavit,

1135 2115 1360 2148 CHRISTUS
1380 2123 1456 2146 eum
1481 2125 1580 2156 super
1616 2116 1808 2148 aethereum
1833 2118 1930 2148 iubar
1964 2118 2089 2148 emila<

1968 2169 2066 2198 ravit.

1173 2215 1292 2253 Addit
1326 2216 1457 2259 idem,
1489 2227 1531 2254 se
1564 2217 1600 2253 in
1628 2217 1915 2265 Tegernsecnsi
1940 2218 2081 2255 (iodici-

1120 2277 1222 2314 hanc
1254 2281 1385 2315 notam
1419 2279 1646 2327 reperisse:
1679 2280 1821 2316 Petrus
1854 2278 1926 2328 qui
1954 2277 2080 2316 sibae-

1121 2337 1284 2383 lardus,
1306 2338 1331 2375 ὰ
1349 2337 1556 2390 plerisque
1579 2338 1756 2390 Bajolard
1766 2351 1811 2377 us
1842 2339 1877 2385 h,
1911 2339 2079 2382 dicitnr,

1119 2400 1277 2438 natione
1299 2399 1489 2450 Anqlicus
1514 2402 1546 2448 i)
1578 2401 1754 2451 primum
1789 2402 2082 2439 Grammnte'cae

1120 2465 1158 2500 et
1187 2460 1424 2500 Dialecticae
1445 2491 1452 2508 ,
1478 2461 1566 2500 hinc
1596 2462 1808 2501 Divz'm'taci
1835 2474 1995 2514 operam
2016 2462 2081 2500 (le-

1121 2521 1190 2561 dit.
1231 2522 1310 2562 Sed
1337 2534 1426 2562 cum
1456 2527 1560 2561 esset
1589 2523 1900 2562 inaestimanflue
1928 2522 2082 2563 subtili-

1176 2671 1211 2708 d)
1235 2674 1462 2710 Quereetanus
1489 2674 1577 2704 notis
1600 2673 1641 2704 ad
1665 2673 1746 2705 Bial.
1771 2674 1983 2705 cluniacens.
2009 2683 2082 2713 pag-

1117 2720 1187 2751 148.
1216 2721 1253 2750 in
1277 2721 1362 2751 haee
1385 2729 1489 2752 urna.

1176 2769 1207 2808 e)
1231 2771 1297 2801 Lud
1321 2771 1465 2802 Jacobus
1493 2771 1532 2802 de
1551 2771 1651 2803 claris
1666 2772 1944 2805 cabilonensibus
1962 2781 1994 2812 p.
2015 2772 2084 2802 112.

1115 2820 1215 2859 reye‘o
1244 2820 1378 2852 Gallia.

1179 2868 1210 2907 f)
1236 2870 1283 2901 ld.
1308 2872 1419 2902 minus
1442 2871 1549 2909 bene,
1575 2871 1648 2902 illi.

1177 2920 1210 2957 g)
1234 2921 1461 2957 Quercetanus
1477 2945 1487 2958 ,
1509 2922 1613 2953 Huic.

1178 2966 1214 3005 h)
1238 2968 1317 2999 Aliis
1342 2970 1461 3000 vitiose
1485 2972 1587 3001 etiam
1610 2970 1806 3000 Belt'nrclus
1824 2994 1834 3007 ,
1858 2969 2056 3000 Barim-dns
2071 2995 2079 3007 ,

1116 3016 1305 3048 Biliardus
1329 3018 1408 3050 Vide
1430 3023 1515 3051 Dan.
1543 3021 1714 3051 zwickerii
1741 3027 1862 3050 novam
1899 3018 2080 3050 conflrma-

1116 3069 1239 3098 tiooem
1262 3069 1383 3099 irenici
1410 3070 1657 3101 lreconicorum
1682 3077 1754 3108 pag.
1780 3068 1854 3098 51³2.
1874 3068 2027 3100 Alberico
2050 3077 2086 3108 p,

1119 3116 1194 3147 ⁶296.
1212 3115 1426 3148 Abulardus.
1451 3119 1638 3149 Ptolemaeo
1663 3119 1801 3149 Lucensi
1827 3117 1868 3149 ad
1891 3122 1952 3149 An.
1990 3117 2083 3149 11541

1118 3165 1170 3196 Βα
1183 3165 1346 3197 alardus.

1181 3215 1215 3251 i)
1240 3217 1307 3246 Non
1333 3216 1506 3255 Anglicum
1535 3219 1668 3248 natione
1702 3217 1759 3248 sed
1779 3217 1909 3249 Gallum
1938 3219 2006 3257 ipse
2045 3226 2081 3247 se

1121 3264 1311 3298 Aliailardus
1336 3267 1507 3304 profitetur
1526 3289 1533 3301 ,
1549 3272 1576 3297 vt
1597 3266 1613 3297 ii
1632 3270 1718 3299 vitae
1749 3271 1818 3307 ejus
1855 3268 2078 3307 scriptoribus

1121 3314 1381 3345 derrionstraturn
1407 3319 1466 3346 cst.
