2533 4009
458 239 534 277 262

458 306 723 345 distributum.
755 300 940 336 Continet
974 296 1093 332 libros
1123 295 1329 343 sexaginta
1362 298 1401 331 et

459 378 608 406 unum.
649 366 682 399 in
723 359 867 408 quibus
901 356 1106 393 nationum
1142 355 1319 392 omnium
1358 364 1402 391 ac

458 435 677 476 temporum
704 419 886 457 historiae
922 415 1216 454 describuntur.
1253 415 1314 453 Ex
1340 415 1403 452 his

452 498 546 526 suas
576 483 685 522 multi
721 480 936 527 scriptores
969 477 1154 515 historias
1192 476 1405 526 locupleta-

459 553 575 586 runt.
610 544 777 589 huicque
798 540 947 577 auctori
988 539 1158 577 multum
1189 548 1232 576 se
1262 537 1406 575 debere

455 606 629 655 agnoscit
654 599 830 639 Leander
863 598 1076 647 Albeitus,
1107 599 1406 649 plurimumque

456 651 615 705 luminis
641 665 676 699 in
696 661 963 710 descriptione
988 661 1192 710 regionum
1219 660 1351 698 ltaliae
1366 663 1408 697 et

462 727 680 764 vicinarum
706 722 935 771 accepisse,
961 733 1080 770 quem
1110 720 1229 760 adeas
1262 722 1299 758 in
1334 722 1410 758 Pu·-

451 786 531 837 ¹qli'a
552 785 676 836 pinna
698 782 767 834 fra
792 786 903 821 terra
925 781 1098 833 Apuqlia
1122 781 1282 820 Daunia
1305 780 1409 820 nella

457 848 707 897 capitanata.
740 846 793 883 De.
833 845 894 882 his
936 844 1157 882 Annalibus
1187 845 1243 882 sic
1272 847 1410 881 censet

455 910 626 947 Thomas
652 907 833 945 Fazelius
851 907 887 943 in
913 907 1084 944 Historia
1101 906 1208 944 Sicil.
1231 903 1409 943 Decadis.

458 974 491 1008 1.
515 970 578 1008 lib.
602 970 702 1007 Vlll.
726 969 829 1006 circa
852 968 969 1005 finem
988 979 995 1003 :
1014 964 1185 1015 Scripsit
1199 967 1414 1003 Ranzanus

460 1029 632 1069 Annales
673 1028 845 1067 omnium
895 1031 1139 1076 temporum,
1172 1024 1278 1076 quod
1319 1037 1415 1077 opus

454 1096 578 1130 morte
597 1093 841 1143 praeventus
864 1100 939 1125 uon
974 1086 1206 1139 complevit,
1227 1086 1333 1138 quod
1354 1087 1415 1126 liis

456 1155 541 1205 ejus
566 1151 700 1191 verbis
723 1151 762 1189 in
788 1148 888 1189 libro
914 1150 988 1188 XL.
1009 1152 1187 1197 constat,
1220 1162 1237 1184 «
1269 1149 1415 1188 Gerbo—

459 1232 475 1250 «
504 1227 619 1262 rum,
651 1214 809 1263 inquit,
842 1212 1013 1250 insulam
1039 1221 1139 1262 pons
1167 1211 1328 1261 quidam
1361 1212 1416 1250 la-

459 1292 475 1311 «
504 1276 594 1327 pide
631 1280 836 1321 structus,
880 1273 1059 1312 turribus
1102 1273 1194 1310 altis
1236 1274 1415 1312 munitus

461 1354 477 1372 «
505 1339 777 1376 continentem
790 1334 1209 1384 conjungebat.Fuisse
1221 1345 1414 1373 veroeum

462 1414 478 1434 «
507 1402 667 1449 pontem
699 1401 899 1435 structum
924 1396 946 1433 a
970 1395 1115 1434 Siculis
1135 1399 1318 1442 constat,
1339 1406 1417 1444 quo

463 1474 479 1495 <‹
507 1465 686 1509 tempore
709 1468 845 1495 eorum
873 1456 926 1494 illi
960 1456 1082 1494 incliti
1123 1467 1237 1506 reges
1261 1458 1283 1494 a
1320 1455 1417 1493 Nor-

463 1537 480 1555 «
511 1520 745 1559 mandorum
771 1519 966 1569 sanguine
996 1517 1132 1565 ducti,
1156 1518 1417 1556 Tunisienses

463 1597 479 1618 «
510 1594 623 1633 reges
654 1583 773 1620 variis
796 1580 977 1620 cladibus
1002 1579 1252 1625 afficiebant,
1276 1578 1419 1629 Aphri-

464 1659 480 1678 «
509 1654 660 1692 eaeque
689 1647 842 1693 partem
870 1641 1139 1691 possidebant.
1170 1656 1186 1678 ›>
1226 1640 1280 1678 Ec
1293 1638 1416 1691 paulo

456 1708 569 1755 post:
603 1719 621 1738 «
650 1705 692 1742 In
721 1705 943 1752 Aragonia,
967 1703 1124 1752 inquit,
1155 1704 1255 1740 etin
1287 1703 1417 1741 Sicilia

465 1779 482 1799 a
510 1770 629 1814 atque
664 1766 701 1801 in
740 1765 908 1802 caeteris
941 1764 1100 1814 regnis,
1126 1774 1294 1813 quorum
1326 1774 1415 1801 sum

465 1841 481 1861 «
512 1828 755 1864 mentionem
778 1826 970 1864 facturus.
999 1839 1016 1861 »
1043 1826 1150 1863 Haec
1175 1824 1251 1873 ille,
1275 1828 1312 1863 et
1328 1835 1418 1863 cum

463 1889 501 1925 in
530 1887 661 1926 decem
697 1887 787 1926 aliis
804 1919 813 1935 ‚
843 1898 941 1938 quos
966 1890 1103 1938 postea
1139 1889 1291 1924 tantum
1320 1886 1419 1924 scri-

458 1950 562 2000 psit,
595 1947 730 1996 libris,
762 1960 883 1998 neque
913 1949 1180 1999 Hispanorum
1209 1959 1332 1998 neque
1359 1947 1421 1986 si-

466 2009 643 2048 culorum
674 2020 811 2060 reyum
828 2041 838 2057 ‚
870 2021 938 2047 nec
963 2020 1103 2047 earum
1118 2008 1422 2060 provinciarum

466 2071 710 2118 meminerit,
747 2082 843 2123 opus
873 2082 959 2109 eum
990 2082 1065 2109 non
1095 2069 1310 2122 perfecisse
1338 2081 1426 2108 con-

468 2133 755 2171 stantissimum
786 2136 856 2177 esc,
884 2132 1056 2182 Scripsit
1095 2132 1211 2169 etiam
1239 2131 1286 2168 de
1319 2130 1427 2169 aedi-

462 2195 645 2244 ficatione
670 2195 860 2233 Panormi
885 2193 1119 2244 opusculum
1149 2192 1254 2244 quod
1278 2195 1425 2231 eoestat.

471 2258 670 2295 Hactenus
699 2257 902 2304 Fazellus,
931 2257 998 2305 qui
1031 2257 1067 2293 in
1098 2266 1215 2306 opere
1253 2255 1426 2293 Ranzani

471 2319 757 2368 quinquaginta
787 2322 942 2356 tantum
975 2317 1094 2355 libros
1123 2317 1333 2367 agnovisse
1370 2316 1430 2352 vi-

471 2379 598 2418 detur.
630 2380 774 2417 Verum
807 2378 904 2417 haec
933 2380 955 2417 a
986 2378 1140 2416 Fazello
1169 2378 1288 2416 nimis
1317 2387 1429 2427 prae-

468 2442 573 2490 cipiti
600 2440 747 2490 judicio
764 2440 911 2489 prolata
936 2439 1140 2478 contendit
1161 2439 1428 2489 Mongitorius,

469 2504 534 2552 qui
566 2507 652 2540 octo
694 2502 899 2553 grandiora
942 2502 1116 2540 Ranzani
1157 2501 1358 2539 volumina
1390 2501 1429 2537 iu

470 2564 708 2603 Bibliotheca
739 2563 915 2602 coenobii
941 2564 979 2602 S.
1003 2563 1222 2611 Dominici‚
1248 2561 1428 2601 Panormi

472 2631 630 2664 servata
659 2626 810 2676 pluries
839 2624 939 2662 vidit
968 2629 1008 2662 ot
1037 2624 1216 2670 evolvit,
1245 2627 1285 2661 et
1316 2624 1352 2660 in
1384 2622 1430 2659 iis

473 2698 549 2725 non
580 2688 867 2736 quinquaginta
899 2686 1019 2724 libros
1050 2691 1232 2734 tantum,
1264 2684 1334 2723 sed
1370 2694 1431 2721 se-

473 2750 631 2798 xaginta
662 2752 702 2785 et
731 2759 853 2786 unum
880 2749 1071 2786 contineri
1097 2749 1270 2796 asserit,
1299 2750 1433 2785 aucto-

474 2821 638 2859 remque
683 2809 884 2847 historiam
931 2819 1068 2847 revera
1110 2809 1157 2847 ad
1201 2808 1431 2847 umbilicum

476 2871 739 2920 pei-duxisse:
769 2882 888 2919 quam
920 2870 1070 2908 scilicet
1101 2872 1137 2907 in
1170 2870 1294 2919 primo
1324 2870 1434 2907 volu—

477 2933 581 2969 mine
624 2932 672 2970 ab
701 2933 848 2981 origine
899 2931 1033 2970 mundi
1064 2931 1293 2976 exorditur,
1323 2934 1364 2967 et
1394 2931 1431 2967 in

478 2994 736 3032 seeuentibus
764 2993 812 3032 ad
842 2998 1028 3031 octavum
1050 3003 1178 3041 usque
1202 2992 1432 3029 continuata

478 3065 669 3093 annorum
702 3057 802 3093 serie
831 3055 877 3093 ad
909 3065 1058 3093 annum
1089 3052 1432 3092 MCCCCXLVIII.

479 3114 663 3153 deducit.-
695 3118 731 3153 in
763 3128 840 3166 quo
870 3127 972 3166 opus
998 3115 1226 3165 complevit.
1257 3114 1317 3152 Ex
1347 3112 1433 3162 qui-

482 3176 555 3212 bus
580 3178 755 3216 caveum
783 3180 819 3215 in
842 3179 984 3216 Histor.
1011 3178 1128 3215 litter.
1154 3180 1194 3214 et
1218 3186 1308 3214 eum
1330 3174 1434 3212 cxci-

483 3237 654 3284 pientem
697 3240 894 3277 Olearium
926 3241 962 3277 in
1001 3239 1096 3278 Bibl.
1127 3239 1268 3288 Script.
1311 3236 1432 3274 Litter

484 3296 634 3334 Eccles.
678 3301 930 3348 emendabis,
962 3303 1026 3350 qui
1072 3311 1141 3338 sex
1181 3299 1290 3337 libris
1334 3307 1433 3347 opus

487 3357 656 3395 llanzani
689 3363 874 3399 coarctari
907 3366 1107 3410 putarunt.

1295 222 1582 262 PETRUS

1528 291 1612 330 Non
1631 292 1844 330 omittendi
1872 292 1984 332 Libri
2006 290 2198 333 Chorales
2218 290 2340 341 officii
2363 290 2430 328 Di-

1475 351 1562 390 vini
1572 351 1703 401 juxta
1740 352 1862 390 ritum
1899 354 2061 392 Ordinis
2099 351 2430 391 Praedicator-um

1476 411 1780 462 eleqantissimi‚
1803 424 1904 461 quos
1920 415 1957 452 in
1983 426 2100 453 usum
2117 413 2318 453 Ecclesiae
2331 422 2430 450 suae

1481 474 1696 512 Lucerinae
1722 473 1837 511 scribi
1855 473 2056 524 jusserat,
2087 487 2179 514 cum
2204 475 2289 513 suis
2320 473 2430 512 cleri-

1480 535 1538 573 cis
1570 539 1616 573 ut
1647 535 1768 572 ritum
1813 535 2107 574 Dominicanor.
2139 537 2433 586 sequerentur,

1481 597 1750 645 persuasisset
1772 607 1781 633 :
1807 595 1879 633 hos
1900 606 1994 633 vero
2017 608 2108 636 eum
2135 596 2251 647 juxta
2279 593 2431 634 concilii

1481 657 1702 695 Tridentiui
1733 656 1895 695 decreta
1911 657 2033 695 ritum
2050 658 2270 697 Romanum
2280 665 2436 695 assum-

1483 719 1534 756 sit
1559 718 1622 756 illa
1644 718 1846 767 Ecclesia,
1877 719 1897 756 a
1921 718 2093 768 capitulo
2119 719 2308 757 Lucerino
2331 727 2438 755 eme-

1483 784 1577 818 runt
1593 780 1836 817 Dominicani
1855 780 2061 826 Venusini,
2080 779 2224 829 quibus
2245 783 2285 819 et
2301 780 2439 817 etiam-

1484 852 1579 880 num
1610 845 1782 879 utuntur
1810 845 1914 879 teste
1944 840 2151 879 Altamura
2167 839 2214 878 ad
2230 840 2304 879 An.
2323 839 2438 878 4492.

1486 903 1550 941 ubi
1575 902 1624 940 de
1653 903 1853 940 Ranzano.
1876 903 1932 940 De
1960 912 2006 939 eo
2029 905 2187 951 praeter
2201 901 2342 939 citatos
2361 901 2441 951 agit

1487 964 1608 1001 etiam
1632 963 1807 1013 Toppius
1830 963 1869 1000 in
1894 962 1992 1001 Bibl.
2011 961 2172 1013 Neapol.
2194 961 2441 1000 contendens

1487 1025 1561 1061 etsi
1599 1025 1789 1062 Panormo
1835 1022 2076 1071 oriundum,
2121 1027 2261 1061 natum
2306 1025 2441 1061 tamen

1489 1085 1644 1135 Neapoli
1663 1098 1672 1122 :
1696 1089 1737 1123 at
1757 1084 1982 1123 reluctatur
2003 1093 2078 1122 non
2096 1083 2225 1122 solum
2244 1081 2445 1122 Leaander

1488 1146 1677 1185 Albertus
1706 1157 1854 1196 suppar
1873 1174 1880 1193 ‚
1909 1144 2059 1184 diserte
2074 1155 2284 1184 assserens
2301 1145 2447 1182 Panor-

1485 1209 1539 1246 mi
1567 1209 1733 1258 primam
1749 1207 1879 1245 lucem
1897 1205 2065 1250 vidisse,
2087 1206 2171 1245 sed.
2186 1210 2226 1244 et
2244 1204 2442 1244 Antonius

1488 1271 1702 1320 Mongitore
1731 1270 1769 1307 in
1802 1268 1954 1307 Bibliot.
1984 1268 2091 1307 Sieil.
2122 1268 2257 1306 fassus
2285 1270 2444 1305 tantum

1488 1331 1783 1370 adolescentem
1825 1330 2028 1380 Neapolim
2069 1330 2264 1376 missum,
2300 1327 2367 1366 >ubi
2407 1328 2446 1365 in

1484 1397 1568 1431 arte
1599 1392 1795 1430 rhetorica
1825 1392 2017 1430 Thomam
2047 1392 2276 1429 Pon-tanum
2300 1417 2309 1437 ,
2333 1389 2450 1438 Magi—

1490 1458 1618 1492 strum
1644 1453 1823 1503 audivit,
1849 1458 1892 1492 ut
1918 1454 2002 1503 ipse
2022 1453 2236 1491 Ranzanus
2276 1454 2449 1489 testatur

1490 1516 1703 1554 Annalium
1734 1519 1828 1553 tom.
1861 1516 1960 1553 VIlI.
1983 1515 2050 1553 lib.
2069 1514 2168 1553 XLI.
2191 1513 2256 1552 ubi
2293 1513 2351 1552 sic
2379 1511 2448 1550 ha-

1490 1578 1556 1615 bet
1578 1591 1584 1615 ε
1615 1577 1778 1615 Thomas
1799 1575 2003 1615 Fontanus
2022 1587 2097 1628 per
2117 1573 2219 1613 idem
2242 1576 2391 1625 tempus
2408 1571 2450 1610 in

1491 1638 1624 1677 eadem
1653 1637 1753 1677 urbe
1782 1637 1939 1689 publico
1968 1636 2183 1676 conductus
2212 1633 2366 1674 salario
2408 1633 2449 1672 in

1489 1712 1634 1752 mayna
1661 1699 1887 1752 frequentia
1916 1710 2152 1751 maynopere
2181 1696 2353 1735 omnium
2387 1695 2450 1747 fa-

1490 1773 1584 1801 vore
1615 1761 1856 1800 rhetoricam
1885 1760 2026 1811 docuit,
2055 1760 2082 1798 ἁ
2098 1771 2174 1812 quo
2193 1757 2346 1797 biennio
2369 1756 2450 1809 ipse

1494 1823 1694 1862 institutus
1723 1834 1823 1861 sum.
1856 1824 2058 1862 Hactenus
2081 1821 2254 1861 ,lacobus
2276 1819 2422 1866 Quet-issf.

1545 1885 1566 1907 Ξ
1596 1886 1710 1923 Liber
1736 1886 1953 1935 inscriptus
1975 1881 2284 1922 commentarius
2313 1880 2359 1920 de
2381 1893 2452 1920 an—

1495 1946 1675 1997 tiquitate
1695 1946 1932 1996 primordiis
1957 1949 1996 1984 et
2009 1955 2229 1998 proyressu
2242 1942 2357 1982 urbis
2374 1943 2454 1982 Pa-

1495 2007 1649 2054 normi,
1680 2018 1783 2045 anno
1805 2006 1965 2045 demum
1993 2012 2036 2046 ut
2059 2019 2108 2045 ex
2129 2006 2254 2045 literis
2278 2006 2316 2043 in
2340 2016 2454 2044 exor-

1497 2069 1560 2106 dio
1589 2069 1674 2106 libri
1702 2069 1907 2117 impressis
1932 2068 2048 2107 4734.
2072 2066 2239 2117 prodiit⁷
2264 2070 2304 2104 et
2328 2076 2453 2116 qua-n-

1499 2135 1583 2168 tum
1614 2131 1840 2168 coniectura
1872 2139 2092 2179 assequor,
2123 2129 2303 2167 Panormi
2346 2129 2384 2165 in
2417 2128 2453 2166 4..

1498 2202 1614 2241 opera
1640 2191 1798 2229 Antonii
1823 2191 2052 2241 Mongitoris
2072 2218 2080 2238 ‚
2101 2200 2343 2239 quamquam
2368 2190 2455 2228 eius

1501 2263 1643 2290 nomen
1692 2263 1768 2290 non
1811 2253 2061 2302 exprimitur.
2113 2251 2188 2290 Est
2232 2261 2327 2289 vero
2361 2262 2458 2301 opu-

1501 2313 1656 2352 sculum
1702 2313 1808 2351 istud
1851 2314 1979 2363 portio
2025 2313 2184 2351 maioris
2225 2310 2296 2362 Op.
2320 2311 2375 2350 ¹ab
2410 2322 2456 2349 eo

1500 2375 1734 2425 compositi3
1766 2374 1982 2412 Annalium
2014 2373 2167 2412 scilicet
2195 2383 2364 2422 quorum
2393 2371 2457 2410 hic

1501 2436 1703 2475 Fabricius
1748 2437 1955 2483 meminit,
1998 2445 2200 2484 quamque
2237 2434 2456 2484 portionem

1503 2500 1586 2548 ipse
1617 2509 1684 2547 per
1714 2508 1756 2535 se
1780 2498 1989 2535 Ranzanus
2009 2507 2057 2534 ex
2080 2506 2197 2546 opere
2215 2499 2456 2534 extraxerat.

1558 2559 1751 2597 PETRUS
1780 2556 1980 2597 Remensis
1999 2556 2137 2596 Ordin.
2161 2555 2298 2595 Praed.
2315 2556 2353 2593 in
2369 2555 2460 2593 Gal·

1502 2621 1550 2658 lia
1574 2620 1622 2658 ab
1646 2619 1719 2658 An.
1749 2619 1862 2658 4224.
1885 2618 2145 2657 Provincialis
2166 2622 2286 2666 atque
2309 2615 2401 2655 inde
2413 2615 2456 2654 A.

1505 2682 1619 2720 4242.
1643 2682 1865 2731 Episcopus
1902 2679 2115 2729 Aginensis
2145 2678 2220 2717 sub
2253 2676 2458 2727 metropoli

1506 2742 1803 2793 Burdegalensi.
1846 2740 1940 2779 Vide
1978 2739 2182 2778 laudatum
2200 2738 2345 2784 Quetif,
2362 2741 2456 2776 tom.

1507 2805 1622 2842 4445.
1653 2815 1736 2852 seq.
1763 2803 1930 2853 Scripsit
1950 2800 2106 2851 ylossas
2133 2811 2255 2851 super
2291 2797 2457 2838 Biblzam

1506 2868 1623 2903 totam
1652 2864 1979 2915 compendiosum
2009 2873 2135 2914 opus.
2175 2866 2216 2900 et
2251 2861 2459 2901 Sermones

1507 2926 1554 2964 de
1597 2927 1811 2964 Dominicis
1849 2929 1890 2963 et
1928 2924 2214 2963 festivitatibus
2265 2923 2345 2961 fere
2389 2933 2459 2972 per

1506 2991 1632 3024 totum
1663 2998 1828 3025 annum.

1560 3048 1751 3087 PETRUS
1775 3047 1820 3086 de
1841 3047 1940 3098 Riqa
1954 3075 1966 3092 ,
1984 3058 2075 3086 cum
2092 3047 2295 3097 superiore
2309 3049 2458 3083 etcum

1506 3112 1619 3148 Petro
1636 3110 1869 3148 Come-storo
1887 3109 2120 3158 neutiquam
2136 3105 2457 3149 confundendus,

1507 3172 1652 3210 Cantor
1677 3175 1716 3209 et
1738 3170 1963 3210 Canonicus
1988 3169 2197 3208 Remensis
2221 3168 2270 3206 ab
2286 3166 2332 3205 A.
2349 3167 2461 3204 circi-

1508 3239 1568 3271 ter
1591 3231 1704 3271 4170.
1729 3232 1944 3271 defunctus
1967 3231 2083 3270 Anno
2106 3230 2220 3269 4209.
2255 3227 2352 3267 Vide
2395 3227 2461 3266 Al-

1508 3294 1624 3331 berici
1651 3293 1870 3333 Chronicon
1902 3304 1986 3343 pag.
2020 3292 2164 3329 450.et
2186 3289 2377 3329 Bulaeum
2398 3289 2457 3327 hi-
