2467 3993
382 177 458 216 676
983 174 1012 211 ll
1036 173 1066 212 E
1090 172 1121 211 N
1148 174 1189 212 R.

399 249 445 285 Et
474 246 648 291 fugiendo
675 244 773 288 suga,
803 252 914 288 quem
944 243 1032 287 fuga
1058 244 1138 280 sola
1167 245 1281 290 sugat.

375 305 430 342 Ne
460 308 494 340 te
523 302 734 348 'wirie¹·itiae
759 309 913 335 consors
942 297 1072 335 dilatio
1102 303 1228 338 tardet

399 361 456 398 Ad
481 360 590 402 bona,
615 368 702 392 nam
725 357 881 401 cupiens
905 357 1033 393 omnia
1060 360 1166 394 tarda
1193 364 1308 404 putat.

373 417 466 454 Nan]
484 425 585 450 mora
603 414 779 456 denigrat
798 415 1176 462 dennunmeritumq.
1195 417 1371 464 minorat,

396 473 466 508 Sed
493 472 566 511 cita
595 470 817 515 grandificat
846 482 1005 506 munera
1034 482 1151 516 parva
1182 485 1330 511 manus.

373 534 426 570 Ne
453 532 585 567 credas
611 532 710 566 solos
739 536 935 574 magnates
963 542 1048 567 esse
1072 534 1277 580 timendos,

394 577 461 623 E‘st
487 587 581 622 fidus
607 586 744 628 socius,
770 590 825 621 est
855 590 892 621 et
915 587 1061 622 amiens
1089 598 1239 624 amans.

370 645 490 681 Maior
522 643 669 687 honos,
700 643 914 689 Pyladem,
941 642 1176 691 charumque
1215 648 1349 683 timere

1163 705 1348 751 sodalem,

392 759 516 802 Quam
543 757 680 806 Syriae
709 767 852 801 regem,
883 757 1168 804 Caesareosque
1197 761 1324 796 duces.

370 817 559 851 invidiam
589 815 724 860 fugias,
755 825 978 860 morsusque
1005 816 1148 851 sororis
1178 818 1346 863 iniquae,

394 873 499 917 Quae
528 872 660 909 rabido
686 872 830 908 clarum
860 873 973 908 dente
1002 873 1158 910 caninat
1184 886 1290 919 opus.

368 930 447 967 Nec
474 934 511 967 te
526 935 757 977 ⁴,praetereat
784 929 973 967 humanae
1000 933 1112 967 sortis
1139 933 1257 976 origo,

392 987 536 1025 'ferrea
564 991 675 1031 testa,
703 987 770 1022 luti
799 987 922 1032 gleba,
951 990 1144 1034 miserque
1173 990 1283 1025 cinis„

368 1045 448 1081 Heu
464 1056 552 1081 caro
567 1043 836 1089 nostra,dolor!
851 1046 933 1089 plus
952 1046 1044 1081 ssore
1060 1047 1198 1082 caduca
1217 1048 1371 1092 caduce,

393 1101 465 1146 Qui
495 1112 613 1147 parvo
638 1102 761 1146 spatio
786 1101 827 1137 fit
854 1112 960 1147 puer,
989 1107 1102 1148 atque
1128 1114 1262 1140 senex.

373 1158 494 1201 Quam
515 1157 690 1202 fragilem
709 1159 849 1194 textrix
865 1161 1034 1195 contexit
1053 1170 1195 1196 aranea
1219 1161 1346 1205 telam,

395 1214 488 1251 Tam
517 1215 645 1261 fragili
674 1217 812 1261 tegitur
840 1217 1008 1261 tegmine
1036 1217 1112 1252 vita
1141 1217 1281 1253 brevis.

375 1273 594 1316 Quemlibet
613 1271 651 1308 in
671 1271 836 1318 propriis
857 1272 1040 1317 gradibus
1064 1272 1260 1319 probitatis
1285 1274 1350 1309 ho-

1241 1343 1348 1376 nora,

393 1386 596 1432 optimitas
624 1385 693 1424 tibi
719 1387 769 1423 sit
796 1387 879 1433 plus
907 1385 1075 1423 bonitate
1099 1389 1269 1433 placens.

265 1451 323 1487 9ο,
371 1444 622 1490 Simplicitate
642 1444 773 1480 fruens
796 1444 857 1480 hic
876 1445 1014 1480 scotica
1037 1446 1176 1481 fercuta
1199 1447 1350 1490 miscet,

396 1501 468 1545 Qui
501 1502 597 1546 plus,
625 1505 737 1548 atque
766 1503 891 1537 minus
919 1507 1053 1548 aequat
1083 1502 1224 1539 honore
1255 1502 1347 1548 pari.

372 1560 591 1595 Fermentat
617 1558 740 1594 claros
769 1570 970 1595 numerosa
1000 1562 1161 1605 pecnnia
1194 1573 1332 1607 mores,

394 1616 500 1659 Quae
529 1617 595 1652 tibi
623 1617 654 1650 si
684 1616 795 1652 suerit
822 1617 973 1661 hospes,
1005 1623 1041 1654 et
1068 1618 1185 1654 hostis
1216 1629 1297 1663 ego.

372 1674 541 1709 Moribus
569 1673 757 1718 excultus,
784 1675 957 1710 sincerus
986 1679 1127 1719 mente,
1157 1677 1348 1713 modestus

395 1731 565 1776 Actibus,
593 1733 810 1776 exemplum
841 1742 945 1778 voce,
976 1732 1103 1776 rigore
1133 1733 1274 1777 gravis.

372 1790 470 1825 Dura
489 1817 498 1834 ‚
527 1790 694 1826 modesta
713 1816 722 1834 ‚
750 1789 877 1835 probis
893 1817 902 1835 ,
940 1791 1113 1834 patiens,
1155 1797 1321 1827 maturus
1338 1818 1347 1835 ‚

1134 1849 1348 1889 abundans,

395 1904 540 1950 Perfer,
568 1915 668 1948 ama,
699 1904 857 1947 tribuas,
881 1908 1022 1948 mente,
1049 1905 1195 1950 vigore,
1221 1916 1347 1941 manu.

370 1957 509 1995 Contra
533 1964 708 1995 ventosas
736 1960 877 2004 rabies,
905 1965 942 1995 et
971 1960 1142 1995 fulminis
1172 1961 1280 2004 ictus,

393 2016 481 2051 Plus
507 2007 647 2062 quercu
674 2017 794 2052 solida
822 2018 918 2052 levis
946 2020 1091 2053 arundo
1122 2023 1254 2062 potest.

370 2073 569 2110 Praevalet
593 2074 630 2109 in
652 2075 797 2110 cunetis
820 2075 983 2111 discreta
1009 2076 1190 2110 modestia
1217 2076 1347 2121 rebus,

394 2130 474 2174 Qua
501 2130 584 2166 sine
614 2133 794 2167 virtutum
825 2133 971 2175 grande
1001 2133 1140 2177 peribit
1168 2144 1274 2178 opus.

367 2187 464 2224 Nam
481 2189 606 2233 pravis
623 2190 714 2224 dare
731 2190 781 2223 nil
800 2190 914 2231 aliud,
933 2200 1044 2234 quam
1062 2199 1179 2233 prava
1199 2191 1343 2235 sovere;

395 2243 498 2280 Unde
526 2246 653 2289 probis
682 2250 826 2282 tantum
855 2247 970 2281 debet
998 2247 1133 2283 adesse
1165 2258 1313 2282 manns.

371 2301 451 2338 Sint
474 2303 560 2338 licet
581 2303 748 2347 obscuri,
778 2315 824 2339 ne
849 2315 1009 2349 spernas
1033 2303 1203 2349 corporis
1227 2309 1345 2350 artus,

398 2360 441 2395 ln
469 2360 603 2405 quibus
632 2360 828 2403 ingenium
857 2363 939 2407 plus
969 2361 1154 2397 brevitate
1184 2367 1316 2406 potest.

380 2416 826 2463 Lampadibustemplum
847 2419 1153 2462 ditans‚<lulcore
1171 2420 1350 2465 palatum,

397 2474 462 2510 Est
490 2475 631 2520 brevis,
659 2480 697 2512 et
725 2476 843 2512 fructu
873 2477 1023 2521 duplice
1051 2477 1171 2513 servit
1201 2478 1295 2522 apis.

374 2531 438 2567 Est
465 2530 593 2568 brevis
621 2534 804 2579 accipiter
822 2561 831 2578 ,
852 2533 1048 2573 volucrum
1076 2539 1201 2571 tamen
1229 2535 1355 2572 obruit

1198 2604 1352 2639 agmen,

402 2645 448 2683 Et
475 2647 577 2692 sugat
603 2648 742 2684 elatum
771 2651 902 2695 vipera
932 2659 1051 2694 parva
1078 2649 1228 2686 bovem.

276 2705 356 2739 100.
384 2703 439 2739 Sit
465 2704 534 2740 tibi
563 2709 785 2750 perpetuum
814 2707 981 2751 spolians
1009 2707 1150 2742 derisio
1178 2709 1310 2743 dentes

405 2759 547 2807 Hostis,
575 2766 612 2798 et
642 2762 804 2799 insidiae
833 2762 881 2799 sit
909 2764 1016 2799 dolus
1044 2764 1137 2799 illud
1165 2765 1280 2801 idem.

379 2818 1350 2867 Discretus,etsapiens.nrhanus‚largus,honorus,

400 2875 600 2916 Providus,
628 2876 813 2920 intentus,
842 2882 1020 2913 strenuus
1048 2882 1141 2923 esto,
1173 2878 1279 2923 vigil.

372 2931 518 2977 Scripta
547 2932 679 2978 legens
707 2937 893 2980 veterum,
916 2936 1083 2980 rigidum
1106 2939 1253 2972 sectare
1281 2936 1351 2972 Ca·

1207 2996 1347 3038 lenem,

399 3045 627 3091 Morigerum
649 3046 846 3092 Senecam,
870 3049 1143 3095 pacificumque
1169 3050 1349 3087 Probum.

377 3101 610 3148 Dulichium,
649 3105 842 3151 Arastum,
877 3106 1125 3152 Ciceronem,
1162 3108 1345 3152 Nestora,

1205 3165 1346 3210 Titum,

401 3213 564 3258 Pectore,
593 3218 764 3261 consilio,
794 3230 915 3266 more,
945 3221 1144 3266 loquendo,
1173 3231 1302 3258 manu.

1245 177 1798 223 SEPTlMELLE'N.

1419 250 1499 287 Non
1514 252 1722 298 Hypoeras,
1739 265 1812 290 non
1831 254 1915 301 ipse
1937 257 2015 293 suis
2038 258 2251 295 Podalirius
2274 258 2418 306 herbis,

1443 307 1524 343 Non
1557 310 1643 346 licet
1673 310 1870 355 ingenium
1902 314 2031 351 fundat
2061 316 2196 360 Apollo
2222 327 2354 360 suum;

1419 363 1555 401 (lannia
1585 367 1759 402 verbosis
1789 377 2001 408 memorent
2034 373 2290 410 medicamina
2324 374 2398 410 lin-

2303 432 2398 476 guis,

1443 479 1549 522 Quae
1577 482 1607 515 si
1637 486 1825 517 tentarem
1853 483 2019 528 singula,
2049 490 2196 532 tempus
2223 487 2313 524 abit.

1419 536 1465 572 Et
1490 537 1585 573 inihi
1607 536 1800 577 Sicaneos,
1828 540 1889 574 ubi
1916 546 2041 577 nostra
2067 545 2220 588 palatia,
2243 556 2383 590 muros,

1443 595 1503 630 Sic
1535 599 1606 631 stat
1635 598 1866 640 propositum
1897 599 2048 642 mentis,
2078 602 2184 637 adire
2212 602 2318 638 libet.

1418 650 1516 690 Ergo
1544 653 1645 688 dicta
1675 654 1746 688 tuis
1777 653 1911 698 iungas
1941 657 2197 693 medicamina
2225 660 2394 706 morbis,

1444 707 1490 744 Et
1518 720 1779 755 quaecumque
1808 712 1916 747 vides
1944 713 2175 757 proficienda
2203 716 2284 751 tibi.

1423 766 1566 801 Litibus
1590 767 1726 812 bostis,
1744 770 1940 804 fraudibus
1965 769 2283 816 hostis‚criminis
2306 772 2423 810 hostis

1442 824 1484 860 Et
1513 835 1609 870 quae
1637 826 1849 870 depravant
1876 828 2054 863 omnibus
2082 828 2200 865 hostis
2227 830 2317 866 eris.

1418 881 1515 917 Iuris
1537 884 1694 928 amicus,
1715 884 1868 920 honoris
1892 886 2048 926 amicus,
2069 885 2212 921 amicus
2233 886 2395 931 honesti,
2425 896 2441 927 1

1442 938 1488 975 Et
1517 951 1612 986 quae
1641 941 1858 985 iustificam,
1889 942 2001 978 rebus
2030 943 2173 978 amicus
2201 942 2291 978 eris.

1419 996 1520 1032 Ilaec
1549 1003 1749 1043 praecepta
1792 999 1917 1034 libens
1953 999 2060 1043 vigili
2104 998 2213 1035 trahe
2255 999 2398 1034 morbi-

2197 1057 2266 1092 dus
2294 1067 2398 1104 aure,

1443 1109 1548 1152 Quae
1577 1111 1764 1156 permixta
1792 1112 1904 1147 simul
1933 1111 2122 1157 combibe,
2151 1124 2266 1150 sanus
2292 1114 2383 1150 eris.

1421 1165 1465 1202 Et
1487 1169 1573 1203 licet
1591 1168 1683 1203 haec
1697 1169 1792 1204 bona
1811 1171 1899 1209 sint,
1918 1171 2033 1205 multo
2052 1172 2195 1214 potiora
2214 1171 2400 1217 relinquo,

1444 1225 1550 1268 Quae
1580 1236 1652 1259 non
1681 1230 1769 1262 sunt
1797 1226 1968 1263 humeris
1996 1227 2161 1264 officiosa
2189 1229 2274 1273 tuis,

1420 1282 1521 1318 Ilaec
1557 1282 1625 1319 tibi
1659 1282 1863 1320 sufficiant.
1902 1283 1984 1320 Non
2029 1286 2159 1321 omnia
2198 1297 2396 1332 possumus

2239 1354 2373 1381 omnes
2391 1357 2399 1380 :

1444 1397 1498 1433 Tu
1523 1398 1620 1443 quod
1646 1397 1792 1433 habere
1815 1398 1919 1434 vales
1943 1399 2106 1446 suscipe,
2130 1400 2229 1436 velle
2250 1400 2348 1436 sine.

1419 1456 1589 1493 Araento
1613 1455 1750 1491 fruitur
1772 1456 1935 1492 rutilans
1958 1459 2017 1493 cui
2038 1458 2164 1494 deficit
2185 1468 2319 1493 aurum
2340 1473 2348 1501 ς

1444 1511 1491 1547 Et
1515 1513 1634 1547 violas
1657 1515 1792 1556 carpit,
1817 1514 1879 1558 qui
1909 1515 2040 1560 nequit
2065 1525 2188 1559 ungue
2212 1526 2349 1551 rosam.

1418 1568 1526 1605 Tunc
1551 1570 1621 1605 iter
1645 1571 1837 1615 arripiens
1860 1571 1911 1608 ait
1932 1583 1941 1607 ε
1980 1572 2100 1617 Haec,
2131 1571 2310 1617 Henrice,
2341 1583 2398 1609 re-

1443 1674 1491 1711 Et
1513 1675 1626 1711 tinem
1651 1675 1781 1711 verbis
1804 1675 1906 1712 hunc
1926 1677 2030 1713 dedit
2052 1677 2142 1714 illa:
2168 1633 2397 1714 Valstconde,

1419 1732 1450 1769 O
1487 1743 1592 1769 meus
1629 1735 1724 1770 alter
1762 1744 1857 1779 ego,
1897 1736 2096 1780 probitatis
2131 1736 2308 1772 alumnus
2325 1764 2334 1781 ,
2364 1740 2402 1774 et
2462 1763 2467 1779 i

2246 1793 2399 1840 hospes,

1444 1846 1679 1893 Longepres,
1705 1847 1916 1884 Henrieum
1938 1849 2092 1896 suscipe
2116 1855 2242 1886 mente
2266 1855 2381 1887 tuum.

1416 1904 1528 1940 Nulla
1554 1910 1701 1941 remota
1725 1907 1786 1940 via
1808 1906 1971 1942 solidum
1997 1908 2157 1951 partitur
2180 1919 2349 1944 amorem

1441 1962 1484 1997 Et
1507 1962 1537 1996 si
1567 1972 1680 2007 quem
1707 1965 1881 2007 partitur,
1907 1965 2128 2008 integritate
2151 1970 2265 2003 caret.

1417 2018 1494 2055 Nee
1534 2030 1656 2064 mons,
1687 2031 1756 2055 nec
1795 2021 1963 2066 planum,
2001 2032 2072 2058 nec
2109 2034 2195 2068 pars
2233 2025 2397 2070 spatiosa

2248 2084 2397 2120 marina

1443 2133 1676 2179 Disiungunt
1699 2133 1780 2179 hos,
1804 2145 1898 2180 quos
1922 2136 2071 2180 copulat
2092 2148 2186 2172 unus
2209 2148 2330 2175 amor.

1418 2189 1635 2236 Longcpres
1669 2193 1769 2228 unde
1800 2193 1930 2238 locus,
1967 2194 2064 2240 quod
2097 2205 2203 2230 amor
2233 2196 2399 2232 dimittat

2194 2263 2365 2289 amorem
2382 2255 2399 2290 ‘l

1443 2305 1548 2341 Talis
1571 2306 1618 2342 ab
1641 2307 1822 2351 oppositis
1845 2307 1982 2344 dicitur
2005 2318 2090 2345 esse
2113 2309 2227 2345 locus.

1421 2362 1532 2407 Ergo,
1554 2368 1593 2400 ut
1615 2366 1717 2400 vivat
1733 2376 1837 2400 arnor
1858 2365 2061 2402 concordia
2083 2369 2210 2410 donat,
2230 2371 2266 2404 et
2282 2379 2395 2404 unum
2429 2378 2467 2411 Γ]

1447 2421 1555 2455 Velle
1580 2422 1671 2457 dnos
1696 2433 1808 2457 unum
1835 2423 2027 2459 mentibus
2050 2435 2135 2460 esse
2159 2425 2258 2461 facit.

1423 2477 1568 2524 Tuque,
1599 2490 1672 2515 nec
1701 2480 1908 2527 immerito,
1936 2482 1995 2517 cui
2025 2493 2163 2519 nomeu
2197 2484 2302 2519 floris
2336 2483 2401 2519 ad-

2250 2539 2398 2586 haeret,

1450 2593 1680 2634 Florcntine,
1703 2598 1842 2631 statum
1868 2599 1994 2632 mente
2017 2606 2166 2632 resume
2188 2599 2304 2634 tuum.

1423 2652 1539 2688 Pareo
1559 2652 1641 2692 tilii,
1662 2653 1748 2696 quia
1769 2663 1881 2697 pareo
1900 2654 1984 2696 tuis,
2007 2655 2073 2690 ssos
2099 2653 2255 2700 inclyte,
2278 2655 2399 2700 culpis

1444 2708 1491 2745 Ni
1516 2713 1574 2744 tua
1599 2709 1767 2747 vivifices
1791 2710 1935 2745 viribus
1959 2715 2038 2746 acta
2062 2710 2146 2747 tuis.
2269 2758 2275 2761 .

1422 2764 1575 2811 Suscipe
1595 2766 1766 2802 millenis
1788 2768 2104 2813 citharam‚quam
2128 2767 2264 2813 dirigo,
2277 2767 2421 2814 nervis,

1444 2822 1618 2866 Orpheus
1643 2823 1769 2867 ignota
1792 2825 1976 2859 carminis
1996 2828 2076 2860 arte
2100 2825 2217 2860 rudis.

1421 2877 1579 2925 inclyte,
1606 2880 1665 2916 cui
1689 2881 1788 2926 vivo,
1812 2880 1842 2916 si
1872 2883 1969 2924 vivo,
1994 2882 2148 2926 provide
2171 2882 2326 2918 Praesul

1442 2935 1675 2977 Florentine,
1700 2942 1838 2973 statum
1861 2939 1955 2974 seito
1979 2939 2146 2984 benigne
2168 2950 2309 2975 meum.

1416 2992 1505 3028 Sum
1546 3004 1677 3039 passus
1708 2996 1837 3039 gravia
1857 3022 1866 3040 ,
1900 2997 2100 3040 graviora,
2139 2996 2391 3040 gravissima,

2255 3057 2390 3099 quarto

1442 3105 1569 3142 Passio
1591 3107 1621 3143 si
1643 3108 1734 3143 velit
1754 3119 1829 3152 ars,
1853 3108 1970 3153 possit
1990 3110 2117 3146 inesse
2141 3112 2272 3155 gradu.

1417 3163 1514 3209 Ergo
1539 3167 1635 3211 vale,
1660 3166 1829 3202 Praesul.
1850 3165 1940 3202 Sum
1966 3172 2104 3211 vester,
2125 3168 2280 3213 spiritus
2301 3168 2370 3204 iste

1442 3222 1526 3257 Post
1549 3227 1707 3258 mortem
1732 3228 1874 3266 vester,
1896 3225 2053 3265 credite,
2078 3228 2208 3261 vester
2229 3226 2315 3261 erit.

381 3268 497 3303 Indue
513 3270 688 3309 virtutum
707 3276 888 3320 traheam,
907 3282 1149 3323 mentemque
1169 3283 1358 3314 trutanam
1416 3278 1478 3316 Vix
1493 3291 1547 3321 us,
1561 3284 1595 3315 et
1612 3281 1801 3316 extinctus
1819 3286 1852 3317 te
1868 3292 2021 3327 semper
2035 3282 2186 3324 amabo;
2201 3284 2267 3318 sed
2287 3286 2387 3318 esset

404 3324 518 3369 Lxue,
545 3337 683 3371 quaere
711 3331 864 3377 bonum,
892 3333 1154 3380 despiciasque
1183 3337 1335 3371 malum.

1436 3336 1609 3372 Viventis
1632 3337 1782 3383 melior,
1806 3349 1917 3384 quam
1943 3340 2140 3376 morientis
2171 3350 2289 3375 amor.

1141 3391 1317 3428 121le
1359 3391 1521 3430 TOMl
1567 3392 1630 3431 Vl.
