2517 4009
1016 207 1242 244 SIMON

179 275 335 313 SIMON
371 273 673 320 Cremonensis7
706 274 871 312 Ordinis
892 276 1086 314 Fratrum

126 337 407 376 Eremitarum
431 335 854 385 Augustinianorum‚
874 339 983 376 circa
1012 348 1088 375 an—

117 411 218 438 num
251 400 369 439 1337.
401 399 580 446 Scripsit
612 399 838 439 Sermones
867 403 914 440 in
944 404 1087 440 Evan-

118 465 247 512 qelia,
280 463 495 509 Reutling.
530 462 634 499 1484
669 463 737 500 fol.
770 465 816 501 in
857 465 1087 512 Epistoias‚

124 525 515 573 Quaerayesimaie,
533 524 758 563 Sermones
773 526 821 564 cle
835 526 1090 573 praecipuis

117 589 330 634 Deiparae
362 587 705 635 festivitatibus,
751 588 1021 631 Quaestiones
1050 589 1090 626 et

116 649 416 698 Expositiones
438 649 776 697 Sententiarum,
797 651 845 688 ae
866 651 1087 698 indumen-

116 714 195 751 tiis
223 714 382 751 Assisii
412 714 485 751 ete.
530 714 788 751 Trithemius
817 724 852 750 c.
886 713 979 749 602.
1010 714 1089 750 Mi-

117 785 238 812 raeus
266 785 300 812 c.
325 776 417 813 433.
441 776 699 813 Whartonus
720 778 908 824 Append.
932 778 984 813 ad
1004 777 1084 813 Ca-

119 849 242 877 veum
282 851 320 887 p.
365 841 430 877 24.
476 841 702 880 Sermones
742 843 785 878 in
826 840 1082 878 monasterio

119 903 300 950 August.
331 904 630 951 Ratisponensi
650 914 778 941 manu
799 905 995 941 exaratos
1016 914 1086 940 as-

114 969 275 1004 servari
295 967 414 1005 docet
427 968 545 1004 Felix
558 969 775 1005 Milensius
789 970 833 1005 in
847 968 1083 1015 Alphabeto

114 1028 284 1067 Ordinis
305 1031 590 1067 Eremitarum
613 1031 652 1067 S.
674 1031 905 1077 Augustini
926 1042 964 1077 p.
987 1031 1080 1067 283.

116 1095 248 1131 Arisii
277 1095 485 1132 Cremona
514 1095 683 1132 literata
723 1095 824 1132 tom.
856 1095 885 1130 I.
917 1106 957 1141 p.
991 1094 1081 1131 179.

113 1157 220 1194 Phil.
261 1158 389 1195 Elssii
425 1158 763 1195 Encomiasticon
804 1158 1084 1204 Augustinia-

114 1232 216 1259 num
246 1233 285 1268 p.
319 1221 410 1260 626.
453 1222 685 1259 GandoIfus
726 1223 774 1259 de
819 1222 894 1258 CO.
935 1223 1082 1268 Augu-

116 1283 315 1320 stinianis
330 1284 599 1330 scriptoribus
614 1295 652 1331 p.
669 1284 761 1321 319.
783 1285 947 1330 Hippoi.
969 1284 1081 1319 Mar-

113 1346 239 1382 raccii
268 1345 373 1382 Bibl.
404 1346 592 1382 Mariana
620 1347 733 1382 tomo
765 1345 803 1380 II
833 1356 872 1391 p.
903 1344 998 1381 368.

165 1406 187 1428 ᾖ
209 1409 356 1447 Simon
392 1408 682 1446 Cremonensis
703 1407 915 1454 aliquanto
947 1408 1081 1444 serius

113 1480 238 1517 quam
266 1470 334 1507 hic
374 1469 644 1507 constituitur
680 1469 835 1516 floruit⁷
866 1479 965 1505 nam
1001 1472 1079 1505 An.

117 1531 223 1569 1387
262 1533 434 1580 Regens
477 1532 628 1569 scholae
658 1532 834 1568 coenobii
865 1532 931 1567 sui
970 1530 1082 1567 Gen-

112 1597 256 1633 nensis
301 1595 557 1633 constitutus
597 1595 663 1633 est
687 1624 697 1643 ‚
742 1595 942 1643 extatque
989 1595 1079 1632 eius

116 1660 271 1697 mentio
300 1660 345 1696 in
373 1660 556 1698 vetustis
586 1660 849 1697 documentis
868 1670 999 1707 usque
1029 1661 1081 1697 ad

109 1723 277 1759 Annum
309 1722 429 1759 1390.
460 1723 616 1761 Praeter
647 1733 773 1770 opera
799 1723 869 1759 hic
898 1723 1082 1760 indicata

107 1785 278 1833 scripsit
305 1784 434 1823 etiam
472 1786 721 1824 Collationes
750 1786 1014 1823 mortuorum
1034 1787 1081 1824 in

108 1850 342 1897 Evanqelia
363 1851 402 1887 et
429 1850 626 1897 epistolas
647 1849 778 1886 totins
809 1848 926 1895 anni,
952 1857 1080 1894 qaae-

110 1911 266 1949 stiones
287 1912 335 1949 de
360 1911 576 1960 Sanguine
608 1910 787 1957 Christi,
814 1910 1080 1948 harmoniam

110 1974 158 2011 in
178 1974 436 2021 Evangelia,
468 1974 514 2011 in
544 1973 761 2021 Epistolas
789 1973 931 2019 Pauli,
953 1972 1081 2010 libros

109 2037 367 2082 sanctornm,
383 2035 532 2082 quibas
553 2035 723 2073 additae
742 2035 843 2072 sant
867 2034 1081 2073 Constitu-

110 2098 244 2136 tiones
284 2097 508 2136 Clementis
554 2099 593 2134 V.
628 2097 713 2145 (ita
752 2098 796 2133 P.
839 2097 1041 2135 Gandolfo
1068 2127 1077 2144 ,

111 2161 185 2198 sed
214 2162 312 2208 quid
341 2161 399 2198 sit
438 2161 698 2209 postremum
737 2161 815 2197 hoc
853 2171 955 2208 opus
997 2171 1080 2198 non

111 2223 332 2272 assequor)
365 2225 470 2262 Vide
500 2224 702 2261 Gandolfo
723 2224 767 2260 in
785 2223 897 2260 Diss.
929 2224 978 2261 de
1001 2224 1077 2260 CC.

119 2289 458 2336 Augustinianis.

167 2350 324 2388 SIMON
353 2352 671 2398 Dominieanas‚
701 2351 797 2388 vide
840 2360 965 2398 supra
1007 2351 1077 2388 SI-

111 2413 220 2450 MON
248 2413 423 2461 Anqlns.

167 2474 325 2512 SIMON
360 2474 643 2521 Danstactins,
674 2476 866 2521 Anglus‚
908 2474 1078 2511 Franci-

111 2547 277 2585 scanus‚
307 2537 350 2574 et
378 2536 547 2574 Ordinis
575 2538 641 2573 sui
669 2537 953 2583 provincialis,
975 2537 1078 2573 scri-

112 2600 199 2648 psit
239 2601 286 2638 in
325 2600 569 2638 Aristotelis
607 2599 807 2637 Meteora.
850 2599 910 2635 De
950 2598 1075 2636 aetate

110 2672 196 2700 non
223 2661 403 2700 constat.
433 2662 640 2699 Lelandus
670 2671 704 2697 0.
737 2661 827 2698 442.

166 2724 325 2763 SIMON
339 2724 723 2770 Feoershamensis,
738 2724 919 2770 Aug-lus,
943 2724 1074 2762 Theo-

109 2790 236 2835 logiae
277 2787 429 2824 Doctor
471 2786 721 2823 oxoniensis
745 2814 755 2832 ‚
798 2786 839 2823 et
881 2787 1074 2824 Ecclesiee

108 2850 368 2888 Birtonensis
398 2850 442 2886 in
471 2847 683 2885 Comitatu
719 2848 882 2886 Gantiae
926 2849 1075 2886 Rector

109 2915 218 2950 circa
257 2923 293 2949 a.
339 2910 456 2949 1370.
501 2911 677 2957 Scripsit
719 2912 765 2948 in
804 2912 1074 2950 Aristotelem

112 2978 160 3015 cte
202 2975 485 3021 animalibus,
514 2975 619 3012 item
649 2976 695 3013 in
725 2976 818 3022 ejas
841 2977 997 3023 priora
1038 2978 1076 3014 et

102 3038 363 3087 posteriora,
380 3037 648 3080 Qaaestiones
660 3046 789 3085 snper
804 3037 961 3075 Ethiea
973 3039 1074 3076 Ari-

109 3100 290 3146 stotelis,
325 3099 595 3142 Quaestiones
630 3099 677 3136 in
710 3098 911 3144 Memora,
941 3098 1074 3140 Quae-

108 3165 265 3203 stiones
295 3164 343 3202 de
374 3164 532 3210 anima,
564 3164 611 3201 de
650 3171 774 3200 sensa
815 3164 855 3200 et
895 3164 1073 3200 sensato.

109 3226 318 3265 Lelandus
347 3235 382 3262 0.
417 3226 508 3263 408.
552 3225 714 3263 Balteus
757 3225 872 3262 Cent.
904 3225 974 3262 VI.
1006 3226 1071 3263 30.

110 3290 275 3327 Pitseus
303 3298 336 3325 0.
370 3288 461 3325 623.

2066 209 2143 244 483

1233 277 1390 314 SIMON
1422 276 1614 323 Ficiatns,
1647 276 1739 313 vide
1771 285 1896 322 supra
1928 274 2075 314 Simon
2097 278 2144 315 de

1183 339 1342 377 Cassia.

1231 404 1390 441 SIMON
1419 405 1468 443 de
1490 404 1723 449 Florentia,
1742 403 1838 440 vide
1860 402 1972 441 infra
1997 402 2143 440 Simon

1183 467 1537 514 Tornaqnineins.

1260 529 1416 565 SIMON
1447 528 1667 567 Fraainns
1689 529 1866 574 Anglice
1888 528 2033 574 Asche,
2066 527 2145 564 Ca-

1175 594 1348 629 nonicus
1368 592 1703 629 Herefordiensis
1725 592 1835 628 circa
1854 602 1890 628 a.
1923 591 2042 629 1200.
2066 590 2148 628 Sil-

1176 657 1318 694 vestro
1348 656 1518 692 Giraldo
1539 656 1836 692 amicissimus.
1863 655 2041 702 Scripsit
2069 664 2142 702 pro

1174 721 1267 766 ipso
1295 720 1532 769 Apoloyiam
1564 720 1848 767 rhythmicam
1868 720 2014 756 contra
2033 720 2147 756 Ada-

1175 793 1289 819 mum
1319 782 1526 819 Abbatem
1558 781 1812 818 Dorensem:
1837 783 1884 819 cle
1905 782 2146 820 innocentia

1174 845 1376 891 ejusaem,
1407 854 1498 891 quae
1533 853 1640 879 nunc
1670 844 1912 889 prodierunt
1946 845 2060 880 tomo
2092 843 2142 878 II.

1173 907 1338 953 Angliae
1370 917 1534 944 sacrae:
1581 907 1796 953 Epistolas
1836 908 1876 943 et
1927 905 2143 945 Carmina.

1172 971 1380 1008 Lelandus
1409 979 1444 1006 c.
1477 969 1570 1007 215.
1596 969 1758 1005 Baleeus
1780 968 1948 1005 Centur.
1980 968 2052 1004 III.
2076 969 2141 1006 39.

1171 1034 1336 1070 Pitseus
1365 1043 1399 1069 0.
1430 1031 1521 1069 277.
1552 1032 1613 1068 Jo.
1645 1032 1790 1068 Princo
1814 1031 2038 1067 Danmonii
2059 1032 2143 1067 ori—

1172 1098 1333 1135 entales
1362 1098 1562 1134 illustres.
1595 1107 1634 1143 p.
1667 1097 1703 1132 9.

1227 1161 1383 1197 SIMON
1414 1160 1591 1206 Freron,
1613 1160 1845 1196 Canonicus
1866 1160 2142 1202 Aurelianen-

1174 1224 1248 1269 sis,
1278 1224 1452 1260 Concilii
1482 1223 1736 1259 Basileensis
1759 1224 1940 1269 primum
1962 1223 2015 1259 ad
2033 1223 2142 1258 Pon-

1169 1287 1342 1334 tificem,
1364 1288 1515 1325 deinde
1539 1287 1592 1323 ad
1614 1286 1914 1333 Imperatorem
1937 1286 2141 1322 Constan-

1170 1350 1497 1397 tinopolitanum
1527 1349 1729 1395 Legatus.
1761 1349 1864 1394 EJus
1886 1348 1981 1384 sunt
2007 1349 2142 1386 tertia

1163 1422 1274 1460 pars
1296 1412 1596 1460 proposiionis.
1630 1411 1879 1457 Imperatori
1910 1411 1999 1457 J'am
2030 1410 2140 1447 dicto

1171 1474 1292 1511 factae
1316 1503 1325 1521 ,
1374 1476 1418 1510 in
1459 1474 1657 1510 Conciliis
1698 1474 1854 1510 Labbei
1904 1474 2016 1510 tomo
2063 1473 2144 1509 XII

1170 1548 1209 1584 p.
1241 1537 1335 1574 826.
1365 1537 1559 1584 Epistola
1588 1537 1643 1574 aa
1670 1536 1832 1583 Papam
1870 1545 2000 1584 saper
2021 1535 2144 1583 facto

1175 1601 1436 1641 Graecorum
1463 1602 1507 1637 in
1535 1599 1718 1636 Mai-tene
1749 1598 1791 1636 et
1835 1599 2007 1636 Dux-and
2048 1599 2142 1636 Col-

1169 1665 1264 1702 lect.
1295 1665 1484 1710 ampliss.
1513 1662 1615 1699 tom.
1648 1662 1757 1697 VIII.
1789 1672 1828 1708 p.
1861 1660 1955 1699 756.

1226 1726 1382 1764 SIMON
1426 1725 1598 1771 Galim,
1641 1724 1736 1761 Ord.
1780 1724 2136 1770 Praedicatorum,

1171 1793 1307 1829 seculo
1338 1791 1427 1826 XV.
1460 1789 1636 1835 Scripsit
1677 1788 1990 1825 Abstraetiones
2030 1789 2140 1835 Epi-

1168 1854 1377 1892 stolarnm
1406 1863 1439 1889 s.
1465 1852 1688 1891 Sermones
1710 1851 2010 1896 Dominieales‚
2034 1849 2139 1897 Spe—

1169 1916 1310 1953 enlnm
1340 1915 1558 1952 Eeelesiae
1582 1923 1664 1960 pro
1696 1912 1875 1950 rndibas
1904 1913 2140 1950 sacerdoti-

1168 1980 1253 2017 bns.
1285 1978 1430 2023 Quetif
1456 1979 1506 2015 de
1537 1976 1818 2023 Scriptoribus
1844 1975 1940 2013 Ord.
1982 1977 2139 2013 Praedi-

1167 2041 1353 2079 catorum
1381 2040 1482 2077 tom.
1515 2040 1546 2075 Ι.
1579 2049 1676 2086 pag.
1710 2039 1803 2075 904.

1223 2103 1381 2140 SIMON
1412 2102 1713 2148 Gandaoensis,
1745 2101 1883 2148 patria
1902 2101 2139 2138 Londinen-

1169 2167 1243 2212 sis,
1274 2166 1346 2203 sed
1375 2164 1493 2212 patre
1532 2164 1712 2201 Flandro
1755 2164 2024 2202 Gandavensi
2065 2173 2142 2201 na-

1167 2229 1258 2275 tus,
1289 2239 1326 2265 a.
1361 2227 1478 2265 1297.
1522 2228 1751 2274 Episcopus
1796 2228 2137 2264 Sarisburiensis.

1168 2291 1270 2337 EJ‘us
1302 2290 1399 2328 sunt
1443 2291 1491 2328 de
1521 2290 1610 2326 vita
1650 2289 1877 2335 solitaria,
1917 2288 2139 2327 Meclitatio

1166 2356 1214 2393 de
1242 2356 1362 2393 stata
1390 2354 1603 2400 Praelati,
1629 2352 1806 2391 Statnta
1824 2353 2137 2390 Ecclesiastiea

1166 2421 1220 2458 aa
1258 2429 1355 2458 snos
1399 2418 1662 2457 Sacerdotes.
1713 2417 1922 2453 Lelandus
1965 2425 1998 2452 0.
2042 2416 2135 2452 313.

1165 2481 1328 2518 Balaeus
1360 2480 1528 2517 Centur.
1561 2480 1630 2515 IV.
1675 2478 1740 2516 73.
1773 2479 1937 2515 Pitseus
1974 2488 2007 2514 c.
2040 2478 2134 2515 431.

1169 2543 1334 2580 Swertii
1363 2542 1539 2579 Athenae
1570 2541 1751 2587 Belgicae
1783 2552 1821 2588 p.
1854 2540 1946 2578 675.

1221 2604 1377 2642 SIMON
1412 2603 1646 2643 Gandensis
1677 2604 1784 2640 alius
1806 2631 1815 2649 ‚
1846 2605 2029 2650 primum
2058 2605 2132 2642 Al—

1164 2667 1365 2704 ciacensis
1406 2666 1500 2703 Ord.
1547 2665 1701 2702 Bened.
1746 2666 1856 2712 apud
1902 2666 2132 2702 Hesdinum

1163 2731 1340 2768 Artesiae
1369 2730 1595 2777 oppidum,
1631 2729 1726 2776 post
1761 2730 1813 2766 ad
1845 2728 1883 2769 S.
1915 2729 2131 2766 Bertinum

1163 2795 1316 2839 Abbas,
1339 2793 1509 2839 scripsit
1536 2792 1766 2830 Chronieon
1788 2793 1991 2831 Ecclesia
2021 2794 2131 2831 Ber-

1162 2857 1333 2894 tiniaeoe
1363 2857 1414 2893 ab
1445 2865 1552 2892 anno
1586 2855 1689 2892 1021
1721 2864 1851 2901 usque
1883 2855 1934 2891 ad
1972 2865 2128 2894 anuum

1164 2919 1270 2955 1148
1311 2928 1389 2965 quo
1426 2918 1617 2955 Gandavi
1659 2919 1775 2955 obiit.
1815 2919 1905 2955 Val.
1949 2919 2127 2954 Andreae

1162 2981 1266 3019 Bibl.
1295 2981 1468 3028 Belgica
1497 2992 1535 3028 p.
1566 2982 1658 3017 811.
1692 2981 1900 3018 Sanderus
1943 2981 1993 3017 de
2036 2991 2130 3017 eru-

1163 3044 1264 3081 ditis
1296 3045 1640 3082 Gandavensibus
1671 3055 1710 3090 p.
1746 3043 1838 3090 117,
1872 3044 1962 3080 118.

1221 3106 1377 3143 SlMON
1412 3105 1656 3152 Gennensis‚
1679 3106 1771 3142 vide
1793 3107 1931 3152 paullo
1953 3106 2128 3144 inferius

1167 3167 1325 3205 SIMON
1355 3169 1402 3205 cte
1431 3167 1583 3205 Janna.

1228 3230 1390 3267 SIMOM
1425 3229 1669 3277 Gennensis‚
1701 3232 1807 3267 alius
1838 3240 1861 3266 a
1891 3233 2130 3279 superiore,

1166 3293 1348 3330 Medicus
1381 3293 1487 3331 circa
1519 3293 1644 3330 finem
1677 3294 1804 3331 seculi
1834 3293 1929 3331 XIV
1959 3297 2130 3343 scripsit
