2550 4009
659 226 1548 269 MECKLENBURGICORUM
2051 232 2102 271 63

103 298 172 350 pio
194 309 292 338 suae
312 298 572 338 institutionis
589 298 648 348 (ab
665 298 709 337 Α.
733 298 864 347 1125.)
881 296 1067 337 reclusa:

109 359 207 399 obiit
233 361 279 400 in
310 359 524 399 inclusorio
553 371 625 399 suo
653 361 714 399 IV.
747 359 831 400 Cal.
854 359 1010 406 Martii,
1028 359 1068 397 in

108 423 225 475 cujus
255 421 430 461 transitu
446 421 688 473 Anqelorum
706 424 915 460 concentus
931 424 969 459 et
982 420 1068 458 lau-

107 483 182 523 das
199 484 361 523 auditae
392 496 441 522 ac
467 485 650 522 Visiones
675 482 871 535 quaedam
892 486 1070 521 ostensae

103 544 353 597 ferebantur.
384 545 549 598 Sepulta
574 549 635 585 est
662 545 703 583 in
735 544 852 584 choro
887 543 1070 597 fratrum

107 612 199 647 ante
218 609 374 660 ⁸aradus
400 608 644 662 presbyterii
660 639 668 657 ,
683 620 758 646 non
779 608 862 647 sine
892 608 1069 660 opinione

106 670 343 711 sanctitatis.
364 671 540 723 Reliquit
566 674 659 723 post
683 682 725 710 se
745 670 785 708 in
803 670 938 709 eadem
961 669 1061 709 cella

102 731 276 783 quinque
291 744 452 772 sorores
474 733 655 785 Vz‘ryiues
677 733 847 772 CHristo
863 743 1071 771 consecra-

109 797 172 833 tas
195 797 318 846 atque
340 795 526 843 devotas,
553 806 727 847 quarum
747 794 825 834 ista
844 795 1071 834 suntvomi-

105 867 158 894 na
175 869 184 895 ε
209 856 349 907 Sophia
366 888 377 906 ,
404 869 508 909 quae
532 869 622 896 cum
643 869 690 896 ea
708 857 754 896 de
774 859 813 897 S.
831 856 985 896 Albano
1004 869 1070 897 ve-

107 921 246 966 nerat,
271 930 375 970 quae
405 922 444 958 et
466 918 596 958 eodem
621 931 723 959 anno
739 919 845 972 prid.
865 920 952 960 Cal.
972 920 1071 972 Maji

107 978 230 1019 obiit:
258 980 488 1030 Gerlindis,
522 981 738 1030 Demodis,
770 982 996 1032 Luitgardis
1025 987 1066 1020 et

105 1042 410 1090 GERTRUDIS‚
427 1054 531 1094 quae
551 1044 714 1082 Domino
744 1042 785 1081 in
801 1047 963 1082 sanctae
984 1043 1071 1083 Vir-

102 1103 282 1155 9initatis
293 1105 498 1156 proposito
516 1116 643 1156 usque
660 1105 715 1143 ad
730 1105 838 1144 vitae
858 1106 1069 1144 terminum

105 1165 344 1205 servierunt.
380 1166 488 1204 Idem
520 1167 733 1205 confirmat
750 1167 996 1205 Trithemius
1030 1168 1067 1204 in

107 1228 375 1277 Hirsaugiensi
402 1228 598 1267 Chronico
627 1228 675 1266 ad
694 1228 868 1267 eundem
888 1228 1066 1268 Α.1155.

105 1300 192 1339 pag.
226 1289 316 1328 136.
347 1300 431 1339 seq.
463 1289 558 1328 edit.
592 1290 882 1336 Freherianae,
913 1290 978 1328 ubi
1003 1289 1071 1328 ad-

106 1349 165 1389 dit
194 1350 392 1389 Mechtildi
423 1350 554 1389 adhuc
584 1352 622 1388 in
653 1362 773 1389 carne
804 1353 959 1389 viventi
989 1355 1071 1389 tes-

109 1414 322 1451 timoninm
352 1413 580 1452 sanctitatis
605 1412 848 1463 perhibitum
879 1413 901 1450 a
919 1412 1073 1452 S.H1L-

105 1474 348 1514 DEGARDI.
372 1475 557 1526 Quinque
582 1475 669 1513 libri
700 1475 907 1513 Visionum
933 1476 1070 1525 scripti

107 1536 131 1574 a
160 1536 371 1575 Mechtilde
401 1541 497 1576 sunt
526 1537 701 1587 primum
720 1536 976 1584 Germanice,
997 1536 1069 1574 sed

107 1603 227 1638 vetus
257 1600 396 1637 Latina
427 1599 559 1637 versio
590 1597 695 1637 edita
717 1599 839 1637 Paris.
862 1598 980 1637 1513.
1002 1599 1069 1636 fol.

106 1660 210 1711 apud
238 1660 283 1699 H.
313 1659 562 1711 Stephanum
592 1671 744 1708 avum,
777 1671 853 1698 una
895 1671 988 1698 cum
1030 1661 1068 1698 S.

107 1724 277 1763 Hermae
305 1724 495 1770 Pastore,
527 1721 755 1760 WETTINI
786 1721 965 1760 Monachi
1012 1723 1072 1759 vi-

109 1787 220 1824 sione
239 1814 250 1833 ,
274 1789 315 1823 et
343 1784 667 1824 Revelationibus
710 1785 752 1824 S.
796 1784 1073 1823 HILDEGAR—

109 1848 216 1896 DIS,
246 1848 461 1898 fratrisque
491 1847 738 1895 ROBERTI,
769 1851 809 1885 et
839 1847 880 1886 S.
903 1847 1074 1885 ELISA-

109 1910 322 1949 BETHAE:
352 1909 402 1948 de
424 1910 570 1960 quibus
601 1909 799 1960 singulis,
826 1910 930 1947 sicut
957 1910 1074 1948 GER-

111 1972 279 2011 TRUDE
310 1983 469 2022 quoque
497 1982 601 2022 quae
616 1971 841 2010 Mechtildis
859 1971 1072 2010 defunctae

112 2034 322 2082 meminit,
353 2033 505 2072 dictum
536 2039 599 2073 est
616 2045 688 2073 suo
710 2034 807 2072 loco.
831 2035 1008 2073 Exstant
1033 2038 1074 2072 et

109 2091 305 2135 editiones
335 2095 561 2135 Mechtildis
591 2097 792 2134 visionum
833 2096 990 2146 Lipsiae
1033 2100 1074 2134 et

112 2159 151 2196 in
169 2158 301 2208 Belgio
320 2163 361 2197 et
383 2170 475 2197 cum
493 2158 711 2209 Evangelio
727 2157 929 2197 Nicodemi
945 2189 956 2206 ,
975 2159 1075 2196 Len-

111 2220 184 2259 tuli
213 2220 423 2271 Epistola,
462 2221 622 2259 Visione
652 2221 783 2259 isaiae
825 2220 1071 2271 Prophetae,

112 2282 151 2321 S.
180 2281 332 2321 Alberti
361 2283 548 2333 Episcopi
578 2283 886 2333 Agrippinensis
930 2287 970 2320 et
1012 2284 1073 2321 Si-

111 2343 244 2394 byllae
272 2343 524 2394 Erythraeae
556 2344 744 2382 vaticinio
777 2344 919 2382 Venet.
959 2345 1075 2383 ⁴522.

113 2406 149 2444 8.
173 2410 260 2446 tum
285 2406 419 2446 Colon.
448 2405 561 2445 1536.
589 2406 728 2445 Venet.
747 2407 863 2444 1558.
881 2407 997 2445 1568.
1015 2417 1075 2444 ec.

107 2471 230 2518 atque
252 2479 302 2506 ex
319 2467 454 2506 Italica
473 2467 685 2514 versione,
720 2467 952 2505 Mantuanis
969 2469 1076 2518 typis

112 2532 217 2566 teste
241 2529 460 2567 Possevino
487 2557 495 2576 ‚
518 2532 559 2564 et
579 2528 721 2565 Venet.
750 2527 864 2566 1589.

167 2587 188 2611 *
216 2590 274 2628 De
302 2589 546 2628 editionibus
575 2600 740 2639 operum
773 2590 938 2638 virginis
958 2589 1078 2628 huius

115 2655 277 2690 sanctae
332 2651 429 2689 nihil
482 2650 545 2689 hic
588 2650 815 2689 addendum
867 2653 1077 2689 succurrit.

114 2713 224 2759 Quae
254 2716 388 2752 tamen
419 2714 474 2752 ait
502 2712 710 2751 Fabricius
739 2712 788 2750 de
812 2714 1037 2763 conscripto
1058 2725 1079 2751 a

113 2775 154 2814 S.
170 2775 381 2813 Mechtilde
399 2775 617 2826 spiritualis
635 2775 783 2825 gratiae
806 2774 935 2812 libello
951 2805 961 2822 ‚
984 2774 1079 2813 haec

114 2837 210 2875 mihi
239 2836 401 2887 quidem
428 2848 504 2875 non
528 2836 759 2887 probantur.
786 2837 841 2874 lta
864 2838 969 2874 enim
996 2837 1081 2885 lego

116 2900 154 2936 in
185 2903 388 2948 postremo
417 2899 547 2949 capite
577 2898 662 2937 libri
694 2900 741 2937 11.
771 2899 850 2937 Iste
871 2897 971 2936 liber
997 2897 1083 2950 sere

116 2961 218 2998 totus
250 2970 277 2997 a
304 2970 481 3010 persona
506 2958 567 2998 illi
597 2959 822 3011 familiari,
859 2959 927 2999 cui
952 2963 1083 2998 screta

114 3032 190 3060 sua
217 3019 400 3060 revelare
427 3025 706 3070 consueverat,
738 3022 794 3060 ita
836 3022 1084 3074 conscriptus

116 3087 199 3132 est,
243 3086 290 3122 ut
315 3081 410 3121 haec
454 3081 527 3121 Dei
565 3082 714 3121 ancilla
750 3083 981 3134 1'9noraret;
1017 3083 1086 3122 scd

116 3145 279 3186 tristata
307 3149 388 3192 est,
418 3149 464 3184 ut
489 3145 643 3183 omnino
672 3144 875 3183 consolari
896 3157 972 3183 non
997 3157 1084 3195 pos-

116 3213 190 3247 set.
212 3208 259 3246 In
279 3205 378 3245 libro
407 3207 444 3245 V.
471 3217 556 3258 cap.
581 3206 676 3244 XXI.
699 3205 880 3258 sufficere
895 3207 985 3257 jezm
1014 3218 1077 3245 vo-

118 3269 261 3320 lumus.
280 3299 289 3308 .
310 3301 317 3309 .
336 3300 344 3308 .
364 3268 455 3308 licet
475 3266 602 3307 multa
622 3279 830 3320 possemus
847 3268 996 3307 addere
1013 3272 1081 3307 etc.

117 3334 224 3373 Haec
243 3336 376 3374 autem
399 3331 454 3371 ad
474 3330 546 3370 Dei
567 3329 692 3370 solius
723 3329 907 3382 yloriam,
935 3335 972 3369 et
990 3343 1083 3382 pro-

1141 300 1349 339 mimorum
1385 299 1593 339 utilitatem
1633 300 1902 351 protulimus:
1943 305 1980 340 et
2006 303 2103 354 quia

1144 361 1347 413 incliynum
1374 363 1609 414 putavimus
1633 364 1672 402 si
1698 362 1816 402 utilia
1839 376 1915 402 uon
1953 368 2105 403 tantum

1143 422 1255 462 uobis
1270 455 1281 473 ,
1307 425 1376 463 scd
1399 429 1437 463 et
1456 424 1609 477 futuris
1635 424 1786 464 silentio
1807 430 2042 476 teyerentur.
2069 427 2108 465 si

1144 486 1271 538 ipsius
1295 487 1547 526 venerandae
1571 499 1768 539 personae
1798 489 1921 528 vitam
1945 493 1983 528 et
2018 501 2106 527 con-

1143 550 1409 589 versationem
1446 549 1710 589 venerabilem
1757 554 1825 589 etc.
1867 553 1969 591 Haec
2008 564 2105 591 sane

1144 612 1265 650 verba
1296 612 1385 650 libri
1432 612 1551 651 huius
1581 624 1602 651 a
1645 613 1854 652 Mecthilde
1898 614 2104 654 diversum

1143 672 1435 711 demonstrant.

1197 733 1775 775 MECKLENBURGICORUM
1820 739 1906 776 sive
1948 738 2109 777 MEGA-

1145 795 1503 836 POLlTANORUM
1534 798 1774 848 scriptorum
1821 800 2106 839 ilistoricorum

1145 858 1432 897 Bibliothecam
1465 864 1752 910 exspectamus
1775 862 1796 899 a
1821 862 1911 900 Viro
1936 862 2108 900 clarissi-

1148 931 1211 958 mo
1241 919 1394 959 Davide
1417 919 1600 959 Richter-o
1621 953 1631 970 ,
1658 923 1778 972 Lycei
1803 923 2108 962 Gustroviensis

1144 982 1324 1020 Rectore.

1197 1043 1420 1082 Chronicon
1462 1045 1500 1083 S.
1532 1046 1758 1086 MEDARDI
1791 1048 2107 1091 Svessionensis,

1142 1103 1314 1143 Auctore
1344 1107 1537 1144 Monacho
1567 1107 1751 1157 ejusdem
1784 1109 1974 1148 Coenobii
2013 1109 2108 1148 Ord.

1142 1166 1290 1204 Boned.
1314 1166 1362 1205 ab
1386 1167 1461 1206 An.
1483 1168 1522 1206 C·
1545 1169 1634 1206 797.
1666 1170 1713 1208 ad
1738 1171 1852 1209 4260.
1879 1171 2004 1210 edidit
2035 1173 2109 1210 Da-

1143 1228 1303 1267 cherius
1334 1233 1430 1267 tom.
1455 1230 1478 1268 2
1505 1230 1699 1281 spicilegii
1722 1243 1758 1281 p.
1784 1231 1875 1282 781.
1897 1232 2018 1281 (edit.
2044 1245 2111 1271 no-

1145 1300 1219 1327 vae
1243 1295 1324 1328 tom
1351 1291 1375 1329 2
1404 1303 1488 1341 pag.
1516 1291 1719 1341 [iso-492.)
1736 1295 1880 1332 Locum
1904 1306 2026 1333 unum
2054 1295 2109 1332 al-

1151 1355 1372 1402 terumque
1405 1353 1583 1392 illustrat
1614 1354 1730 1393 lladr.
1751 1356 1934 1395 Valesius
1961 1357 1998 1393 in
2035 1357 2109 1395 Va—

1148 1412 1310 1451 lesianis
1342 1425 1428 1464 pag.
1457 1415 1519 1454 81.
1546 1427 1629 1465 seq.

1203 1476 1635 1516 MEDELOCENSIUM
1659 1481 1744 1516 sive
1765 1478 2108 1518 Mediolacensium

1149 1539 1187 1575 in
1210 1537 1415 1577 Comitatu
1442 1538 1678 1578 Hollandiae
1701 1540 1982 1580 Monachorum
2003 1571 2010 1588 ,
2051 1541 2112 1580 Vi-

1149 1602 1229 1637 tam
1251 1604 1290 1638 et
1322 1599 1524 1643 miracula
1548 1603 1587 1640 S.
1624 1600 1838 1640 Adalberti
1861 1602 2020 1640 Diaconi
2052 1614 2112 1641 se—

1147 1662 1236 1701 culo
1266 1667 1408 1701 octavo
1433 1664 1529 1702 clari
1553 1664 1802 1713 Egmondani
1838 1663 1961 1703 edidit
1984 1666 2110 1703 Laur..

1149 1725 1293 1764 Surius
1314 1724 1363 1763 ad
1389 1726 1453 1765 25.
1476 1727 1554 1764 Jun
1608 1727 1832 1765 Sinceriora
1867 1731 1987 1776 atque
2014 1727 2114 1765 inte-

1151 1788 1279 1837 griora
1319 1799 1411 1826 cum
1449 1789 1554 1826 notis
1592 1788 1830 1826 Henschenii
1872 1793 1966 1827 tom.
1998 1789 2042 1826 V.
2074 1790 2112 1826 in

1151 1849 1264 1891 Actis
1288 1850 1468 1888 Sanctor.
1493 1851 1597 1889 Junii
1624 1862 1660 1901 p.
1687 1850 1748 1889 97.
1777 1852 1863 1889 103.
1887 1850 2115 1901 additisper

1149 1911 1432 1962 Egmondanos
1452 1912 1663 1951 Monachos
1683 1913 1770 1951 aliis
1802 1913 2004 1952 miraculis
2026 1918 2114 1964 post

1151 1974 1224 2012 An.
1252 1974 1370 2013 4332.
1393 1985 1481 2024 pag.
1508 1975 1596 2013 104.
1629 1976 1719 2013 109.

1204 2036 1376 2074 ,Ioannes
1400 2037 1574 2075 MEDER
1593 2066 1600 2082 ,
1623 2048 1742 2087 supra
1761 2041 1789 2074 t.
1814 2037 1877 2075 IV.
1899 2050 1934 2088 p.
1961 2038 2051 2075 299.

1204 2097 1431 2136 Ludovicus
1455 2098 1769 2146 MEDIAROTA,
1791 2101 2021 2147 PatavinuS,
2048 2101 2116 2138 Pa-

1150 2160 1321 2199 triarcha
1345 2160 1618 2210 Aquilejensis
1647 2166 1687 2199 et
1722 2161 1943 2200 Cardinalis
1973 2161 2115 2200 defun-

1149 2227 1241 2261 ctus
1265 2222 1339 2260 An.
1365 2224 1482 2262 1465.
1523 2222 1640 2272 cujus
1677 2223 1893 2262 laudantur
1917 2222 2116 2274 Epz'stolae

1149 2283 1203 2322 ad
1223 2284 1491 2322 Franczscum
1515 2283 1760 2323 Barbarum.
1795 2285 1892 2323 Vide
1916 2285 2058 2324 Oudin.
2086 2290 2114 2322 t.

1150 2348 1199 2393 3,
1224 2358 1313 2397 pag.
1342 2346 1460 2385 2442.

1204 2408 1225 2431 *
1254 2409 1313 2446 Ex
1345 2408 1526 2458 epistolis
1555 2407 1745 2446 Ludovici
1789 2408 1908 2446 huius
1937 2408 1984 2447 ad
2025 2410 2115 2446 Bar-

1149 2470 1289 2508 barum
1320 2471 1501 2519 geminae
1526 2470 1715 2519 leguntur
1739 2480 1910 2507 excusae
1937 2471 1973 2506 in
1999 2469 2115 2507 colle-

1151 2533 1282 2569 ctione
1325 2531 1584 2580 epistolarum
1631 2531 1828 2568 Francisci
1874 2530 2029 2567 Barbari
2066 2530 2115 2567 ab

1155 2593 1244 2630 Em.
1289 2591 1453 2636 Quirino
1495 2590 1697 2628 adornata.
1744 2589 1840 2628 Vide
1878 2591 1992 2639 epist.
2026 2590 2112 2628 l86.

1156 2652 1244 2692 187.
1276 2652 1403 2691 ciusd.
1436 2652 1702 2690 Collectionis.

1206 2714 1562 2758 MEDOEARDUS,
1593 2711 1891 2760 Mediwardus,
1919 2712 2046 2749 Vitam
2073 2713 2114 2751 S.

1160 2774 1391 2826 lls'alpuryis
1426 2774 1503 2812 An.
1539 2774 1628 2811 780.
1656 2773 1717 2812 ⁶25.
1760 2774 1868 2811 Febr.
1902 2772 2115 2811 defunctae

1155 2849 1277 2887 quam
1305 2848 1420 2886 prosa
1449 2835 1677 2875 Wolf-ardus
1700 2836 1911 2885 prcsb>tor
1941 2834 2116 2872 tradide-

1158 2905 1244 2949 rat,
1268 2900 1457 2949 rhythmo
1479 2898 1654 2938 condidit
1672 2903 1759 2948 post
1785 2898 1843 2935 An
1883 2897 1995 2935 1150.
2020 2897 2115 2934 Pro-

1158 2973 1245 3001 sam
1273 2960 1519 3013 Wolsardus,
1536 2959 1761 3010 rhythmum
1785 2958 1877 3009 fecit
1903 2956 2115 2996 Mediwar-

1158 3022 1246 3060 clus.
1271 3022 1486 3072 Utramque
1508 3020 1630 3058 edidit
1657 3017 1867 3056 Bollandus
1888 3022 1916 3054 t.
1939 3017 1972 3054 3.
2000 3017 2111 3054 Febr.

1159 3087 1222 3125 b25.
1250 3084 1439 3123 Wolfardi
1472 3095 1556 3134 pag.
1585 3083 1673 3120 523.
1705 3086 1744 3118 ct
1782 3079 1993 3119 Mcdibardi
2026 3091 2113 3130 pag.

1159 3150 1247 3187 551.
1272 3149 1362 3186 553.

1211 3206 1586 3250 MEDlNGAUDUS,
1613 3215 1746 3254 supra,
1778 3202 2110 3242 MEDIBARDUS.

1211 3266 1603 3307 MEDIOLANENSE
1623 3266 1859 3311 Chronicon,
1878 3275 2011 3315 supra,
2031 3265 2113 3303 :xit-

1157 3330 1348 3369 NULFUS
1373 3333 1466 3365 tom.
1501 3329 1533 3366 1.
1561 3339 1645 3379 pag.
1679 3329 1766 3367 375.
1792 3327 1967 3365 Annales
1991 3327 2040 3365 ab
2065 3327 2108 3363 A.
