2517 4009
964 225 1293 267 RUFlNUs

134 303 341 342 Theodosii
389 304 437 341 M.
475 301 668 340 Graecam
711 301 868 339 illorum
909 300 1099 339 librorum

136 366 361 404 versionem
387 364 570 402 fecerunt
593 362 776 402 Gelasius
817 363 1102 402 Caesareeusis

135 429 177 465 et
199 426 380 477 Cyrinus
417 425 606 463 Hierosol.
643 429 746 463 teste
785 425 922 464 Photio
947 435 982 474 p.
1012 424 1101 462 420.

141 487 212 526 Usi
233 492 330 526 sunt
352 498 399 526 ea
423 486 699 525 Theodoretus
723 491 764 524 et
787 487 985 526 Socrates.
1016 484 1101 523 Vid.

137 549 328 587 Petavius
352 552 490 587 contra
515 547 696 587 Grotium
723 561 758 599 p.
781 548 845 586 83.
868 546 1104 587 Dodwellus

137 608 293 661 dejure
317 611 524 649 Laicorum
550 609 784 648 sacerdotali
804 621 827 660 p
858 609 948 648 278.
977 610 1104 646 Locus

138 669 288 710 Graece
311 671 476 710 affertur
501 673 538 708 in
565 673 653 710 Act.
678 673 704 710 Ι.
731 671 882 722 Synodi
909 672 1105 710 Nicaenae

140 732 341 772 secundae
373 737 467 772 tom.
500 735 551 772 lll
585 734 850 773 Consiliorum
887 734 986 772 Binii
1017 742 1102 782 pag.

140 793 232 835 494.
253 795 341 834 494.
360 795 546 835 Socrates
562 798 734 846 primum
747 794 835 844 ejus
857 794 975 833 fidem
994 805 1106 845 prae-

142 857 333 897 fationem
363 857 450 896 libri
480 859 526 896 ΙΙ.

193 917 233 958 7.
263 919 580 960 Commentarius
605 931 645 958 in
676 917 855 958 Psalmos
902 918 1038 957 LXXV.
1072 917 1102 956 A

141 982 432 1021 recentioribus
463 983 749 1033 interpolatum
780 981 907 1020 credit
937 980 1105 1020 Gatake-

147 1054 219 1083 rus
248 1045 288 1082 in
318 1044 575 1083 Adversariis
603 1055 640 1094 p.
670 1044 735 1082 70.

199 1107 300 1145 Haec
330 1106 448 1157 opera
479 1106 712 1156 prodierunt
741 1105 866 1157 Lugd.
892 1106 1006 1144 4570.
1038 1106 1108 1144 Pa-

143 1168 209 1208 ris.
241 1168 428 1208 Somnius
460 1168 575 1207 4580.
607 1168 669 1206 fol.
702 1168 803 1217 (303
833 1178 928 1206 cura
960 1167 1102 1205 Renati

140 1231 255 1271 Laur.
286 1231 342 1270 De
370 1231 408 1269 la
440 1229 559 1268 Barre
588 1229 709 1267 editio
741 1226 986 1278 rarissima).
1019 1228 1102 1266 Me-

141 1296 321 1331 moratur
349 1291 472 1330 etiam
502 1289 623 1328 editio
666 1291 844 1328 Romana
886 1288 1012 1328 4470.
1043 1290 1106 1327 fol.

141 1354 246 1403 (304
276 1364 298 1392 a
329 1351 488 1398 Labbe‚
518 1355 560 1391 at
591 1362 669 1390 non
701 1351 803 1389 vidit
832 1350 1108 1399 Audisredus‚

144 1415 357 1466 Specimen
381 1426 419 1465 p.
447 1414 541 1461 69.)

200 1478 238 1516 8.
266 1475 460 1529 Apoloyia
489 1475 693 1527 Pamphili
715 1487 792 1528 pro
824 1476 994 1527 Oriqene
1040 1476 1113 1513 La-

147 1538 226 1578 tine
247 1550 381 1578 versa.
411 1539 559 1578 Exstat
588 1538 765 1590 Operum
812 1537 1050 1588 Hieronymi
1082 1541 1112 1575 t.

143 1602 175 1640 V
206 1613 244 1653 p.
273 1602 366 1641 245.
395 1601 489 1640 edit.
518 1601 762 1640 Martianaei.

199 1664 235 1702 9.
265 1662 457 1715 Apoloyia
493 1674 571 1715 pro
615 1662 808 1713 Orz'9ene‚
839 1662 923 1702 sive
961 1660 1008 1700 de
1041 1662 1112 1698 De-

137 1724 378 1777 pravatione
398 1723 595 1764 librorum
618 1724 813 1776 Oriyenis.
839 1724 933 1762 ibid.
959 1735 995 1772 p.
1020 1723 1111 1761 249.

194 1787 258 1826 40.
276 1785 371 1825 Alia
389 1798 466 1838 pro
484 1786 618 1825 eodem
646 1785 850 1837 Apoloyia.
879 1786 926 1823 ib.
957 1797 992 1835 p.
1019 1785 1110 1823 250.

194 1851 259 1889 44.
288 1847 469 1901 Epistola
497 1848 581 1887 sive
610 1846 803 1900 Apoloyia
848 1847 903 1886 ad
938 1846 1112 1884 Anasta-

143 1911 246 1950 sium
279 1910 435 1961 Papam
464 1909 511 1948 de
535 1909 614 1960 fide
642 1921 730 1948 sua.
758 1909 850 1948 ibid.
877 1921 914 1960 p.
941 1909 1031 1948 259.

193 1974 256 2012 44.
281 1971 485 2011 Invectiva
509 1971 707 2010 adversus
732 1971 1020 2023 Hieronymum
1049 1969 1108 2008 al-

144 2039 256 2074 tera:
287 2038 370 2073 tres
414 2035 521 2073 enim
567 2036 812 2084 scripserat,
842 2035 941 2082 (non
986 2033 1110 2080 duas,

128 2100 186 2136 'ut
213 2097 336 2148 vulgo
364 2095 567 2143 creditur)
599 2100 706 2134 teste
739 2097 824 2146 ipso
866 2097 1108 2145 Hieronymo

140 2162 169 2197 t.
199 2158 233 2197 ΙΙ
264 2169 302 2209 p.
333 2158 420 2198 434.
452 2161 494 2196 et
522 2158 685 2208 saepius
714 2158 821 2196 alibi.
852 2159 895 2196 In
936 2157 1108 2196 editione

145 2220 378 2260 Martianaei
406 2219 469 2258 bis
497 2220 698 2267 occurrit,
729 2224 824 2258 tom.
853 2221 903 2258 IV
935 2224 1033 2270 part.
1074 2219 1110 2256 2.

141 2293 181 2332 p.
216 2282 308 2321 350.
338 2286 379 2320 et
408 2286 503 2320 tom.
534 2282 566 2320 V
596 2295 633 2333 p.
664 2283 756 2322 264.

199 2345 261 2382 43.
291 2341 495 2394 Professio
511 2343 607 2394 fidei
623 2373 632 2391 ‚
654 2345 741 2383 sive
765 2342 975 2383 Palinodia
991 2375 1001 2393 ,
1018 2355 1114 2382 con-

140 2409 255 2444 stans
284 2403 647 2443 Anathematismis
676 2407 765 2446 XII.
794 2407 861 2456 qui
905 2406 1113 2456 origenia-

147 2468 211 2509 nis
239 2470 281 2505 et
311 2466 534 2516 Pelagianis
563 2469 733 2516 oppositi
764 2472 871 2506 sunt.
900 2467 983 2506 Sub
1007 2467 1113 2506 Ruti-

142 2531 180 2567 ni
212 2529 373 2567 nomine
421 2528 524 2565 inter
567 2528 674 2566 Marii
720 2529 953 2566 Mercatoris
983 2527 1113 2579 Opera

142 2589 267 2630 edidit
294 2589 513 2628 Garnerius
540 2594 640 2639 part.
673 2587 687 2626 1
732 2601 768 2639 p.
801 2590 889 2628 lit.
923 2590 1113 2639 {lierony-

141 2663 206 2692 mo
235 2651 353 2690 tribui
386 2652 424 2688 in
455 2651 624 2700 antiquo
655 2651 733 2689 MS.
763 2655 938 2689 testatur
978 2647 1113 2689 Mal-›il-

147 2714 281 2753 lonius
309 2717 405 2751 tom.
436 2711 451 2750 l
481 2713 605 2750 Musei
641 2713 764 2751 Italici
796 2724 834 2762 p.
857 2713 949 2751 248.
978 2712 1112 2751 Edidit

143 2786 306 2826 quoque
338 2775 534 2814 Henricus
566 2774 680 2812 Noris
711 2774 808 2812 Hist.
857 2774 985 2823 Pelag.
1015 2775 1041 2811 l.
1074 2775 1110 2813 3.

143 2835 258 2876 Adde
287 2836 467 2875 Natalem
498 2834 775 2874 Alexandrum
807 2845 888 2873 sec.
913 2835 973 2873 lV.
999 2839 1110 2885 parte

143 2899 170 2937 Ι.
202 2909 291 2950 pag.
321 2897 412 2936 686.

201 2961 264 2999 ⁴4.
296 2958 468 2999 Libellus
495 2959 591 3011 fidei
627 2958 935 3009 prolixissimus
972 2962 1110 2997 contra

144 3023 278 3062 varios
307 3021 530 3059 haereticos
575 3023 711 3059 Latine
757 3032 915 3060 versuS.
951 3023 1109 3060 Primus

142 3082 267 3122 edidit
294 3082 466 3120 Jacobus
491 3082 755 3128 sirmondus,
780 3084 901 3121 Paris.
930 3084 1044 3122 4630.
1072 3085 1107 3121 8.

141 3144 337 3194 repetitus
365 3148 428 3181 est
456 3148 562 3181 tomo
596 3145 609 3181 1
640 3146 816 3193 Operum
847 3146 959 3194 ejus,
1008 3150 1048 3183 et
1081 3150 1106 3183 t.

142 3203 310 3244 xxvn.
354 3205 450 3243 Bibl.
497 3206 658 3244 Patrum
701 3207 910 3245 maximae.
954 3206 1108 3257 Pelagio

142 3267 332 3307 tribuitur
376 3268 413 3304 in
456 3267 533 3305 MS,
575 3267 834 3315 Corbeiensi,
866 3280 984 3318 quam
1016 3280 1106 3307 sen-

138 3329 306 3368 tentiam
339 3328 480 3368 refellit
513 3328 750 3367 Sirmondus
787 3330 1005 3369 Gurncrius
1027 3330 1106 3369 Ru-

2064 221 2141 260 [429

1179 295 1256 333 fino
1286 294 1445 333 cuidam
1478 293 1579 343 Syro
1605 291 1809 338 vindicat,
1840 293 1880 328 et
1904 289 2079 329 illustrat
2104 294 2141 329 in

1179 356 1410 408 Appendice
1442 355 1488 394 ad
1522 360 1675 393 tomum
1709 354 1736 392 1.
1765 352 1872 392 Marii
1917 352 2145 391 Mercatoris

1182 430 1269 469 pag.
1302 419 1392 456 286.
1691 460 1695 463 .

1208 482 1270 519 45.
1303 480 1434 530 Opera
1458 477 1614 530 Joseplzi
1639 477 1775 516 Latine
1800 486 2018 524 conversa,
2042 488 2146 527 quae

1185 553 1248 581 res
1281 543 1352 592 ipsi
1391 542 1489 579 satis
1521 541 1732 578 infeliciter
1768 541 1903 578 cessit.
1953 539 2148 585 Quamvis

1183 604 1293 650 sint,
1325 603 1393 652 qui
1425 613 1501 640 non
1547 601 1597 640 ab
1643 603 1752 652 ipso,
1796 601 1864 640 sed
1911 613 1932 640 a
1975 600 2146 651 quodam

1180 665 1306 703 amico
1336 662 1560 703 Cassiodori
1588 673 1728 701 versos
1756 673 1846 702 esse
1871 663 2007 702 dicant
2031 662 2151 701 libros

1179 725 1479 775 Antiquitatum
1499 755 1508 773 ,
1541 730 1583 762 ut
1613 736 1662 762 ex
1694 724 1782 775 ejus
1811 736 1844 763 c.
1879 725 1940 763 47.
1987 726 2151 764 Institu-

1183 789 1338 826 tionum
1369 786 1597 825 divinarum
1630 791 1771 824 notant
1804 787 2061 833 Lambecius‚
2092 788 2150 825 Jo.

1183 847 1307 887 Andr.
1333 848 1507 896 Bosius,
1540 854 1580 885 et
1610 848 1772 886 Isaacus
1819 848 2015 887 Vossius:
2046 848 2120 895 Qui
2144 878 2152 894 ‚

1184 909 1345 956 nescio,
1379 910 1537 959 inquit,
1570 921 1646 960 quo
1689 907 1773 961 fato
1817 908 1966 961 factum
2005 910 2081 959 sit,
2111 914 2157 948 ut

1184 971 1252 1010 illa
1276 971 1410 1011 versio
1425 969 1499 1009 sub
1524 971 1658 1023 Rufini
1671 969 1848 1009 ambulet
1864 972 2029 1021 nomine,
2054 983 2102 1012 ac
2120 972 2158 1011 si

1182 1045 1385 1073 necessum
1415 1034 1491 1081 sit,
1516 1038 1561 1072 ut
1583 1045 1715 1072 omnes
1741 1032 1894 1084 ineptae
1916 1034 2156 1085 interpreta-

1185 1097 1308 1135 tiones
1342 1096 1526 1147 Rufinum
1552 1093 1726 1133 habeant
1746 1099 1950 1134 auctorem
1986 1096 2156 1146 Epipha-

1185 1159 1236 1195 nii
1270 1158 1504 1197 Scholastici
1536 1158 1697 1195 nomine
1726 1157 1850 1195 edidit
1882 1158 1919 1195 in
1952 1157 2156 1196 luculenta

1186 1230 1258 1258 sua
1284 1219 1448 1270 josephi
1471 1219 1648 1258 editione
1673 1219 1889 1258 Eduardus
1913 1219 2155 1258 Bernardus.

1188 1282 1305 1320 Plura
1335 1281 1488 1319 dabunt
1519 1282 1678 1331 lttigius
1709 1283 1745 1318 in
1780 1281 2074 1331 l’rolegon2enis
2107 1280 2154 1319 ad

1189 1342 1408 1393 Josephum
1440 1347 1481 1381 et
1511 1343 1714 1381 Fabricius
1745 1348 1881 1381 noster
1910 1343 2006 1381 Bibl.
2038 1344 2159 1382 Grae·

1188 1415 1232 1442 ca
1263 1404 1324 1442 lV.
1358 1404 1394 1442 6.
1428 1405 1491 1442 44.
1520 1405 1586 1454 qui
1609 1405 1728 1442 etiam
1754 1404 1949 1443 editiones
1970 1410 2032 1444 sat
2058 1405 2159 1444 mul-

1190 1471 1252 1505 tas
1276 1476 1443 1516 operose
1475 1470 1671 1504 recenset.

1244 1528 1305 1567 46.
1324 1525 1492 1566 Eusebii
1510 1527 1731 1566 Historiam
1752 1527 2074 1568 Ecclesiasticam
2089 1532 2160 1569 La-

1189 1592 1271 1629 tine
1304 1591 1452 1637 vertit‚
1477 1590 1595 1642 cujus
1627 1590 1710 1641 jam
1752 1592 1935 1629 meminit
1970 1592 2162 1643 Augusti—

1190 1664 1267 1691 nus
1292 1652 1340 1691 de
1372 1663 1467 1691 cura
1499 1664 1569 1703 pro
1601 1655 1771 1692 mortuis
1814 1665 1849 1691 c.
1899 1654 1936 1692 6.
1969 1658 2065 1692 tom.
2096 1655 2160 1693 Vl.

1187 1714 1365 1764 Operum
1390 1726 1424 1765 p.
1454 1715 1542 1753 379.
1569 1715 1669 1753 Mala
1689 1715 1753 1754 hic
1773 1715 1849 1753 fide
1878 1721 2067 1755 versatus
2085 1723 2160 1765 est,

1188 1775 1399 1824 addendo,
1432 1776 1623 1815 mutando
1667 1782 1708 1814 et
1752 1777 2040 1816 subtrahendo.
2070 1779 2163 1816 Edi-

1193 1838 1325 1876 tiones
1358 1840 1490 1877 varias
1522 1844 1613 1890 pete
1650 1851 1792 1879 rursus
1831 1853 1880 1879 ex
1919 1841 2161 1880 Bibliotheca

1189 1898 1341 1938 Graeca
1371 1892 1419 1937 τῖς
1450 1913 1551 1938 aava
1580 1903 1624 1940 V.
1649 1902 1715 1941 [ιίι.
1740 1914 1776 1952 p.
1802 1901 1866 1941 59.

1249 1962 1312 2002 47.
1339 1962 1552 2003 Clementis
1576 1964 1878 2015 Re009n2·n·0nes
1904 1967 2054 2004 Latine.
2087 1967 2164 2004 Mo-

1194 2026 1312 2063 minit
1341 2025 1590 2064 Gennadius.
1617 2026 1805 2065 Eduntur
1829 2039 1920 2067 cum
1944 2028 2162 2075 Clemente,

1194 2087 1295 2127 Cum
1323 2087 1503 2140 Epistola
1521 2088 1576 2127 ad
1591 2087 1785 2127 Jacobum
1800 2088 1975 2140 fratrem
1997 2090 2162 2137 Domini,

1186 2162 1306 2200 quam
1341 2156 1477 2189 noster
1509 2151 1644 2190 itidem
1675 2154 1812 2190 vertit.

1246 2212 1306 2250 48.
1332 2211 1512 2250 Anatolii
1536 2211 1656 2251 Liber
1695 2213 1741 2252 (le
1784 2214 1987 2254 Pasclzate.
2024 2216 2161 2255 Versio

1191 2273 1296 2312 edita
1327 2280 1390 2312 est
1428 2286 1447 2313 a
1489 2275 1685 2313 Bucherio
1718 2287 1794 2314 una
1835 2288 1930 2315 cum
1973 2278 2161 2316 Victorini

1186 2336 1366 2375 Paschali
1395 2337 1798 2388 Canone.Antxx·erp.
1831 2339 1947 2376 4634.
1978 2339 2041 2376 fol.
2074 2351 2159 2391 pag.

1190 2399 1285 2437 439.

1245 2462 1305 2499 49.
1361 2460 1547 2511 Ori9enis
1577 2461 1727 2507 varia7
1758 2473 1839 2508 περι
1880 2461 2001 2509 αρκῶν
2032 2464 2167 2502 Homi-

1192 2521 1269 2561 lz'ae
1294 2523 1333 2560 in
1360 2523 1554 2569 Genesin,
1580 2524 1781 2572 Eoeoclum,
1812 2524 2051 2573 Leviticum,
2079 2527 2158 2564 Nu-

1187 2595 1316 2621 meros
1333 2615 1343 2631 ,
1369 2585 1563 2631 Josuam,
1588 2585 1748 2624 ludices
1769 2616 1775 2632 7
1798 2586 1976 2637 primum
1998 2589 2158 2640 Reyum,

1191 2644 1379 2693 Psalmos,
1397 2646 1607 2684 Canticum
1626 2648 1897 2696 canticorum,
1916 2649 1954 2687 in
1966 2649 2083 2700 Epist
2107 2651 2162 2690 ad

1188 2709 1386 2747 Romanos
1400 2708 1550 2747 Latine.
1569 2711 1622 2747 De
1639 2711 1813 2761 singulis
1833 2711 1923 2750 vide
1935 2713 2157 2752 Fabricium

1187 2774 1384 2817 nostrum,
1409 2771 1471 2810 ubi
1498 2771 1546 2810 de
1569 2772 1742 2823 Origene
1767 2775 1862 2823 agit.
1883 2774 1939 2812 De
1964 2774 2062 2813 libro
2081 2787 2157 2822 περι

1185 2827 1307 2881 αρκὶιν
1346 2835 1551 2883 speciatim
1578 2834 1749 2874 Walchii
1776 2835 1935 2875 dissert.
1971 2836 2020 2875 de
2053 2837 2160 2876 Pela-

1184 2896 1381 2946 gianismo
1410 2901 1503 2934 antc
1529 2897 1729 2948 Pelagium
1757 2910 1791 2948 p.
1818 2898 1881 2936 67.
1907 2898 1971 2937 70.

1239 2958 1301 2995 20.
1329 2956 1476 2996 Basilii
1499 2958 1787 2998 Caesariensis
1809 2965 1845 2998 ct
1870 2961 2059 3011 (ireyorii
2080 2963 2160 3000 Na-

1190 3020 1379 3058 zianzeni
1395 3019 1590 3071 quaedam
1618 3021 1777 3069 Latine,
1806 3024 1841 3060 in
1871 3025 2050 3074 antiquis
2076 3025 2158 3063 illo-

1185 3094 1272 3121 rum
1302 3085 1461 3120 l‘atrum
1488 3082 1747 3122 editionibus.
1775 3083 1980 3124 Orationis
2024 3091 2157 3126 tamen

1182 3145 1308 3182 XLIX
1326 3148 1365 3181 et
1383 3145 1420 3181 L.
1437 3144 1675 3183 Nazianzeni
1701 3148 1832 3184 versio
1852 3159 2060 3198 perperam
2080 3150 2157 3189 Ru-

1186 3205 1264 3243 fino
1284 3205 1474 3244 tribuitur
1497 3218 1504 3243 ;
1529 3211 1569 3243 ct
1595 3207 1785 3258 Prologus
1810 3209 1885 3248 illis
1909 3212 2156 3250 orationibus

1182 3269 1429 3318 praemissus
1459 3269 1533 3306 alio
1555 3275 1722 3319 spectat.
1747 3271 1840 3310 Vide
1866 3284 1970 3322 quae
1994 3272 2157 3312 Chifflc-

1187 3331 1265 3368 tius
1292 3331 1500 3368 annotavit
1528 3330 1574 3370 ad
1604 3332 1786 3382 vigilium
1815 3347 1850 3385 p.
1878 3335 1940 3373 58.
