2550 4009
887 259 1283 300 MINUTIUS

85 351 107 378 e
135 337 294 388 scriptis
331 333 573 373 Feudalibus
596 333 731 372 Oberti
763 332 812 371 de.
849 333 971 378 Orto,
1001 337 1041 369 et

85 399 279 441 Gherardi
315 396 519 446 Caeapisci
546 396 583 433 in
610 396 647 433 6.
678 395 798 433 libros
831 394 1043 433 distributa

84 462 134 501 ab
169 460 340 500 Antonio
368 458 559 496 Minuccio
589 468 610 495 a
640 458 754 495 Prato
783 457 915 495 Veteri
950 466 1041 494 cum

83 523 227 574 glossis
243 520 373 560 Jacobi
397 519 620 558 Columbini
645 519 932 557 Bononiensis:
951 519 1042 567 (non

81 583 289 635 Regiensis
315 586 358 621 ut
384 582 423 619 in
448 582 651 620 Pancirolo
686 581 854 630 aliisque
876 580 974 629 lego)
999 580 1042 617 In

83 646 163 685 fine
191 649 254 684 est
278 643 531 693 Privilegium
558 653 579 681 a
604 642 801 681 Friderico
827 643 854 680 l.
880 643 976 692 Imp.
1003 646 1044 680 et

83 708 252 747 Henrico
267 707 354 745 eius
372 705 448 744 filio
464 705 600 745 datum
627 704 856 743 civitatibus
880 705 1045 743 societa-

21 772 23 774 '
83 771 140 808 tis
164 766 420 807 Lombardiae
444 778 536 806 cum
557 766 702 817 glossis
730 766 929 804 Gotofredi
958 767 1041 806 JCti

82 831 358 870 Bononiensis.
381 829 442 868 An
468 840 570 880 opus
595 828 702 867 istud
721 830 826 867 omni
846 830 905 867 sui
931 833 1041 879 parte

83 892 234 932 editum
255 893 308 930 sit
323 891 501 930 viderint
523 890 642 929 docti.
676 891 856 929 Profecto
875 892 912 928 in
930 892 1041 929 Actis

85 953 336 994 eruditorum
363 964 427 992 an.
447 952 565 992 4697.
582 952 631 991 de
647 952 793 1003 glossis
813 952 945 991 Jacobi
969 954 1042 992 Co-

85 1016 255 1055 lumbini
280 1015 377 1053 nihil
410 1015 511 1065 lego.

136 1078 225 1127 (220
251 1077 536 1117 Osservazioni
559 1087 580 1114 e
605 1074 765 1114 dissert.
791 1076 900 1114 varie
925 1086 1039 1126 sopra

83 1139 109 1178 il
128 1139 270 1177 Diritto
284 1137 455 1177 Feudale
474 1137 637 1175 l'istoria
659 1148 716 1175 ec.
739 1137 776 1175 di
799 1138 971 1176 Antonio
992 1137 1040 1175 da

81 1199 366 1238 Pratovecchio
383 1197 459 1248 (del
476 1199 576 1237 Prof.
593 1199 827 1247 Migliorotto
842 1199 1041 1247 Maccioni)

0 1281 1 1286 =
84 1262 257 1299 Livorno
302 1259 419 1298 4764.
458 1261 495 1298 4.
536 1265 578 1297 et
615 1258 752 1310 El091·0
777 1261 816 1298 in
841 1262 903 1300 IV.
927 1264 957 1298 t.
980 1271 1042 1310 op.

86 1320 246 1361 Illustri
271 1320 438 1360 Toscam·
458 1332 480 1359 a
502 1321 585 1359 Jos.
612 1320 746 1372 Pelli.)

136 1383 381 1424 MINUTIUS
410 1381 543 1421 Felz'oe.
575 1383 732 1434 Supra,
761 1384 926 1422 FELIX.

134 1445 305 1483 Joannes
333 1444 552 1484 MIRAEUS.
575 1446 701 1495 Supra
726 1450 752 1482 t.
775 1446 836 1484 IV.
862 1457 898 1495 p.
925 1447 1013 1484 389.

135 1507 251 1557 Huyo
274 1505 321 1545 de
344 1507 468 1546 MIRO
491 1506 628 1545 MARI.
655 1510 681 1544 t.
698 1507 764 1545 111.
783 1519 818 1557 p.
836 1508 925 1546 275.

133 1567 402 1607 MISNENSIS
429 1572 561 1606 terrae
592 1566 790 1607 Chronica
818 1567 1041 1608 desinentia

81 1630 120 1667 in
149 1628 225 1668 An.
257 1630 374 1668 4486.
402 1628 526 1667 edidit
555 1630 599 1667 V.
629 1630 670 1669 C.
701 1629 907 1668 Burchard
948 1631 1042 1669 Got-

80 1691 186 1730 thelf
209 1691 400 1730 Struvius
428 1695 524 1729 tom.
555 1692 591 1730 2.
624 1695 745 1730 actor.
783 1692 949 1731 litterar.
986 1694 1040 1732 fa-

80 1753 174 1791 scic.
204 1751 243 1791 7.
271 1754 360 1791 Jen.
391 1752 506 1792 4720.
539 1753 575 1790 8.
605 1764 684 1792 una
713 1765 806 1792 cum
830 1754 1041 1794 annalibus

77 1815 223 1854 Vetero
240 1815 494 1854 cellensibus
513 1814 735 1854 Historiam
751 1815 918 1856 Mz'sniae
932 1817 1042 1856 Mar-

29 1864 32 1867 *
78 1875 259 1915 chionum
290 1887 419 1926 usque
449 1876 497 1915 ad
528 1877 604 1915 An.
645 1878 761 1917 4375.
806 1879 1037 1929 complexis.

75 1938 253 1989 Utraque
270 1950 348 1977 non
366 1940 452 1977 sine
473 1940 650 1978 auctario
675 1941 713 1977 in
735 1941 793 1978 Jo.
819 1940 1037 1979 Burchardi

77 1999 296 2039 Menckenii
326 2005 422 2039 tom.
452 2001 490 2039 2.
521 2012 656 2040 rerum
699 2000 969 2041 Germanicar.
999 2014 1035 2054 p.

78 2062 167 2100 343.
199 2061 290 2100 377.
317 2062 420 2101 adde
449 2066 544 2101 tom.
577 2063 614 2100 3.
645 2074 731 2114 pag.
764 2064 853 2103 465.
883 2075 967 2114 seq.
997 2069 1037 2103 et

77 2122 183 2161 aliud
212 2123 410 2163 Misnerese
442 2123 666 2164 Chronicon
694 2126 743 2164 ab
772 2125 818 2164 A.
846 2126 960 2165 4304.
987 2126 1035 2165 ad

0 2191 2 2234 ζ
78 2184 196 2223 4497.
226 2185 318 2224 ibid.
350 2191 444 2224 tom.
476 2188 512 2226 3.
545 2198 631 2237 pag.
663 2189 727 2226 55.
757 2187 820 2226 61».

0 2264 2 2297 μ
103 2246 314 2298 ¹AEyidius
344 2247 564 2288 Guilelmus
593 2250 884 2299 MISSALIUS,
915 2261 1034 2301 supra

73 2308 113 2345 in
142 2308 336 2349 AEGIDIO
366 2315 462 2349 tom.
495 2311 529 2349 4.
560 2321 647 2361 pag.
678 2313 743 2352 24.

0 2387 2 2395 ν
127 2370 298 2408 Joannes
326 2372 698 2412 MISTHELBURG.
728 2378 756 2411 t.
788 2374 849 2412 lV.
882 2385 919 2424 p.
945 2375 1033 2413 389.

125 2430 387 2482 Raymundus
427 2434 774 2473 MITHRIDATES
804 2436 1034 2483 Romanus,

71 2493 175 2532 circa
205 2504 268 2532 an.
301 2494 417 2532 4495.
448 2495 582 2534 clarus
611 2496 836 2546 linguarum
876 2497 1035 2535 Hebrai‘

72 2565 142 2593 cae
171 2558 212 2592 et
241 2553 477 2594 Chaldaicae
507 2558 671 2607 peritia,
702 2559 861 2609 scripsit
884 2558 933 2596 de
957 2562 1036 2595 tro-

74 2616 137 2666 pis
161 2615 376 2666 Hebraicis,
397 2621 517 2667 atque
534 2619 820 2669 interpretatus
838 2624 899 2657 est
925 2619 1036 2657 Elea-

71 2678 151 2715 zari
178 2675 348 2726 junioris
393 2678 597 2727 (Elieseris
640 2681 767 2731 parvi)
813 2681 932 2719 libros
962 2691 1035 2720 seu

72 2737 208 2789 Capita
240 2740 342 2778 XIV.
375 2752 508 2780 rerum
540 2743 800 2791 Divinarum,
833 2745 918 2781 sive
950 2755 1036 2792 my-

73 2801 194 2838 steria
223 2811 367 2840 arcana
398 2802 672 2843 Gabbalistica.
705 2804 801 2843 Vide
826 2805 1034 2844 Colomesii

71 2861 225 2900 Italiam
255 2861 503 2903 Orientalem
529 2877 616 2917 pag.
643 2867 705 2905 46.
723 2871 764 2904 et
785 2867 1033 2905 celeberrimi

72 2921 208 2960 Wolfii
239 2925 364 2962 nostri
396 2926 495 2964 Bibl.
541 2928 772 2966 Hebraicam
805 2932 901 2966 tom.
933 2930 966 2967 4.
998 2940 1032 2979 p.

73 2983 162 3022 490.
193 2987 234 3020 et
263 2988 358 3022 torn.
389 2986 427 3024 3.
457 2998 545 3038 pag.
577 2990 665 3028 444.
696 3000 779 3039 seq.

123 3043 401 3094 MIXTATUS,
423 3058 545 3097 supra
567 3052 603 3088 in
626 3051 911 3092 ALBERTINO
927 3053 1034 3094 Mus-

71 3108 157 3144 sato
186 3111 281 3144 tom.
315 3109 348 3145 4.
381 3119 466 3159 pag.
499 3111 564 3149 38.

123 3166 409 3218 MOCHIMUS,
456 3172 766 3224 Mesopotamius
820 3177 1033 3227 Presbyter

125 3263 158 3300 a)
201 3265 310 3296 Veteri
346 3266 513 3299 Gallorum
548 3268 661 3309 lingua
699 3271 856 3309 (lunum,
893 3278 1040 3306 montem

66 3311 93 3342 si
118 3314 268 3351 gnificat.

132 3363 167 3402 b)
205 3365 276 3398 Non
299 3367 372 3399 355.
396 3371 430 3398 ut
457 3375 614 3400 excusum
656 3370 688 3400 in
713 3372 866 3410 Basnagii
898 3373 1050 3404 canisio-

2035 279 2087 318 79

1113 330 1217 381 apud
1247 331 1526 383 Antiochiam,
1557 348 1677 387 quem
1722 339 1956 385 Gennadius
1992 359 2081 399 cap.

1116 393 1250 431 7l.ait
1266 400 1408 434 contra
1432 397 1644 448 Eutychen
1671 405 1908 456 scripsisse:
1928 413 1968 447 et
1992 410 2083 449 ΜΟ-

1116 456 1310 495 DESTUS
1345 460 1463 497 cuius
1493 472 1593 511 opus
1622 464 1820 507 adversus
1841 471 2078 512 Marcionem

1116 517 1164 556 ab
1193 518 1370 557 Eusebio
1401 522 1484 560 XV.
1523 524 1586 563 25.
1631 528 1728 567 llist.
1757 535 1797 568 et
1841 533 2079 584 Hieronymo

1114 589 1200 629 cap.
1231 581 1293 618 32.
1325 581 1374 619 de
1405 583 1443 621 S.
1474 585 1518 623 E.
1552 599 1628 626 una
1659 601 1749 629 cum
1780 593 1866 632 aliis
1894 597 1928 634 ei
1955 597 2079 636 tribu-

1116 643 1168 679 tis
1198 647 1522 693 syntagmatibus
1555 658 1821 704 memoratur,
1849 668 1978 707 neque
2008 670 2078 697 ex-

1117 708 1226 742 stant
1270 704 1417 755 hodie,
1466 720 1593 759 neque
1641 714 1775 753 Latine
1811 718 1879 756 sed
1924 720 2075 760 Graece

1118 765 1307 804 videntur
1338 770 1574 820 scripsisse,
1606 774 1738 825 itaque
1768 783 1937 828 praeteri
1967 783 1989 826 a
2011 795 2074 822 me

1117 827 1189 866 hoc
1219 828 1304 867 loco
1334 830 1496 870 debent.

1166 891 1439 932 MODESTUS
1469 896 1734 949 Polentonus,
1768 903 1865 943 infra
1896 907 2074 948 POLEN—

1114 951 1293 992 TONUS.

1166 1015 1426 1057 MODOINUS
1477 1022 1563 1060 sive
1608 1023 1818 1066 Motuinus
1858 1029 2075 1072 AEduensis

1115 1076 1201 1114 sive
1230 1076 1398 1129 Augusti
1431 1085 1577 1121 montis
1607 1086 1640 1129 a)
1667 1086 2074 1144 (Augustodunensis)

1113 1138 1364 1188 Episcopus,
1395 1143 1571 1183 Concilio
1600 1147 1647 1185 ad
1679 1149 1904 1190 Theodonis
1935 1155 2074 1194 villant

1114 1199 1188 1237 An.
1225 1200 1317 1240 835.
1360 1203 1397 1251 b)
1441 1206 1646 1257 interfuit,
1693 1222 1866 1263 eumque
1909 1216 2074 1256 laudant

1115 1261 1254 1300 Florus
1284 1265 1590 1317 Lugdunensis,
1621 1271 1761 1311 Strabo
1790 1275 2003 1325 Augiensis
2032 1285 2074 1317 et

1115 1323 1361 1365 Theodulfus
1392 1329 1693 1372 Aurelianensis
1724 1337 1760 1373 in
1787 1339 1870 1376 suis
1890 1342 2073 1379 carmini-

1115 1384 1318 1436 busatque
1335 1389 1543 1439 Epistolis:
1561 1399 1602 1431 et
1622 1396 1811 1436 Ludovici
1830 1401 1882 1437 Pii
1900 1401 2070 1451 diploma

1116 1447 1150 1483 ei
1182 1447 1318 1486 datum
1352 1462 1422 1500 pro
1464 1453 1843 1503 Augustodunensis
1873 1462 2071 1503 Ecclesiae

1114 1507 1297 1547 libertate
1327 1516 1461 1551 exstat
1490 1515 1593 1564 apud
1626 1516 1951 1561 Sammarthanos
1976 1530 2001 1562 t.
2033 1527 2068 1564 2.

1114 1568 1261 1609 Galliae
1292 1572 1542 1615 Christianae
1574 1589 1658 1628 pag.
1691 1591 1775 1630 pag.
1799 1582 1861 1621 35.
1886 1594 1967 1635 seq.
1995 1589 2071 1626 Mo-

1113 1630 1219 1669 doini
1248 1633 1465 1684 Epz’stolam
1503 1638 1558 1677 acl
1597 1640 1850 1694 leeodulfum
1887 1646 2070 1687 Aurelia.-

1112 1703 1269 1732 uensem
1299 1699 1490 1748 scriptam
1518 1702 1701 1742 versibus
1723 1705 1868 1756 elegis⁷
1893 1720 1994 1758 qnae
2017 1713 2073 1749 in-

1113 1757 1233 1806 cipit:
1262 1758 1418 1798 Ludere
1439 1773 1549 1800 nemo
1567 1768 1700 1814 potest
1722 1778 1843 1807 versu
1873 1771 1956 1809 sine
1991 1771 2072 1823 leqe

1106 1817 1255 1869 polito,
1285 1831 1376 1859 cum
1409 1823 1615 1864 Theodulii
1645 1831 1888 1870 carminibus
1917 1834 1963 1872 ad
1994 1837 2073 1873 Μο-

1112 1879 1274 1920 doinum
1305 1887 1344 1921 et
1372 1883 1575 1936 Aigulsum
1602 1888 1650 1927 de
1682 1901 1753 1929 suo
1777 1894 1892 1932 exilio
1911 1898 2071 1947 scriptis

1113 1941 1236 1981 edidit
1272 1945 1456 1985 Canisius
1501 1953 1593 1987 tom.
1639 1951 1681 1989 V.
1724 1956 1918 2005 antiquar.
1964 1960 2069 1998 Lect.

1113 2008 1225 2053 parte
1257 2006 1293 2045 2.
1321 2008 1427 2055 (edit.
1476 2022 1602 2050 novae
1634 2017 1727 2051 tom.
1758 2017 1796 2055 2.
1826 2025 1936 2068 parte
1965 2021 2000 2058 2.
2033 2035 2069 2072 p.

1111 2065 1186 2114 69.)
1231 2068 1323 2106 inde
1366 2075 1499 2109 exstat
1538 2074 1574 2110 in
1615 2075 1831 2117 Theodulfo
1872 2082 2069 2122 Sirmondi

1111 2126 1159 2164 ad
1189 2129 1337 2168 calcem
1369 2132 1455 2170 libri
1496 2137 1627 2184 quarti
1658 2137 1746 2187 ejus
1788 2145 2009 2183 carminum
2042 2151 2068 2184 t.

1110 2189 1146 2226 2.
1181 2190 1279 2241 Ορρ.
1312 2193 1509 2234 Sirmondi
1554 2209 1641 2248 pag.
1688 2202 1803 2240 4090.
1847 2209 1887 2241 et
1932 2207 1968 2244 in
2011 2209 2072 2245 Bi-

1111 2251 1304 2292 bliotheca
1349 2257 1508 2296 Patrurn
1557 2264 1652 2298 tom.
1680 2264 1785 2302 XIV.
1814 2266 1905 2305 edit.
1946 2269 2068 2320 Lugd.

1111 2324 1197 2363 pag.
1224 2315 1286 2352 48.

1163 2376 1491 2419 MOGUNTINAS
1520 2393 1584 2420 res
1615 2384 1731 2423 medii
1761 2391 1802 2424 et
1837 2392 2068 2430 recentioris

1111 2439 1196 2474 aevi
1219 2441 1421 2488 praeclare
1446 2443 1688 2484 illuminatas
1712 2451 1938 2499 accepimus
1954 2455 1974 2490 a
1996 2453 2068 2492 du-

1109 2500 1279 2538 umviris
1304 2501 1538 2542 clarissimis
1567 2507 1732 2559 Georgio
1762 2510 1984 2550 Christiano
2004 2514 2067 2550 Jo-

1108 2561 1254 2608 annis,
1282 2567 1322 2600 et
1352 2565 1505 2602 Valerio
1536 2568 1781 2607 Ferdinando
1809 2572 1987 2611 GudenO.
2007 2575 2064 2613 Ac

1108 2623 1282 2660 Joannes
1305 2624 1464 2673 quidem
1484 2639 1614 2666 rerum
1638 2631 1969 2679 moguntiacarum
1990 2638 2061 2674 tria

1109 2682 1305 2723 hactenus
1332 2686 1538 2726 Volumina
1559 2690 1592 2735 c‘)
1619 2691 1654 2727 in
1681 2691 1806 2730 lucem
1829 2694 1948 2736 dedit.
1967 2709 2064 2746 quo-

1110 2756 1195 2782 rum
1235 2746 1370 2797 primo
1408 2749 1622 2788 exhibetur
1663 2763 1762 2802 opus
1804 2759 2058 2807 praecipuum

1111 2805 1194 2843 Nic.
1243 2808 1405 2847 Ser-urii
1432 2811 1467 2850 S.
1504 2813 1530 2849 Ι.
1566 2824 1695 2851 rerum
1743 2817 2057 2862 Moguntinarum

1110 2867 1194 2905 libri
1227 2869 1269 2906 V.
1301 2871 1450 2919 pridem
1483 2873 1575 2910 editi
1624 2877 1844 2922 Moguntiae
1879 2881 1991 2917 4601.
2025 2882 2061 2919 4.

1110 2930 1245 2968 Colon.
1278 2933 1391 2970 4621.
1416 2934 1452 2971 4.
1472 2935 1539 2972 sed
1559 2940 1754 2986 praesenti
1772 2940 1940 2978 editione
1959 2953 2059 2981 nova

1109 2994 1431 3033 annotationibus
1461 3001 1501 3034 et
1531 2998 1800 3038 schematibus
1829 3004 2061 3054 Genealogi-

1108 3054 1165 3091 cis
1195 3055 1392 3094 emendati
1439 3058 1702 3109 illustr-atique
1735 3074 1808 3099 unu
1840 3074 1929 3101 cum
1965 3077 2059 3116 sup-

1108 3115 1308 3164 plemento
1337 3117 1383 3155 ad
1417 3130 1603 3168 praesens
1649 3133 1774 3171 usque
1805 3129 1988 3176 tempus⁷
2018 3133 2058 3165 et

1110 3176 1304 3215 indIcibus
1336 3178 1664 3228 locupletissimis.

1110 3276 1200 3304 Tom.
1225 3273 1254 3303 ἰ).
1280 3279 1372 3312 parte
1394 3275 1426 3304 2.
1449 3283 1509 3313 pag:
1548 3276 1598 3306 60.

1174 3324 1204 3359 c)
1232 3326 1301 3354 Act.
1326 3326 1378 3354 Er.
1407 3324 1492 3357 1725.
1519 3336 1592 3367 pag.
1616 3329 1687 3360 -43-1,
