2517 4009
914 255 1292 295 OTFRIDUS

106 330 245 368 tonicis
261 328 422 368 auribus
439 326 754 365 commendando
770 328 921 375 ,clarus
940 327 1066 365 medio

108 392 240 431 seculo
280 392 406 437 nono',
451 390 553 428 circa
585 389 752 427 Lotharii
791 395 831 428 et
875 388 1067 428 Ludovici

109 452 271 493 secundi
301 457 501 502 tempora,
531 451 579 490 de
622 463 700 502 quo
731 457 885 503 praeter
917 451 1069 490 Tritbe-

110 517 232 555 mium
255 525 339 565 cap.
364 514 453 554 290.
478 515 652 553 Flacium
678 515 1004 564 Schilterumque
1031 514 1069 550 in

108 577 228 629 praef.
269 582 310 616 et
339 577 421 615 loca
451 576 610 615 editioni
641 577 926 616 Schilterianae
962 587 1072 627 prae-

109 642 231 694 missa
271 640 379 678 Beati
420 639 623 686 Rhenum,
655 639 831 685 Velseri‚
869 639 1071 686 Broweri‚

109 703 277 749 Serarii‚
308 701 481 739 Morhoiii
529 706 569 740 et
611 702 656 740 G.
689 701 882 749 llickesii,
914 701 1066 739 consuli

105 769 293 817 poterunt
323 764 556 803 Lambecius
586 769 680 802 tom.
707 764 731 803 2
752 765 972 803 Dietericus
994 775 1070 801 von

107 826 227 867 Stade
239 826 731 877 inSpeciminelectionum
747 826 1071 864 Otfridianarum:

105 890 352 930 Mabillonius
382 894 410 926 t.
441 889 476 927 3.
507 889 647 928 Annal.
680 888 883 927 Benedict.
915 900 950 939 p.
984 888 1073 927 428.

109 954 294 993 Usserius
338 957 378 990 ct
409 953 452 991 Η.
485 952 728 990 Warthonus
757 951 806 990 de
851 952 1067 1001 Scripturis

106 1016 332 1055 vernaculis
358 1026 393 1065 p.
426 1014 515 1054 ⁴20.
542 1019 583 1053 et
607 1015 696 1053 369.
721 1013 904 1053 Oudinus
929 1019 1023 1052 tom.
1049 1015 1072 1052 2

107 1090 197 1129 pag.
222 1078 312 1117 342.
345 1088 426 1128 seq.
461 1078 517 1115 Jo.
550 1076 695 1117 Christ.
738 1077 986 1115 llofmannus
1023 1076 1071 1114 ab

105 1141 320 1180 Hofmanns
353 1139 511 1179 waldau
543 1140 662 1190 praef.
700 1139 749 1178 ad
780 1144 959 1190 poemata
998 1150 1069 1177 sua

103 1205 248 1254 quibus
291 1214 409 1242 omne
447 1208 641 1253 punctum
674 1202 764 1240 tulit
810 1202 1068 1239 Germanica:

106 1272 225 1318 atque
255 1266 450 1317 imprimis
471 1264 599 1303 David
629 1264 876 1303 Hofmannus
905 1263 1004 1301 alter
1031 1264 1069 1299 in

106 1328 259 1368 erudita
275 1327 324 1366 de
341 1326 494 1367 Otfrido
511 1326 697 1373 diatriba,
717 1326 882 1364 llelmst.
901 1327 914 1364 4
926 1324 968 1363 74
980 1324 1016 1362 7.
1035 1326 1069 1362 i.

160 1391 304 1430 Exstat
318 1389 406 1440 ejus
416 1386 534 1427 Liber
546 1386 855 1439 Evanyeliorum
871 1389 956 1425 sive
970 1387 1077 1424 Har-

105 1452 237 1492 mom'a
253 1448 494 1502 Evanyelica
508 1481 518 1498 ‚
538 1451 576 1488 in
593 1461 671 1501 qua
702 1449 804 1488 inter
832 1452 1007 1500 quatuor
1025 1447 1074 1485 Ε-

105 1513 348 1567 vanyelistas
361 1512 533 1551 medium
564 1524 608 1552 se
638 1513 691 1551 ait
723 1512 919 1551 incedere.
950 1512 1076 1550 Libris

111 1578 288 1628 quinque
331 1576 379 1615 ad
429 1587 638 1615 numerum
678 1574 843 1613 totidem
880 1586 1074 1613 sensuum

106 1639 283 1690 digesta,
317 1643 440 1689 atque
473 1638 676 1688 rhythmis
700 1648 889 1688 expressa
921 1637 1080 1675 Theoti-

109 1703 210 1749 scis‚
235 1701 420 1751 editaque
452 1703 626 1752 primurn
648 1701 741 1739 licet
766 1702 900 1738 minus
926 1701 1076 1749 integra

107 1766 320 1815 minusque
343 1764 558 1803 emendata
577 1765 600 1803 a
615 1762 750 1802 Flacz'o
766 1764 943 1802 Basileae
963 1764 1077 1802 4574.

107 1827 142 1865 8.
159 1828 355 1867 Manuscr.
365 1825 500 1866 Codex
522 1837 607 1876 quo
627 1837 724 1865 usus
742 1826 897 1864 Flacius
913 1825 1080 1875 ejusque

105 1890 378 1943 typographus
415 1889 515 1937 fuit,
547 1894 738 1928 servatus
771 1893 834 1927 est
864 1887 1002 1926 Ulmae
1043 1888 1079 1924 in

108 1953 346 1992 Bibliotheca
391 1952 557 1991 illustris
587 1951 817 2003 Raymundi
849 1951 897 1990 de
937 1949 1078 1998 Kraft‚

108 2020 152 2056 ut
181 2020 360 2054 notatum
393 2015 435 2053 V.
465 2015 508 2054 C.
541 2017 602 2053 Jo.
626 2015 794 2066 Georgio
820 2013 1078 2052 Schelhornio

109 2084 202 2118 tom.
239 2079 275 2118 3.
303 2079 591 2117 amoenitatum
623 2078 903 2116 litterariarum
935 2089 970 2126 p.
1013 2076 1077 2115 49.

106 2141 244 2181 Varias
274 2141 463 2180 lectiones
487 2141 509 2179 e
533 2140 678 2179 Codice
707 2141 784 2179 alio
809 2142 1007 2178 Manuscr.
1031 2144 1072 2177 et

107 2215 157 2243 ex
176 2204 411 2243 Germanica
431 2204 537 2241 crisii
562 2214 633 2241 sua
659 2202 959 2241 emendationes
980 2212 1074 2240 con-

107 2268 281 2318 signavit
299 2265 576 2317 Marquardus
606 2265 834 2312 Freherus,
860 2276 962 2315 quae
989 2269 1077 2315 post

105 2329 194 2382 ejus
235 2329 386 2368 obitum
418 2328 548 2367 editae
580 2328 829 2366 Wormaciae
861 2328 977 2366 4634.
1022 2327 1076 2364 De

105 2391 247 2431 Codice
288 2392 559 2442 Frisingensi,
605 2391 713 2428 initio
751 2390 916 2437 mutilo,
953 2399 1076 2438 quem

78 2484 81 2485 ν
105 2455 368 2503 inspexerunt
389 2454 431 2491 B.
457 2452 673 2491 Rhenanus
703 2483 711 2499 ,
739 2452 880 2502 Wolfg.
909 2453 1076 2498 Lazius‚

106 2519 148 2553 et
179 2514 414 2566 wiguleus,
449 2513 542 2552 vide
574 2513 828 2553 Lambecium
861 2518 954 2551 tom.
985 2513 1007 2551 Ξ).
1039 2524 1074 2562 p.

109 2577 198 2616 456:
228 2587 310 2627 seq.
343 2577 397 2615 De
434 2575 578 2615 Codice
609 2575 707 2614 Bibl.
730 2576 948 2613 Caesareae
979 2576 1080 2612 anti—

108 2640 327 2690 quissimo,
356 2637 497 2676 Otfridi
545 2641 711 2676 exarato
741 2641 895 2682 aetate,
925 2647 972 2672 ex
1004 2647 1081 2686 quo

108 2702 224 2742 Flacii
253 2700 372 2740 editio
403 2701 625 2751 insigniter
654 2704 694 2737 et
722 2697 925 2737 emendari
958 2700 1081 2748 possit

66 2762 69 2765 ’
108 2771 150 2804 et
178 2763 380 2815 suppleri,
411 2763 615 2814 praeclare
659 2761 891 2800 Lambecius
923 2765 1015 2799 tom.
1059 2761 1082 2799 ⁶2

110 2839 198 2879 pag.
227 2826 318 2866 10⁴5.
360 2827 444 2876 seq.
476 2826 544 2864 lllo
575 2823 717 2864 Codice,
747 2823 940 2862 Caesareo
983 2835 1081 2862 usus

115 2891 175 2928 vir
202 2890 388 2939 egregius
419 2887 646 2926 Diecericus
678 2897 759 2925 van
787 2884 907 2925 Stude
943 2896 1084 2923 novam

115 2950 257 2991 otfridi
295 2949 509 2989 editionem
549 2951 713 2988 molitus
757 2953 846 2992 est,
891 2959 1008 2997 quam
1039 2946 1086 2984 ad

115 3015 247 3067 praela
271 3014 389 3052 etiam
409 3017 582 3063 paratam
603 3024 679 3051 una
698 3023 789 3050 cum
807 3012 969 3049 tiramni
983 3011 1083 3047 atica

116 3077 324 3118 Theotisca
347 3079 388 3113 et
411 3075 600 3125 glossario
623 3076 829 3113 Francisco
847 3074 932 3111 sive
959 3072 1083 3110 'l'lieo-

118 3142 218 3180 tisco
234 3137 403 3177 heredes
424 3135 512 3186 ejus
537 3141 702 3176 servant
723 3139 772 3185 a).
797 3137 893 3175 Nam
912 3137 1086 3185 spirante

175 3292 210 3331 a)
243 3295 292 3324 Jo.
328 3293 428 3322 flent.
451 3292 521 3321 von
555 3289 667 3321 Seelen
694 3290 856 3321 memoria
899 3287 1095 3321 Studeniana

121 3352 198 3385 cap.
223 3345 274 3373 iv.
300 3349 376 3383 pag.
396 3339 465 3372 158.

182 3394 218 3433 b)
246 3397 294 3426 Jo.
316 3392 455 3425 Goti'rld.
475 3391 628 3424 oie-urin<
655 3389 736 3423 tubi.
755 3391 954 3429 scriptorum
973 3389 1095 3422 Ecclrs.

2036 265 2108 303 173

1143 336 1205 374 illo
1229 341 1384 376 tantum
1403 338 1529 376 lucem
1556 338 1653 376 vidit
1677 339 1872 390 specimen
1896 338 2103 380 lectionum

1142 402 1405 450 antiquarum
1421 401 1710 440 Francicarum
1727 413 1774 440 ex
1791 401 1947 442 Otfrido
1967 409 2005 442 et
2021 406 2107 454 aliis

1144 462 1346 501 Ecclesiae
1371 463 1629 503 Germanicae
1660 466 1810 504 veteris
1835 469 2107 505 monumentis

1143 525 1383 573 collectum,
1421 537 1510 564 cum
1552 527 1735 564 versione
1766 528 1929 577 Latina,
1966 528 2108 567 Stadae

1147 587 1263 625 4708.
1285 589 1322 626 4.
1341 587 1389 625 de
1408 599 1485 638 quo
1510 589 1660 627 consuli
1686 596 1854 639 possunt
1871 591 1968 630 Acta
1985 591 2105 630 Erud.

1145 654 1238 687 tom.
1285 651 1347 688 1v.
1394 651 1592 701 supplem.
1622 662 1707 702 pag.
1742 653 1827 690 484.
1861 654 1920 691 Ex
1967 653 2107 692 eodem

1144 712 1289 750 Codice
1314 713 1510 752 Caesareo
1536 714 1741 752 Lectiones
1765 715 1942 764 vulgavit
1965 718 2024 754 vir
2046 728 2111 756 ce-

1148 774 1388 813 leberrimus
1414 775 1459 813 Jo
1486 775 1677 826 Georqius
1704 776 1934 826 Eccardus,
1960 779 2006 817 ad
2032 780 2110 818 cal-

1147 847 1233 874 cem
1278 840 1425 888 l.egum
1459 838 1703 886 Salicarum‚
1735 840 1778 877 A.
1812 840 1926 878 4723.
1959 841 2020 879 i'ol.
2055 843 2109 881 De

1149 899 1405 946 accentibus,
1436 902 1777 950 pronunciationis
1809 902 2003 941 indicibus
2041 906 2107 954 qui

1148 967 1309 1000 exstant
1340 964 1376 1000 in
1411 963 1473 1000 illo
1498 962 1666 1011 Codice,
1697 969 1736 1001 et
1759 974 1858 1015 quos
1887 969 2107 1015 optaverim

1145 1023 1194 1061 ab
1218 1023 1434 1063 editoribus
1459 1036 1534 1062 non
1560 1037 1756 1073 omissos,
1789 1028 1919 1064 notavi
1950 1029 1985 1064 in
2013 1028 2108 1067 libro

1145 1085 1193 1123 de
1220 1089 1496 1137 propagatione
1524 1089 1637 1126 Lucis
1668 1088 1930 1139 Evangelieae
1955 1102 1991 1140 p.
2019 1090 2106 1127 437.

1146 1147 1211 1185 ubi
1243 1150 1359 1186 etiam
1392 1161 1477 1199 pag.
1511 1150 1597 1188 433.
1629 1148 1869 1188 desiderium
1901 1156 1940 1188 et
1966 1152 2106 1190 Consi-

1145 1209 1240 1248 lium
1278 1210 1326 1249 de
1356 1210 1534 1249 addenda
1565 1210 1719 1250 otfrido
1748 1218 1787 1249 et
1816 1213 1903 1251 aliis
1933 1216 2108 1264 antiquis

1148 1271 1367 1311 Theotiscis
1386 1275 1654 1312 monumentis
1672 1276 1854 1313 versione
1872 1276 2105 1315 Germanica

1148 1338 1356 1372 constante
1400 1346 1448 1372 ex
1481 1337 1624 1381 meris,
1655 1341 1849 1385 quantum
1897 1349 1960 1375 res
2006 1338 2106 1385 fert,

1154 1395 1355 1434 vocabulis
1378 1396 1572 1445 ejusmodi
1601 1409 1702 1447 quae
1732 1399 2012 1449 respondentia
2039 1413 2107 1439 ve-

1155 1458 1305 1496 teribus
1335 1458 1410 1496 illis
1441 1458 1663 1498 Theotiscis
1693 1461 1780 1498 sive
1812 1462 1958 1500 Franco
1988 1464 2108 1502 Saxo-

1155 1521 1254 1558 nicis
1276 1520 1323 1558 ab
1339 1520 1514 1559 hodierni
1530 1521 1659 1560 adhuc
1676 1526 1871 1561 sermonis
1887 1524 2108 1563 Germanici

1154 1593 1231 1622 usu
1259 1588 1544 1633 agnoscuntur.
1574 1585 1752 1635 Denique
1783 1586 1819 1622 in
1852 1586 2110 1625 laudatissimi

1153 1647 1238 1684 JCti
1270 1645 1621 1696 Argentoratensis
1652 1648 1696 1684 D.
1723 1647 1787 1684 Jo.
1815 1647 2003 1687 Schilteri
2028 1650 2112 1687 the-

1154 1721 1271 1748 sauro
1315 1710 1613 1759 Antiquitatum
1657 1711 1963 1750 Teutonicarum
2009 1717 2112 1750 tomo

1155 1774 1280 1823 primo
1312 1772 1416 1810 Uim.
1445 1772 1561 1811 4727.
1593 1773 1653 1810 fol.
1687 1773 1871 1811 familiam
1902 1773 2012 1813 ducit
2040 1776 2110 1813 Ot-

1157 1835 1307 1884 fridus‚
1353 1839 1405 1873 ita
1447 1839 1489 1873 ut
1525 1835 1746 1873 Theotiscis
1786 1836 1918 1874 Latina
1956 1847 2114 1887 semper

1155 1899 1288 1936 versio
1312 1897 1493 1948 ejusdem
1518 1897 1702 1937 Schilteri
1728 1904 1768 1936 et
1792 1898 2112 1946 emendationes,

1155 1962 1511 2011 annotationesque
1554 1959 1730 2010 adjectae
1776 1961 1817 1999 D.
1860 1961 1917 1999 Jo.
1961 1962 2115 2011 Georgii

1154 2023 1377 2071 scheram,
1408 2024 1475 2074 qui
1505 2027 1545 2061 et
1587 2022 1730 2062 Codice
1761 2034 1837 2073 quo
1868 2024 2046 2072 Flacius,
2075 2028 2116 2061 et

1154 2087 1405 2125 Freherianis
1429 2085 1779 2124 emendationibus
1795 2091 1834 2124 et
1855 2087 2019 2125 illustris
2038 2086 2115 2123 Viri

1152 2148 1336 2188 Friderici
1377 2148 1636 2199 Rostgaardi‚
1667 2148 1866 2199 decerptis
1895 2161 1942 2187 ex
1975 2148 2116 2188 Codice

1153 2211 1343 2249 Vaticano
1373 2221 1492 2248 usum
1525 2221 1568 2248 se
1599 2211 1818 2260 profitetur.
1842 2211 1973 2249 Alium
2005 2209 2118 2250 Codi-

1153 2283 1239 2310 cem
1271 2277 1406 2310 servat
1428 2272 1665 2310 Bibliotheca
1692 2273 1847 2322 publica
1874 2273 2116 2312 Francofurti

1155 2335 1202 2373 ad
1221 2336 1403 2373 Moenum
1423 2334 1461 2381 b)
1479 2339 1519 2372 et
1540 2334 1778 2372 Bibliotheca
1790 2334 1998 2384 Bodlejana
2017 2337 2118 2372 inter

1159 2398 1279 2436 libros
1307 2398 1502 2436 Junianos
1531 2396 1800 2447 apographum
1830 2398 2024 2434 francisci
2049 2398 2116 2433 Ju-

1155 2461 1232 2508 nii,
1254 2461 1320 2510 qui
1349 2459 1444 2497 illud
1470 2459 1518 2498 ad
1546 2458 1676 2508 praela
1698 2457 1981 2496 destinaverat.
2001 2460 2115 2495 Porro

1155 2523 1192 2558 in
1211 2522 1468 2559 Schilteriana
1492 2520 1664 2558 editione
1690 2519 1787 2557 libro
1809 2519 2114 2569 Evangeliorum

1155 2584 1422 2633 praemittitur
1448 2585 1481 2628 4)
1509 2582 1682 2632 Epistola
1707 2580 1848 2618 Otsridi
1875 2580 1928 2618 aci
1950 2579 2115 2619 Ludovi-

1156 2655 1243 2682 cum
1267 2645 1525 2683 Orientalium
1551 2654 1757 2693 regnorum
1788 2643 1931 2693 Regem
1958 2642 2113 2691 (Ludo-

1158 2708 1287 2744 vicum
1308 2706 1352 2743 ll.
1376 2707 1472 2756 lmp.
1496 2706 1681 2743 German.
1698 2704 1745 2743 ab
1765 2706 1810 2742 A.
1836 2704 1923 2742 856.
1946 2703 1991 2742 ad
2012 2704 2080 2742 871
2099 2706 2107 2750 )

1160 2768 1358 2817 rhythmis
1379 2768 1596 2806 Theotiscis
1615 2797 1623 2815 ‚
1645 2778 1734 2806 cnm
1756 2777 1854 2804 nova
1876 2767 2008 2804 Latina
2028 2777 2114 2803 ver—

1161 2834 1282 2870 sione.
1308 2833 1345 2879 2)
1370 2832 1543 2882 Epistola
1571 2832 1705 2869 Latine
1730 2829 1778 2867 ab
1801 2829 1950 2867 Oti'rido
1969 2830 2113 2878 scripta

1160 2894 1214 2933 ad
1258 2892 1502 2933 Lz'utbercum
1549 2892 1894 2942 Archiepiscopum
1924 2891 2113 2940 Mogunti-

1162 2970 1255 2996 num
1289 2958 1361 2997 {ab
1391 2958 1435 2995 A.
1460 2956 1547 2994 863.
1573 2954 1619 2993 ad
1651 2956 1764 3001 889.;
1794 2954 1830 2990 3›
1857 2952 2031 3003 Epistola
2061 2950 2116 2989 ad

1162 3019 1405 3059 Salomonem
1424 3019 1662 3069 Episcopum
1689 3016 2062 3064 (Constantiensem
2086 3015 2112 3052 l.

1162 3084 1210 3122 ab
1240 3084 1354 3122 Anno
1379 3083 1467 3119 864.
1506 3081 1552 3118 ad
1585 3080 1700 3124 873„
1733 3077 1865 3115 itidem
1896 3077 2113 3115 Tlieotis‹·.is

1164 3146 1363 3195 rhythmis
1392 3155 1481 3182 cum
1515 3153 1614 3180 nova
1647 3142 1826 3177 versione
1858 3140 2004 3176 Latina.
2045 3139 2114 3176 De-

1161 3293 1243 3320 tom.
1266 3289 1296 3318 ²2.
1320 3294 1392 3326 pag.
1417 3286 1471 3315 50.
1492 3285 1537 3315 W.
1561 3285 1597 3314 Ε.
1621 3282 1806 3313 Tentzelius
1831 3283 1864 3313 in
1884 3280 2023 3322 dialogis
2045 3289 2117 3312 xer-

1161 3339 1289 3370 natulis
1313 3338 1491 3369 menstruis
1516 3338 1550 3365 A.
1582 3333 1670 3365 iovi.
1695 3342 1768 3374 pag.
1785 3332 1857 3363 72².
