2550 4009
872 239 1276 280 METELLUS
2016 248 2063 287 ’Π

80 318 118 355 in
143 316 327 356 Caesario
348 318 441 353 tom.
475 316 489 354 4
528 326 563 365 p.
585 314 676 353 294.
699 317 738 351 et
773 313 972 363 Cypriano
995 323 1035 362 p.

82 378 197 417 4260.
228 377 411 415 Vossium
438 387 476 425 p.
506 375 600 414 243.

137 439 158 462 ³¹*
186 440 309 478 Extat
337 439 457 476 etiam
494 438 679 476 Messiani
723 437 843 476 huius
870 434 1039 486 ,epistola

83 500 132 540 ad
162 501 393 540 Viventium
413 511 462 538 ex
484 500 560 538 MS.
593 499 737 539 Codice
766 497 988 538 Arelatensi
1020 506 1042 534 a

82 562 304 602 Mabillonio
332 561 548 600 Annalium
579 566 673 600 tom.
707 563 721 600 4
759 561 797 599 in
827 557 1045 610 appendice

84 624 248 676 vulgata
277 624 316 662 in
343 634 420 674 qua
443 624 616 662 coeleste
638 625 771 662 visum
796 633 867 673 per
889 624 1046 659 noctem

83 686 282 726 obiectum
316 687 355 725 S.
387 686 574 725 Caesario
605 690 752 724 narrat.
780 686 904 724 Extat.
927 685 1046 721 etiam

86 748 256 799 supplex
277 747 433 787 libellus
453 760 474 787 a
492 749 684 787 Messiano
703 747 922 786 Secretario
946 745 1052 783 obla-

85 815 152 850 tus
180 810 425 861 Symmacho
464 812 592 861 Papae
622 821 692 860 pro
718 809 878 859 juribus
915 807 1053 846 Eccle-

87 873 170 912 siae
198 871 448 911 Arelatensis
477 871 706 911 asserendis
735 870 832 910 Vide
860 869 1053 910 Concilio—

87 947 178 974 rum
207 939 302 973 tom.
336 935 370 972 4.
401 946 490 986 pag.
523 936 639 974 4340.
670 933 764 972 edit.
801 931 1051 972 Parisiensis.

140 998 352 1036 Historiam
375 997 623 1036 liberationis
643 996 880 1035 MESSINAE
912 994 950 1031 in
991 993 1050 1031 Si-

89 1059 176 1098 cilia
197 1060 220 1098 a
241 1060 533 1099 Saracenorum
557 1059 764 1097 dominatu
779 1057 824 1096 A.
845 1056 960 1095 4063.
979 1066 1049 1105 per

91 1122 289 1160 Comitem
333 1122 544 1171 Rogerium
581 1122 854 1159 Normannum
898 1119 1049 1169 factae,

93 1185 286 1234 scriptam
311 1182 388 1221 An.
409 1182 528 1221 4460.
542 1182 725 1232 vulgavit
741 1183 928 1223 Baluzius
944 1189 1050 1223 tomo

91 1249 206 1284 sexto
235 1244 578 1284 Miscellaneorum
600 1256 687 1294 pag.
712 1246 897 1284 474496.

152 1306 423 1346 METELLUS
440 1306 762 1356 Tegernseensis
785 1308 820 1344 in
831 1308 1056 1347 confinibus

97 1370 294 1408 montium
317 1368 478 1418 Tyrolis
502 1367 720 1407 Monachus
744 1370 782 1407 S.
803 1370 954 1415 Quirini
973 1370 1054 1409 Ord

97 1430 247 1470 Bened.
276 1442 354 1469 non
379 1431 484 1468 circa
508 1430 583 1468 An.
611 1430 732 1470 4060.
762 1431 831 1469 sed
863 1432 962 1471 4460
1010 1437 1055 1470 ut

99 1498 210 1533 recte
233 1493 352 1543 Casp.
389 1492 611 1532 Bruschius
635 1505 682 1532 ex
729 1493 822 1533 Cod.
856 1496 1054 1533 Manuscr.

94 1556 287 1606 Tegorino
311 1556 399 1593 sive
424 1556 733 1605 Tegernseensi,
751 1555 935 1594 Oudinus
959 1560 1053 1594 tom.

97 1618 122 1657 2
145 1629 182 1668 p.
208 1616 298 1655 780.
317 1615 417 1655 Acta
441 1617 622 1655 Sanctor.
644 1621 742 1655 tom.
769 1618 790 1655 3
815 1618 943 1657 Martii
968 1629 1054 1668 pag.

100 1680 191 1720 545.
216 1684 257 1718 et
284 1679 456 1718 Jacobus
474 1680 714 1729 Basnagius:
739 1691 785 1718 ac
827 1692 953 1731 nuper
998 1692 1060 1719 os-

90 1746 253 1781 tensum
278 1743 318 1780 in
336 1740 414 1780 An.
434 1741 478 1781 C.
508 1741 796 1792 Augustiniani
821 1741 984 1780 Arnolfo
1007 1743 1059 1780 si-

98 1815 149 1842 ve
187 1803 418 1842 defensione
449 1802 641 1854 Arnolphi
682 1805 872 1842 Bavariae
911 1805 1055 1853 Ducis,

98 1865 282 1905 Monachi
309 1865 425 1905 4735.
445 1867 479 1904 4.
503 1878 590 1917 pag.
608 1866 671 1904 29.
689 1867 856 1918 Scripsit
876 1866 1057 1906 Horatia-

99 1939 150 1966 no
170 1929 392 1967 carminum
414 1940 560 1979 genere
580 1933 620 1966 et
645 1933 772 1967 metro
802 1929 939 1979 Lyrico
964 1928 1059 1978 Qui-

97 1990 251 2030 rinalia
271 1992 357 2030 sive
379 1991 500 2030 Gesta
524 1993 563 2031 S.
583 1990 750 2041 Quirini
771 1992 877 2030 circa
899 1991 942 2030 A.
964 1992 1055 2030 269.

97 2054 301 2104 Martyris,
323 2053 504 2105 Quinque
526 2055 667 2104 primis
691 2053 777 2092 odis
801 2053 849 2092 de
878 2054 1056 2105 Philippo

97 2117 202 2165 canit
212 2117 453 2166 Imperatore
464 2116 756 2166 celebratisque
769 2116 872 2154 abeo
882 2116 986 2155 ludis
997 2128 1058 2156 se-

98 2178 310 2218 cularibus.
335 2178 494 2228 (Confer
512 2180 674 2218 Petrum
695 2179 865 2219 Tasnum
887 2180 936 2218 de
956 2191 1060 2219 anno

98 2241 268 2280 seculari
287 2252 373 2292 cap.
394 2242 430 2279 8.
452 2245 548 2280 tom.
561 2242 661 2280 VIII.
678 2241 857 2280 thesauri
874 2242 1062 2280 Graevia-

101 2305 140 2342 ni
161 2315 246 2354 pag.
270 2304 359 2343 508.
382 2304 489 2354 647.)
511 2305 614 2343 Tum
638 2304 776 2343 eodem
811 2304 988 2354 Philippo
1013 2303 1058 2342 A.

101 2366 145 2405 C.
169 2366 260 2406 249.
279 2377 372 2406 cum
404 2367 482 2406 filio
498 2367 634 2405 itidem
681 2367 859 2417 Philippo
901 2369 1058 2415 occiso,

99 2429 290 2479 ilIiusque
309 2441 360 2468 ex
381 2429 531 2468 Severa
554 2429 677 2467 filium
696 2439 741 2467 ac
758 2428 879 2479 hujus
895 2429 1059 2467 fratrem

100 2492 194 2530 facit
226 2491 463 2539 Quirinum,
495 2502 615 2540 quem
646 2494 736 2540 post
767 2501 906 2529 necem
936 2492 1062 2540 patris

98 2563 270 2603 puerum
301 2557 564 2602 septennem,
595 2563 640 2590 ac
669 2556 753 2590 tum
798 2563 889 2590 cum
935 2557 1061 2590 matre

98 2615 346 2665 baptizatum
376 2614 525 2663 refert,
568 2615 711 2665 viginti
758 2614 901 2653 deinde
944 2614 1061 2652 annis

101 2677 249 2727 elapsis
279 2676 354 2716 sub
383 2676 547 2716 Claudio
577 2678 623 2715 II.
646 2677 777 2727 palma
795 2677 973 2724 martyrii
995 2675 1062 2713 de-

102 2745 309 2788 coratum,
341 2751 443 2789 quae
473 2740 559 2778 aliis
588 2739 761 2790 quinque
801 2737 886 2776 odis
930 2748 1063 2788 perse-

104 2805 252 2854 quitur.
283 2803 521 2852 Sequuntur
551 2801 641 2839 dein
673 2804 754 2839 occo
781 2800 878 2838 odae
916 2799 1061 2849 quibus

104 2866 334 2905 continetur
363 2864 524 2903 historia
555 2864 829 2902 translationis
863 2863 962 2901 sacri
979 2873 1064 2899 cor-

106 2929 212 2978 poris
237 2927 358 2965 Roma
386 2930 476 2976 post
506 2926 580 2964 An.
610 2925 701 2964 746.
733 2925 780 2963 ad
820 2923 1062 2963 Coenobium

105 2990 443 3039 Tegernseanum.
475 2987 570 3027 Inde
603 2986 708 3026 Odae
731 2998 809 3026 seoe
832 2990 870 3024 et
890 2986 1067 3036 quadra-

104 3049 228 3102 ῃίηίαζ
247 3049 394 3100 quibus
419 3053 574 3099 patrata
601 3049 888 3086 intercessione
907 3048 945 3086 S.
972 3048 1066 3094 Qui-

107 3112 180 3150 rini
211 3110 402 3150 miracula
431 3110 697 3149 celebrantur.
729 3111 909 3159 Denique
950 3121 1063 3159 opus.

108 3173 360 3213 concluditur
406 3171 548 3211 decem.
597 3170 739 3221 ecloqis
792 3171 1061 3210 bucolicorum

109 3235 372 3282 Quirinalium
396 3266 406 3284 ‚
439 3245 516 3285 quo
538 3235 682 3271 iterum
715 3234 823 3271 varia
855 3244 1066 3271 recensen-

109 3301 176 3336 tur
206 3297 394 3337 miracula
413 3328 422 3346 ,
451 3297 702 3348 potissimum
735 3297 772 3332 in
804 3295 964 3333 rusticis
994 3307 1066 3345 pu-

113 3359 233 3408 nitis,
264 3360 354 3410 quia
386 3364 477 3398 vota
507 3358 662 3397 solvere
681 3357 956 3408 neglexerunt.
974 3357 1066 3397 lidi—

1111 313 1168 351 dit
1197 327 1247 353 ex
1276 317 1322 354 M.
1356 317 1502 355 Velseri
1528 319 1752 369 apographo
1782 321 1979 360 Ilenricus
1999 321 2073 359 Ca—

1114 377 1241 416 nisius
1276 379 1495 429 appendice
1525 383 1624 420 tomi
1655 384 1769 433 primi
1801 382 2070 434 Antiquarum

1116 440 1346 479 Lectionum
1379 444 1420 491 (t.
1451 444 1472 480 3
1503 444 1595 482 edit.
1639 457 1766 485 novae
1802 448 2073 497 Basnaglanae

1120 507 1229 552 parte
1259 504 1282 541 2
1312 515 1400 555 pag.
1430 506 1630 554 447-496.)
1661 513 1782 558 atque.
1813 509 1904 548 inde
1919 515 2072 560 partem

1120 565 1369 606 Mabillonius
1398 571 1491 606 tom.
1525 569 1546 606 3
1584 569 1663 608 Act.
1695 572 1874 610 Sanctor.
1910 572 2076 611 Benedi-

1122 628 1216 665 ctin.
1247 629 1335 667 663.
1366 630 1450 668 Non
1480 632 1680 671 Metellum
1712 633 1780 672 sed
1827 634 1923 673 Acta
1972 637 2075 674 anti-

1123 691 1261 740 quiora
1290 691 1471 740 ejusdem
1495 696 1746 743 argumenti,
1777 699 1952 746 prosario
1982 698 2079 735 scri-

1126 756 1193 803 pta
1223 763 1434 802 sermone,
1463 756 1594 804 qualia
1626 764 1792 797 secutus
1821 765 1861 797 et
1896 762 2075 798 carmine

1127 826 1318 865 expresse
1362 817 1544 856 Metellus
1589 819 1711 857 videri
1760 826 1917 870 potest,
1954 822 2078 861 edidit

1127 877 1407 918 Henschenius
1437 883 1532 917 tom.
1559 881 1581 918 3
1606 880 1681 919 Act
1701 882 1878 920 Sanctor.
1899 884 1963 922 25.
1982 886 2081 923 Mar-

1125 940 1168 977 tii
1198 951 1284 990 pag.
1317 941 1505 980 545-553.
1548 943 1737 981 Conferre
1786 946 1903 982 etiam
1950 946 2082 984 licebit

1123 1006 1206 1040 tres
1236 1006 1421 1041 vetustas
1461 1003 1510 1041 de
1541 1005 1578 1043 S.
1611 1005 1776 1051 Quirino
1809 1007 2081 1056 sequentias,

1124 1074 1224 1114 quas
1252 1075 1300 1101 ex
1330 1065 1598 1116 Manuscripto
1627 1068 1916 1118 Tegernseensi
1960 1069 2084 1108 edidit

1125 1125 1352 1164 Bernardus
1381 1127 1454 1164 Pez
1486 1132 1582 1166 tom.
1613 1129 1635 1166 3
1666 1129 1953 1169 anecdotorum
1988 1142 2078 1182 par-

1128 1192 1167 1226 te
1198 1189 1232 1226 3.
1263 1199 1351 1237 pag.
1382 1189 1574 1228 590-594.

1180 1250 1293 1299 Huyo
1309 1251 1603 1301 METELLUS,
1631 1263 1749 1302 supra
1771 1258 1798 1291 t.
1824 1255 1859 1292 3.
1883 1267 1918 1305 p.
1950 1256 2042 1294 275.

1181 1313 1471 1351 METENSIUM
1489 1313 1775 1366 Episcoporum
1798 1315 2020 1355 Chronicon
2035 1319 2085 1356 ab

1128 1372 1408 1423 Apostolorum
1455 1376 1701 1425 temporibus
1746 1388 1872 1427 usque
1917 1379 1963 1416 ad
2007 1380 2080 1417 An.

1130 1436 1246 1475 4260.
1276 1435 1426 1474 editum
1458 1439 1480 1475 a
1508 1437 1698 1476 Dacherio
1729 1443 1823 1478 tom.
1854 1440 1913 1477 VI.
1945 1453 1981 1490 p.
2006 1443 2074 1480 664

1130 1497 1236 1546 (edit.
1267 1509 1394 1536 novae
1425 1503 1519 1537 tom.
1548 1500 1583 1537 2.
1616 1511 1702 1550 pag.
1729 1501 1818 1538 224..
1844 1502 1946 1550 233.)
1976 1503 2080 1550 Tres,

1130 1558 1261 1608 inquit
1289 1559 1535 1608 Dacherius,
1569 1560 1761 1600 Chronici
1782 1561 1900 1614 hujus
1922 1563 2087 1615 scripto-

1130 1631 1198 1659 res
1222 1619 1538 1661 observavimus.
1564 1623 1725 1662 Primus
1749 1635 1853 1674 quae
1874 1624 2021 1669 retulit.
2036 1624 2087 1663 ab

1132 1681 1322 1721 historiae
1344 1684 1574 1723 Metensium
1607 1685 1892 1736 Episcoporum
1927 1690 2090 1725 auclore

1132 1745 1323 1795 PAULO,
1363 1746 1534 1784 Diacono
1574 1746 1821 1798 Aquileiensi
1853 1759 1999 1798 massua
2035 1759 2091 1786 eac

1127 1812 1245 1859 parte
1267 1811 1473 1847 mutuatus
1497 1812 1575 1856 esc,
1601 1812 1639 1846 et
1670 1809 1725 1847 cul
1766 1811 1959 1860 Poponem
1998 1811 2091 1861 Epi-

1130 1881 1291 1921 scopum
1316 1869 1404 1920 (An.
1430 1871 1561 1920 4420.)
1582 1871 1773 1923 pervenit.
1796 1871 1991 1910 secundus
2012 1875 2091 1923 sty-

1131 1931 1212 1971 lum
1236 1931 1360 1971 cluoeit
1378 1943 1505 1984 usque
1528 1933 1583 1970 ad
1605 1935 1876 1973 Bertrannum
1906 1936 1960 1983 (A.
1990 1935 2091 1974 4200

1129 1997 1287 2035 circiter
1305 1996 1326 2042 2)
1353 1995 1495 2034 tercius
1516 1994 1683 2047 denique
1704 1995 1821 2047 finem
1840 1996 1935 2049 fecit
1956 1997 1995 2035 in
2024 1998 2094 2034 ,Ια-

1126 2056 1218 2096 cobo
1244 2057 1339 2095 LIX.
1362 2057 1554 2108 Episcopo
1573 2089 1581 2105 ‚
1606 2069 1708 2095 anno
1732 2057 1914 2096 videlicet
1937 2059 2052 2097 4260.

1185 2119 1412 2158 Chronicon
1434 2120 1556 2158 breve
1573 2120 1612 2158 S.
1641 2119 1830 2157 Vincente'i
1846 2122 2096 2160 METENSIS

1133 2182 1182 2221 ab
1206 2182 1282 2221 An.
1311 2181 1402 2221 514.
1434 2181 1481 2221 ad
1515 2182 1632 2221 4279.
1656 2182 1863 2232 vulgatum
1891 2185 1911 2221 a
1944 2183 2096 2221 Labbeo

1134 2249 1228 2282 tom.
1267 2246 1300 2283 4.
1345 2244 1441 2282 Bibl.
1490 2255 1618 2282 novae
1661 2246 1961 2295 Manuscriptor.
2009 2257 2096 2296 pag.

1133 2307 1226 2345 344.
1257 2306 1349 2344 347.

1185 2367 1413 2419 Auonymus
1441 2369 1696 2407 METENSIS
1725 2369 1818 2408 Ord.
1846 2369 1979 2407 Praed.
2001 2371 2098 2407 scri-

1134 2434 1223 2482 ptor
1249 2429 1440 2470 Chronici
1456 2431 1560 2469 circa
1586 2430 1659 2469 An.
1689 2430 1803 2469 4274.

1186 2491 1355 2530 Jodocus
1379 2493 1677 2531 METZLERUS
1698 2493 1913 2531 Coenobita
1935 2492 2098 2537 Sangal-

1135 2555 1258 2592 lensis
1275 2552 1410 2603 junior
1431 2553 1592 2602 quidem
1619 2558 1704 2599 est,
1732 2554 1888 2602 scripsit
1913 2555 2018 2590 enim
2052 2554 2095 2591 A.

1136 2615 1252 2654 4606.
1277 2614 1344 2653 sed
1372 2614 1445 2651 hoc
1471 2615 1554 2652 loco
1579 2626 1597 2651 a
1627 2626 1688 2651 me
1714 2615 1884 2651 refertur
1908 2616 2094 2663 qnoniam

1134 2677 1222 2727 ejus
1251 2674 1374 2714 libros
1395 2675 1494 2713 duos
1512 2675 1558 2713 (le
1588 2675 1688 2712 Viris
1716 2674 1941 2713 illustribus
1963 2678 2097 2714 ,Iloua-

1134 2737 1249 2777 sterii
1285 2739 1325 2776 S.
1367 2736 1474 2775 Gelli
1499 2736 1623 2774 edidit
1655 2737 1878 2775 Bcrnardus
1906 2739 1977 2775 I‘ez
2003 2743 2028 2775 t.
2062 2741 2096 2776 4.

1135 2798 1420 2839 anecdotorum
1448 2803 1559 2848 parte
1586 2799 1621 2835 3.
1645 2809 1730 2848 pau.
1766 2800 1854 2836 5:37.
1881 2798 1968 2836 (326.
1994 2800 2098 2836 (Ion-

1138 2864 1219 2910 fer,
1238 2862 1269 2900 si
1293 2862 1436 2912 placet,
1455 2862 1541 2899 eius
1555 2860 1712 2898 dissert.
1733 2861 1970 2911 Isagogicam
1989 2866 2096 2899 tomo

1138 2924 1190 2963 illi
1214 2924 1474 2973 praemissam
1497 2934 1583 2973 pag.
1612 2924 1833 2961 Lxxxlx.

1190 2985 1415 3024 MICHAEL
1444 2983 1641 3034 Amyclas,
1674 2984 1721 3021 de
1751 2986 1866 3023 cuius
1898 2986 2098 3023 vaticiniis

1139 3048 1213 3087 sub
1239 3048 1350 3086 Sixto
1373 3047 1432 3084 lv,
1464 3046 1605 3092 editis,
1649 3046 1822 3096 Epistola
1875 3047 1972 3084 l‘etri
2012 3047 2099 3085 nel-

1139 3110 1248 3160 phini
1280 3109 1354 3147 An.
1384 3109 1498 3147 4405.
1524 3108 1613 3145 data
1635 3113 1768 3145 exstat
1793 3109 1895 3158 apud
1923 3109 2100 3148 lcdmun-

1141 3173 1235 3211 dnm
1262 3174 1436 3210 Martene
1462 3175 1555 3207 tom.
1573 3171 1607 3207 3.
1633 3171 1877 3209 collectionis
1898 3177 1994 3209 vett.
2019 3184 2102 3210 mo·

1141 3237 1427 3273 numentornm
1457 3243 1543 3281 pag.
1574 3233 1688 3271 4453.

1192 3294 1398 3333 MlCuAEi.
1439 3292 1626 3343 ‚lnqlicns
1675 3296 1882 3345 (Langlois)
1924 3300 2098 3338 Francus

1141 3358 1491 3404 Belliinontcnsis,
1523 3358 1629 3396 luris
1660 3359 1869 3409 utriusque
1901 3361 2098 3401 Professor
