2533 4009
416 229 491 267 3:20

415 300 661 341 ministrata,
691 294 789 329 bona
816 276 910 323 ¹lide
956 282 1025 330 ipsi
1066 280 1249 336 misisse,
1281 280 1372 329 qui-

416 364 490 400 bus
521 356 639 397 soIIde
685 346 923 397 respondet,
965 346 1004 379 et
1052 341 1088 378 id
1134 341 1372 390 plerumque

416 426 571 460 monet.
602 416 785 459 docorpta
815 419 858 444 ea
884 403 1045 454 quIdem
1078 414 1168 440 esse
1194 414 1243 439 ex
1269 402 1372 451 Ope-

416 485 522 522 ribus
553 481 592 515 S.
623 474 771 512 Patris.
802 467 869 505 scd
903 472 1036 503 tamon
1084 476 1160 502 non
1202 464 1300 501 satiS
1331 462 1374 500 fi„

413 546 578 583 dein-«r.
609 541 643 573 et
677 546 697 571 a
730 542 801 569 suo
831 533 1024 566 contextu
1055 527 1250 575 disrupta.

464 597 513 640 9)
532 600 676 638 Contra
711 590 974 636 collatorem,
1007 588 1053 627 de
1079 587 1221 638 qratia
1253 586 1382 625 Deiet

413 664 531 704 libero
575 655 761 695 arbitrio.
806 653 979 691 Collator
1012 652 1074 690 ille
1106 656 1170 689 est
1200 651 1377 688 Joannes

411 726 651 767 Cassianus,
681 720 747 768 qui
781 728 857 754 non
891 717 1020 754 solum
1056 717 1093 752 in
1122 713 1378 752 sermonibus

413 792 510 825 intra
557 784 734 833 privatos
777 780 978 830 parietes,
1010 776 1079 815 sed
1127 776 1262 818 otiam,
1292 774 1380 814 Col-

412 850 554 888 latione
584 844 689 883 XIII.
720 842 943 880 doctrinam
976 841 1014 879 S.
1045 839 1261 888 Augustini
1288 848 1380 887 sug-

411 911 633 957 gillaverat.
665 908 742 945 noe
772 904 1023 956 Opusculum
1067 902 1250 952 Prosperi
1287 911 1377 938 cum

410 959 606 1023 Operibus
637 969 819 1007 Cassiani
868 966 970 1004 solet
1001 965 1187 1015 imprimi.
1234 962 1380 1001 Prodiit

407 1035 634 1083 moguntiae
668 1034 705 1070 in
741 1030 909 1069 aedibus
938 1029 995 1066 Jo.
1028 1026 1229 1066 Schoeffer
1262 1024 1378 1064 4523.

411 1099 446 1138 t.
477 1084 604 1147 Lnga.
635 1095 721 1133 But.
756 1093 873 1132 4606.
904 1091 1082 1130 Atrebat.
1117 1089 1232 1129 4628.
1271 1091 1311 1125 et
1342 1088 1378 1125 In

409 1158 714 1207 Haereseologia
746 1154 917 1195 Heroldi.

466 1223 529 1261 10.
575 1217 864 1260 commentarii
910 1216 950 1254 in
992 1214 1204 1260 Ρεαίηιοε,
1249 1225 1286 1250 α.
1337 1211 1381 1250 C.

412 1295 537 1335 nsque
566 1282 621 1321 ad
651 1282 725 1322 CL.
752 1280 810 1319 Ad
844 1280 1046 1318 Psalmum
1081 1278 1194 1316 CVII.
1237 1275 1383 1324 allegat

412 1346 733 1387 Commentarios
764 1344 801 1380 in
835 1342 1039 1380 Psalmum
1074 1338 1174 1377 LVI.
1212 1342 1252 1376 et
1284 1337 1382 1375 LIX.

412 1410 520 1449 unde
550 1411 710 1446 constat
742 1408 870 1457 ipsum
904 1408 1032 1442 totum
1064 1402 1304 1441 Psaltei‘Ium
1340 1399 1382 1437 il-

340 1459 347 1466 ‘
415 1473 636 1520 lustrasse,
667 1469 771 1520 quod
799 1473 839 1507 et
864 1478 936 1506 suo
959 1470 1138 1516 tempore
1159 1463 1290 1503 adhuc
1317 1473 1384 1500 su-

418 1534 617 1584 perfuisse
664 1535 838 1570 testatur
872 1528 1070 1569 Notkerus
1113 1527 1306 1566 Balbulus
1337 1525 1384 1564 de

419 1599 587 1647 Interpr.
620 1596 765 1645 Script.
797 1605 829 1632 c.
863 1594 899 1630 2.

469 1661 532 1698 44.
577 1656 800 1697 Sententiae
845 1667 899 1694 eae
945 1651 1140 1706 Operibus
1170 1649 1386 1702 Auqustz'ni

414 1725 642 1772 excerptae.
676 1721 877 1760 Numerus
906 1729 1045 1756 earum
1078 1718 1115 1754 in
1149 1716 1275 1754 variis
1305 1714 1388 1752 edi-

415 1784 590 1821 tionibus
619 1787 681 1820 est
711 1782 923 1829 diversus,
955 1780 1052 1818 dum
1092 1776 1289 1828 quaedam
1320 1776 1380 1813 bis

416 1845 593 1891 positae,
638 1843 736 1879 aliae
783 1843 956 1878 omissae
1005 1839 1379 1889 deprehenduntur.

418 1902 654 1938 I‘rodIerunt
698 1902 913 1948 separatim
955 1899 1188 1937 Helmstadii
1220 1910 1291 1947 per
1320 1900 1379 1936 Jo.

421 1973 440 1997 a
474 1960 652 2006 Fucbte,
687 1961 801 1998 4613.
834 1961 868 1995 8.

477 2021 537 2059 42.
566 2020 786 2059 Clzronicon
815 2020 863 2057 ab
893 2019 986 2056 orbe
1016 2017 1175 2055 condito
1206 2018 1251 2055 ad
1280 2029 1383 2054 mor-

423 2090 502 2121 tem
534 2081 801 2120 Valentiniani
835 2081 901 2118 III.
930 2083 971 2117 et
992 2080 1156 2117 Romam
1183 2089 1204 2114 a
1233 2078 1383 2115 Gonse-

422 2147 500 2183 rico
531 2147 686 2193 captam
706 2173 715 2188 ,
748 2142 786 2179 h.
817 2153 849 2178 e.
881 2152 914 2179 a.
946 2141 987 2178 C.
1022 2140 1110 2178 455.
1145 2141 1382 2189 l'rosporum

422 2206 706 2256 Aquitanieum
738 2202 911 2240 edidisse
947 2201 1169 2239 Chronicon
1215 2205 1387 2239 testatur

421 2265 681 2308 GennadiuS,
713 2264 779 2311 qui
811 2261 951 2299 eodem
974 2271 1073 2298 aevo
1098 2262 1222 2308 vixit,
1254 2262 1388 2299 Victor

418 2327 644 2374 Aquitanus
670 2327 678 2371 (
700 2323 735 2359 in
760 2321 881 2371 praes.
912 2321 959 2358 ad
987 2322 1190 2359 Cononem
1219 2321 1386 2360 Pascha-

421 2386 524 2431 lem)
555 2389 595 2421 et
626 2382 805 2421 Isidorus
836 2382 1111 2433 Hispalensis,
1141 2394 1312 2433 quorum
1346 2384 1387 2421 fl-

419 2445 508 2483 dem
535 2446 571 2482 in
598 2444 762 2483 dubium
790 2455 934 2482 vocare
961 2444 1072 2482 nefas
1096 2449 1196 2484 esto.
1224 2446 1383 2493 Verum,

420 2507 550 2556 inquis
575 2536 582 2555 ,
612 2505 761 2556 duplex
793 2505 909 2545 adest
939 2507 1167 2545 Chronicon
1202 2509 1384 2558 Prosperi

419 2578 562 2605 nomen
595 2567 747 2605 habens
778 2567 1027 2618 praefixum,
1061 2570 1096 2606 in
1129 2580 1300 2620 quorum
1332 2569 1387 2608 al-

417 2635 501 2668 tero
533 2631 651 2668 verba
670 2629 716 2668 de
734 2630 896 2669 haeresi
910 2630 1313 2670 Praedestinatornm
1335 2630 1386 2669 ab

415 2691 634 2742 Auyustz'no
665 2692 823 2731 inventa
852 2698 1069 2732 occurrunt
1096 2723 1105 2739 ‚
1131 2705 1233 2742 quae
1249 2698 1386 2732 contra

416 2765 574 2792 omnem
606 2755 729 2792 vitam
762 2757 802 2790 et
825 2755 1004 2791 actiones
1022 2755 1200 2804 Prosperi
1218 2755 1389 2804 loquun-

418 2820 494 2854 tur.
525 2815 859 2865 Respondemus,
890 2815 1063 2853 alterurn
1111 2815 1207 2854 illud
1228 2845 1236 2861 ,
1280 2817 1384 2866 quod

420 2878 553 2917 minus
583 2887 800 2923 vocamus,
832 2876 956 2914 multa
982 2876 1143 2925 quidem
1176 2888 1197 2915 e
1222 2878 1384 2926 Prospe-

420 2950 462 2975 ro
491 2939 770 2986 desumsisse,
800 2942 840 2975 et
877 2948 1022 2976 nomen
1066 2938 1155 2987 ejus
1199 2939 1382 2985 mentiri,

422 3012 557 3039 revera
589 3007 722 3040 tamen
755 3001 880 3050 ipsius
911 3011 987 3037 non
1021 3010 1124 3037 esse.
1154 2999 1188 3045 a)
1219 2997 1382 3037 Editurn

423 3066 554 3099 autern
587 3063 759 3112 primum
791 3065 853 3099 est
877 3073 896 3100 a
916 3063 1030 3100 Petro
1048 3060 1207 3099 Pithoeo
1225 3061 1261 3097 in
1283 3059 1384 3110 Ope-

425 3121 532 3159 rIbus
563 3125 680 3160 Paris.
712 3126 725 3162 4
739 3124 829 3162 083
859 3128 898 3160 ct
931 3122 1046 3162 4609.
1072 3123 1105 3160 4.
1132 3121 1380 3171 editis,pag.

481 3274 512 3296 a
537 3269 707 3300 Editiones
731 3271 788 3302 lias
816 3274 940 3311 optime
956 3272 1118 3303 discernit
1141 3273 1291 3309 CaveuS,
1318 3271 1374 3310 qui

423 3315 487 3346 Inue
509 3315 736 3347 conserendus.

1243 206 1585 247 PROSPER

1449 277 1538 316 334.
1572 276 1786 326 repetitum
1818 287 1839 314 a
1872 277 2035 316 Canisio
2065 280 2170 316 Lect.
2203 276 2296 315 Ant.
2329 280 2424 315 tom.

1453 341 1481 378 I.
1513 351 1546 389 p.
1582 339 1671 377 433,
1702 337 1891 376 editionis
1922 340 2213 389 Basnagianae.
2240 339 2349 377 Idem
2370 343 2428 377 ta·
2458 352 2462 355 ¹
2522 332 2524 344 '

1447 412 1537 438 men
1570 400 1756 438 Canisius
1787 411 1824 449 p.
1857 401 1953 439 306.
1983 401 2091 440 aliud
2123 412 2290 451 quoquc
2321 399 2426 439 IIIIus

1449 461 1678 511 exemplum
1711 473 1759 499 ex
1791 461 1935 500 Codice
1965 462 2210 513 Augustano
2242 462 2425 514 prodidit.

1450 523 1547 562 Bibl.
1579 525 1648 561 ΡΡ.
1682 524 1854 561 maxima
1886 524 2169 574 Lugdunensis
2191 527 2264 564 trIa
2291 536 2428 563 exem-

1452 586 1575 636 plaria
1606 584 1721 623 dedit
1752 589 1846 623 tom.
1879 586 1967 624 VIll
1993 597 2067 637 pag
2108 588 2196 627 494.
2222 586 2311 627 497.
2337 587 2427 626 200.

1454 649 1600 698 Incipit
1631 659 1650 686 a
1683 647 1934 698 temporibus
1965 648 2172 697 Gratiani,
2201 655 2241 689 et
2280 651 2430 700 pertin-

1456 712 1513 762 git
1547 721 1676 760 usque
1706 709 1753 747 ad
1785 714 1945 759 captam
1979 721 1998 748 a
2029 711 2218 750 Vandalis
2250 714 2430 751 Romam.

1458 774 1687 813 Genuinum
1730 776 1865 810 autern
1913 771 2136 811 Chronicon
2183 775 2359 826 Prosperi
2391 778 2431 812 et

1458 838 1692 885 integrum,
1723 833 1830 885 quod
1876 834 1924 873 ab
1954 835 2047 873 orbe
2077 835 2236 875 condito
2266 838 2428 887 incipit,

1455 898 1606 936 editum
1652 902 1715 935 est
1761 898 1934 947 primum
1968 908 1987 935 a
2019 898 2178 937 Canisio
2217 902 2315 936 tom.
2348 900 2362 938 I
2395 911 2431 949 p.

1456 961 1546 999 252.
1578 965 1669 1011 post
1699 971 1747 998 ex
1779 959 1855 997 alio
1900 959 2045 998 Codice
2088 971 2110 999 a
2149 960 2247 999 Phil.
2276 962 2433 1000 Labbeo

1455 1027 1551 1060 tom.
1583 1023 1597 1060 Ι
1628 1022 1727 1060 B2bl.
1760 1033 1888 1060 novae
1918 1022 2014 1061 MSt..
2041 1034 2078 1073 p.
2104 1022 2165 1061 46.
2189 1027 2230 1061 et
2260 1024 2299 1060 in
2332 1023 2434 1062 The—

1457 1097 1575 1124 sauro
1606 1085 1831 1124 Graeviano
1861 1088 1891 1122 t.
1921 1084 1977 1123 XI
2010 1096 2046 1134 p.
2078 1086 2170 1123 269.
2203 1085 2298 1124 Vide
2347 1086 2434 1136 plu—

1459 1148 1568 1187 ribus
1599 1151 1786 1186 auctores
1818 1147 1923 1185 vitae
1951 1149 2158 1198 Prosperi,
2183 1152 2223 1186 et
2246 1147 2434 1186 observa-

1458 1212 1606 1248 tionem
1640 1210 1843 1259 praeviam
1877 1210 1958 1247 Jae.
1990 1210 2189 1260 Basnagii.
2221 1209 2259 1259 b)

1514 1274 1683 1311 Errores
1712 1271 1908 1322 quosdam
1932 1270 2054 1321 hujus
2073 1270 2257 1310 Chronici
2290 1283 2339 1310 ex
2361 1272 2434 1310 Ba-

1459 1336 1569 1374 ronio
1599 1334 1728 1373 adfert
1759 1335 2006 1373 possevinus
2032 1335 2069 1372 in
2097 1333 2304 1385 Apparatu
2335 1338 2430 1372 tom.
2491 1350 2492 1354 ¹
2526 1345 2533 1394 {

2528 1395 2531 1409 .

1463 1399 1495 1436 II
1528 1410 1613 1448 pag.
1647 1397 1736 1434 302.

1823 1460 1874 1497 ΙΙ.
1909 1456 2058 1496 Dubia.

1516 1523 1600 1561 Huc
1632 1522 1863 1560 referuntur
1897 1522 1929 1559 4.
1957 1519 2187 1573 Confessio,
2210 1531 2330 1570 quam
2356 1521 2431 1559 sub

1463 1586 1622 1623 nomine
1654 1585 1834 1634 Prosperi
1866 1584 2040 1634 primum
2086 1582 2211 1621 edidit.
2240 1584 2321 1621 Jac.
2353 1584 2434 1622 Sir-
2491 1628 2492 1631 Ἴ
2528 1622 2533 1626 .

1465 1647 1636 1686 mondus
1665 1657 1756 1684 cum
1789 1645 2041 1696 poematibus
2069 1645 2237 1695 Eugenii
2267 1649 2308 1682 et
2336 1645 2432 1682 Dra-

1463 1709 1601 1754 contii,
1633 1708 1755 1746 PariS.
1803 1708 1919 1746 4629.
1951 1707 1985 1744 8.
2018 1707 2178 1758 repetiit
2221 1705 2322 1744 Bibl.
2361 1706 2429 1744 ΡΡ.
2491 1747 2493 1753 y
2531 1705 2533 1733 l

1455 1771 1709 1812 Coloniensis
1742 1771 1778 1807 in
1813 1768 2206 1820 Supplementqubi
2230 1768 2351 1806 editio
2374 1769 2432 1807 Pi-

1456 1835 1563 1872 thoei
1597 1833 1775 1872 Parisina
1807 1828 2066 1881 memoratur)
2092 1831 2191 1870 Bibl.
2212 1833 2282 1870 ΡΡ.
2308 1831 2430 1869 Paris.
2491 1871 2492 1874 Ἴ
2526 1820 2533 1828 .

1457 1901 1553 1933 tom.
1583 1896 1668 1933 XV.
1701 1906 1776 1944 pag
1820 1895 1910 1933 844.
1957 1898 1997 1932 et
2041 1893 2161 1933 editio
2211 1894 2429 1932 noviSSIma

1461 1957 1638 2004 Operum
1685 1956 1884 1993 Sirmondi
1929 1960 2024 1994 tom.
2057 1957 2105 1994 II.
2137 1956 2180 1994 In
2213 1967 2258 1995 ea
2293 1958 2433 1994 auctor

1461 2015 1510 2052 de
1545 2016 1759 2053 iuventute
1793 2016 1896 2053 male
1927 2021 2129 2055 transacta
2160 2017 2297 2065 dolet,
2329 2019 2433 2055 inter

1459 2076 1533 2113 alia
1563 2075 1658 2113 dicit
1697 2086 1738 2112 se.
1770 2080 1950 2125 tempore
1982 2078 2214 2127 irruptionis
2243 2078 2429 2117 barbaro—

1464 2148 1551 2175 rum
1585 2137 1752 2186 patriam
1785 2147 1899 2175 suam
1929 2138 2168 2188 reliquisse,
2196 2139 2230 2178 id
2256 2139 2362 2190 quod
2391 2141 2428 2178 in

1461 2200 1698 2248 Prospcrurn
1732 2210 1809 2236 non
1843 2199 2041 2249 quadrat,
2073 2202 2178 2240 sicut
2209 2213 2281 2242 nec
2312 2202 2431 2240 stilus

1461 2260 1650 2298 omnibus
1683 2259 1786 2298 idem
1820 2261 1992 2300 videtur.

1516 2321 1553 2359 2.
1589 2321 1762 2360 Carmen
1790 2321 1845 2359 ad
1872 2333 2070 2371 umorem,
2102 2335 2222 2374 quam
2248 2317 2434 2364 exhorta-

1462 2387 1527 2421 tur
1571 2383 1617 2422 ad
1668 2384 1789 2422 vitam
1836 2384 2029 2422 coelibem
2080 2384 2344 2436 ducendam,
2390 2392 2432 2425 ut

1461 2445 1541 2482 Deo
1574 2445 1718 2483 melius
1751 2456 1892 2483 vacare
1923 2450 2071 2496 posset.
2114 2448 2257 2498 Incipit
2286 2460 2432 2499 genere

1461 2506 1753 2545 Anacreontieo
1772 2520 1779 2544 :

1623 2567 1704 2618 Aqe
1737 2569 1854 2619 jam,
1881 2581 2052 2620 precor,
2083 2581 2264 2609 mearum

1629 2630 1764 2669 Comes
1795 2630 1987 2669 irremota
2017 2642 2169 2670 rerum.

1462 2692 1654 2742 deinceps
1698 2696 1789 2743 post
1818 2693 1970 2742 aliquot
2014 2693 2244 2732 huiusmodi
2282 2705 2427 2734 versus

1463 2758 1693 2804 sequuntur
1722 2753 1891 2792 disticha
1922 2755 2059 2792 LXIII.
2091 2755 2261 2794 circiter.
2295 2756 2423 2796 Etiam

1461 2815 1625 2853 Paulino
1655 2815 1803 2872 Nolano
1847 2814 2111 2855 adscribitur:
2145 2817 2193 2856 de
2234 2819 2426 2870 Prospero

1461 2879 1595 2914 autem
1627 2874 1859 2924 dubitatur,
1891 2878 1983 2925 quia
2012 2877 2061 2916 de
2106 2880 2289 2930 conIugio
2319 2880 2425 2920 iliius

1462 2947 1539 2973 non
1572 2940 1742 2974 constat.

1514 2999 1548 3035 3.
1583 2997 1756 3036 Carmen
1786 2997 1832 3036 de
1850 2999 2105 3049 providentia
2128 3001 2290 3052 divina,
2315 3003 2421 3054 quod

1454 3058 1536 3108 jam
1568 3058 1659 3096 olim
1702 3061 1939 3100 llincmarus
1970 3064 2129 3103 nornine
2158 3066 2338 3116 Prosperi
2368 3067 2417 3103 ci-

1459 3121 1583 3168 tavit,
1616 3131 1690 3158 non
1739 3123 1826 3160 vult
1858 3125 1954 3161 viris
1999 3124 2125 3164 doctis
2155 3137 2198 3165 se
2229 3126 2417 3176 probare,

1505 3271 1540 3308 b)
1563 3271 1754 3303 CIironIcon
1781 3271 1863 3307 illud
1886 3277 1935 3305 ιο.
1964 3275 2147 3306 Garnerius
2169 3272 2330 3305 Lucontio
2355 3274 2419 3304 tri-

1434 3319 1535 3351 bucre
1554 3320 1694 3358 mavult,
1715 3320 1755 3351 «le
1775 3329 1840 3360 quo
1859 3324 1975 3354 Noster
1993 3329 2092 3361 supra
2115 3324 2139 3353 t.
2166 3323 2216 3351 lv.
2242 3319 2317 3352 564.
