2533 4009
495 178 568 212 522

495 243 714 279 inonachus
744 237 1039 287 carthusianus
1069 235 1353 282 coloniensis,
1395 238 1437 274 et

492 304 676 341 vicarius
696 328 705 345 ,
737 297 904 343 scripsit
936 298 1070 332 Vitam
1100 297 1296 343 Dionysii
1331 297 1436 335 Car—

493 363 694 405 illusioni,
725 369 812 405 quae
843 359 1020 393 Coloniae
1052 368 1087 393 a.
1114 356 1229 393 1532.
1253 360 1431 404 primurn

491 426 612 469 edita,
642 427 733 469 post
763 424 803 457 in
833 420 947 456 Actis
979 420 1046 455 SS.
1078 420 1215 456 Martii
1248 421 1347 456 tom.
1382 422 1430 456 II.

491 497 584 532 pag.
617 486 707 520 247.
739 493 901 519 rursum
933 483 1111 528 repetita
1141 483 1217 520 est.

540 546 902 583 THEODERICITS
924 546 1145 582 Monachus
1170 546 1214 584 S.
1231 547 1433 583 Matthiae

484 622 604 658 prope
646 612 880 653 Treverim,
923 610 1016 646 Oro.
1064 611 1102 646 S.
1144 611 1358 649 Benedicti
1397 622 1432 647 a.

488 674 600 709 1000.
642 672 806 718 scripsit
855 673 901 709 <le
953 668 1185 709 incente‘one
1231 672 1274 709 S.
1327 671 1435 709 Celsi

482 735 676 781 Episcopi
697 735 735 771 et
761 732 1033 781 Confessoris,
1063 734 1171 780 apud
1196 734 1361 770 Surium
1382 733 1435 769 23

482 796 596 833 Febr.
628 797 667 833 et
698 797 739 832 in
770 796 883 832 Actis
925 796 1164 832 Sanctorum
1209 796 1319 832 tomo
1363 795 1433 831 ΙΙΙ.

482 858 595 894 Febr.
629 869 665 904 p.
697 858 788 894 396.
820 860 868 895 de
901 859 1124 895 miraculis
1153 859 1365 905 ejusde-m,
1396 860 1435 897 et

484 920 703 957 Sermones
733 922 780 957 cle
815 920 1010 958 Sanctis:
1052 922 1154 957 item
1197 922 1436 959 Historiam

487 982 775 1028 Treverorum,
806 993 927 1028 quan]
955 984 1156 1019 memorat
1179 982 1435 1019 Trithemius

480 1045 678 1090 principio
709 1045 898 1081 Chronici
929 1046 1257 1092 Hirsaugensis:
1290 1056 1435 1093 quam-

479 1115 598 1151 quam
641 1108 683 1142 in
725 1107 922 1153 catalogo
966 1109 1148 1144 virorum
1198 1109 1433 1146 illustrium

479 1170 707 1205 Germaniae
730 1170 839 1206 iuter
853 1171 941 1206 eius
958 1170 1119 1216 Scripta
1135 1172 1320 1208 Annales
1337 1172 1433 1208 Tre-

485 1238 672 1265 verensvs
710 1240 790 1266 non
831 1232 1031 1268 numerat.
1072 1234 1186 1270 Adde
1228 1233 1433 1270 Oudinum

479 1293 588 1328 tomo
621 1292 668 1327 11.
702 1303 738 1338 p.
771 1293 862 1329 726.
894 1295 964 1340 qui
985 1304 1056 1340 pro
1080 1305 1190 1332 more
1215 1295 1346 1333 multa
1366 1298 1433 1333 in-

479 1354 617 1400 fercit,
647 1356 697 1391 ad
728 1365 813 1391 rem
846 1366 927 1392 non
958 1357 1233 1403 pertinentia,
1265 1358 1311 1393 ut
1338 1358 1433 1394 tan-

481 1419 569 1453 tuin
603 1419 813 1454 volumina
844 1428 1000 1465 magua
1029 1421 1297 1466 constiparet.

590 1480 702 1517 Ideni
733 1480 834 1516 forte
865 1481 929 1516 est
955 1481 1107 1518 Auctor
1133 1483 1249 1519 Vitae
1273 1482 1316 1520 S.
1339 1483 1433 1519 Hit—

480 1543 691 1589 ‹lemn-(lis,
722 1543 900 1588 primum
924 1543 965 1578 in
987 1542 1185 1588 Operibus
1212 1544 1433 1591 Hildegar-

478 1605 567 1647 dis,
599 1604 735 1641 Colon.
770 1604 885 1640 1566.
927 1606 1019 1651 post
1061 1616 1084 1641 a
1129 1606 1245 1641 Surio
1285 1606 1323 1642 d.
1369 1606 1430 1641 17.

480 1669 590 1712 sept.
620 1668 766 1704 editae:
811 1669 846 1704 is
887 1668 1023 1704 autem
1068 1670 1186 1705 illum
1227 1668 1430 1707 Abbatem

478 1730 786 1766 Benedictinuin
819 1731 952 1776 vocat,
982 1732 1050 1777 qui
1077 1741 1111 1766 a.
1138 1732 1430 1769 1200.e1arue-

481 1790 546 1826 rit.
581 1791 692 1827 Adde
723 1791 926 1827 Oudinum
956 1792 1066 1828 tomo
1098 1792 1147 1827 II.
1180 1804 1216 1839 p.
1249 1792 1364 1830 1695.

525 1853 893 1890 THEODERICL‘S
910 1855 1231 1902 clelllonasterio,
1247 1857 1285 1892 S.
1299 1857 1429 1894 Theo-

479 1917 600 1961 logia:
631 1918 838 1954 Professor
869 1919 909 1954 in
939 1921 1160 1957 Academia
1180 1922 1426 1968 Coloniensi,

478 1980 581 2015 x‘ixIt
612 1982 746 2016 seculo
778 1982 863 2015 XV.
895 1983 1061 2028 scripsit
1103 1985 1150 2020 cle
1185 1985 1293 2021 Vitio
1326 1995 1426 2031 pro-

474 2042 675 2086 prietatis
704 2043 753 2078 ad
776 2044 1111 2082 sanctimoniales
1133 2049 1362 2084 conventus
1387 2048 1422 2083 S⁴

479 2104 643 2147 Aegidii
675 2105 1010 2142 monasteriensis
1042 2108 1121 2143 MS.
1154 2110 1219 2144 est
1248 2110 1291 2145 iu
1324 2109 1426 2146 Bibl.

481 2165 517 2198 S.
551 2166 711 2201 Martini
743 2167 1027 2214 ‘fornacem-sis,
1058 2170 1163 2206 teste
1195 2170 1290 2205 Ant.
1324 2171 1424 2207 San-

476 2227 572 2262 dero
602 2227 700 2263 Bibl.
734 2229 897 2274 Belgica
920 2232 1200 2277 manuscripta
1220 2231 1248 2267 Ι.
1272 2242 1310 2278 p.
1336 2233 1424 2269 135.

479 2287 569 2323 Fuit
601 2290 696 2325 item
729 2291 838 2335 apud
869 2292 1103 2328 Cornelium
1135 2294 1425 2331 Dielmannum

474 2350 566 2385 ord.
599 2350 873 2387 Eremitarum
908 2354 946 2388 S.
979 2355 1225 2400 Augustini:
1257 2357 1354 2393 ibid.
1386 2369 1423 2403 p.

475 2411 563 2446 295.
598 2412 742 2448 Sermo
767 2414 814 2450 (le
834 2418 1075 2453 necessaria
1095 2426 1256 2455 moram
1278 2419 1323 2455 in
1343 2420 1425 2456 Ee-

475 2473 725 2510 olesiasticis
748 2474 1044 2522 reformatione
1067 2480 1108 2515 in
1123 2480 1302 2517 Concilio
1318 2482 1425 2518 Con-

475 2536 693 2572 stantiensi
724 2546 758 2571 a.
785 2538 898 2574 1415.
922 2539 1088 2577 habitus
1121 2542 1258 2579 editus
1292 2544 1357 2580 est
1377 2545 1426 2580 ab

475 2597 609 2633 Herm.
641 2607 720 2633 von
750 2599 820 2635 der
849 2601 979 2637 Hal-dt
1010 2603 1052 2638 in
1091 2604 1196 2639 Hist.
1239 2606 1423 2642 literaria

472 2658 790 2696 Reformationis
811 2663 915 2706 part.
931 2663 999 2698 III.
1015 2674 1112 2711 pag.
1128 2665 1190 2701 45.
1206 2667 1424 2714 Eoeoerpta

475 2721 644 2756 alterius
673 2731 708 2756 a.
742 2721 856 2757 1116.
888 2723 1046 2770 habiti,
1087 2727 1241 2764 ibidem
1278 2739 1316 2774 p.
1357 2728 1420 2765 58.

474 2783 553 2817 alia
582 2783 659 2817 (luo
689 2784 796 2827 apud
823 2783 1007 2821 Eundem
1038 2788 1079 2822 in
1111 2790 1350 2833 praefatione
1372 2793 1420 2827 ad

477 2844 572 2878 Acta
617 2846 785 2880 (lencilii
837 2845 1171 2885 Constantiensis
1216 2852 1326 2888 tomo
1373 2854 1420 2888 V.

476 2915 568 2951 pag.
600 2907 663 2941 22.
694 2907 758 2942 23.

526 2969 902 3015 'rili-3‹›1)l‹;l{ICUS‚
928 2973 1150 3010 monachus
1171 2975 1423 3015 Nictrosien-

473 3031 532 3066 sis
553 3033 591 3065 in
614 3033 848 3079 Norwegia,
873 3035 975 3070 vixit
997 3037 1106 3073 circa
1126 3047 1279 3075 annum
1303 3041 1421 3077 1160.

473 3094 508 3123 ‹ei
543 3094 773 3137 Augustino
817 3095 1131 3145 Archiepiscopo
1166 3101 1421 3140 Nidrosiensi

475 3153 567 3185 tunc
599 3155 754 3190 viventi
785 3156 989 3193 dedicavit
1019 3161 1253 3199 Historiam
1275 3165 1323 3200 de
1355 3174 1422 3201 re-

478 3213 591 3255 yz'becs
622 3215 891 3264 Nora-afficis.
926 3221 1024 3257 Eam
1052 3232 1072 3258 e
1097 3225 1174 3259 MS.
1198 3226 1420 3264 Lubecensi

480 3275 674 3318 protraxit
719 3279 762 3310 ,10
807 3281 1139 3329 Kirciimnnnus.
1185 3289 1224 3324 et
1272 3291 1419 3326 annot-

1287 168 1654 205 THEODERICUS

1508 239 1690 275 tionibus
1720 239 1965 285 quibusdam
1995 240 2240 287 illustravit,
2263 242 2308 278 in
2330 243 2463 280 lucem

1509 311 1604 338 vero
1633 302 1764 338 edidit
1801 302 1921 340 Bern.
1963 304 2087 351 Casp.
2131 304 2464 350 Kirchmannus,

1507 364 1541 397 J.
1576 363 1605 397 U
1649 362 1696 398 D.
1727 372 1853 409 nepos
1883 365 2009 411 illius,
2041 366 2083 403 et
2114 375 2206 402 cum
2239 366 2460 412 Anonymo
2486 379 2489 382 ·

1507 425 1554 461 ‹le
1604 423 1864 471 profectione
1893 426 1939 463 in
1967 428 2131 465 terram
2156 427 2356 464 Sanctam
2376 427 2465 463 edi-

1508 485 1570 522 dit
1583 486 1885 523 Amstelodami
1904 488 2012 533 apud
2031 487 2465 525 Jansonio-Waesber-

1507 549 1601 593 gios
1633 548 1749 585 1684.
1783 549 1822 584 8.
1853 547 2037 585 Oudinus
2069 550 2253 586 libellum
2283 558 2364 585 non
2399 549 2464 585 vi-

1507 610 1582 655 dit,
1612 611 1805 656 quamvis
1835 610 1886 646 de
1916 611 1986 647 iiio
2015 612 2204 658 quaedam
2235 611 2429 659 proferat.

1562 671 1928 709 TEHODERICUS
1957 673 2005 710 cle
2043 674 2182 720 Niem‚
2212 675 2307 712 vide
2337 683 2462 721 supra

1562 735 1929 771 THEODERICUS
1958 736 2006 773 de
2042 737 2315 784 osembrnelz,
2358 736 2463 785 (non

1512 796 1808 844 Obsembrnoh)
1841 807 1864 833 a
1892 797 2028 843 patria
2066 799 2163 836 urbe
2203 800 2291 836 scil.
2332 798 2464 836 03118-

1506 860 1658 905 bruga,
1688 860 1746 896 sic
1775 859 1924 905 dictuS,
1955 859 2181 896 monachus
2209 859 2303 898 Ord.
2331 861 2462 897 Mino-

1509 931 1617 967 rum,
1646 921 1785 958 floruit
1805 931 1842 957 a.
1866 922 1984 959 1498.
2007 921 2181 969 Scripsit
2201 923 2248 961 de
2261 925 2460 972 passione

1507 985 1690 1030 Domini,
1709 984 1904 1022 Manuale
1933 985 2208 1032 simplicium,
2227 982 2248 1005 ⁴*
2268 985 2316 1023 de
2338 993 2461 1023 ewer-

1507 1047 1607 1084 citio
1636 1046 1839 1084 interiori
1873 1047 1912 1084 et
1952 1046 2124 1084 Librum
2155 1047 2460 1094 precationum.

1507 1108 1768 1154 Waddingus
1797 1108 1846 1144 de
1889 1107 2159 1154 scriptoribus
2201 1107 2296 1144 Ord.
2330 1109 2463 1144 Mino-

1506 1180 1596 1206 rum
1639 1181 1678 1217 p.
1721 1171 1813 1208 321.
1857 1169 2004 1207 Willot
2050 1169 2223 1206 Athenae
2275 1169 2460 1207 sodalitii

1507 1232 1770 1270 Franciscani
1798 1243 1896 1280 pag.
1928 1233 2019 1270 331.
2042 1232 2298 1270 Trithemius
2318 1231 2460 1280 script.

1508 1296 1662 1332 Eccles.
1691 1305 1726 1332 e.
1758 1295 1849 1332 950.

1563 1359 1932 1396 THEODERICUS
1952 1358 2310 1397 Paclerbornensis
2329 1357 2462 1395 Cano-

1508 1422 1623 1457 nicus
1652 1422 1761 1458 cirea
1788 1430 1942 1457 annum
1976 1419 2092 1458 1079.
2134 1419 2302 1467 scripsit
2347 1419 2463 1458 Com-

1507 1485 1801 1521 mentationem
1830 1484 1876 1520 in
1907 1484 2146 1521 Orationem
2186 1482 2460 1528 Dominioam‚

1507 1547 1549 1584 et
1579 1547 1760 1594 quidem,
1790 1547 1837 1582 ut
1864 1546 2014 1583 titulus
2044 1546 2207 1583 Codicis
2247 1545 2459 1582 Claustro-

1505 1610 1812 1657 Neoburgensis
1841 1610 1982 1656 habet,
2011 1611 2062 1647 ob
2100 1610 2343 1646 memoriam
2371 1607 2459 1645 Im-

1506 1673 1615 1710 mabi
1650 1672 1904 1710 Venerabilis
1934 1672 2147 1720 Episcopi,
2176 1670 2247 1717 qui
2273 1670 2326 1707 ab
2353 1678 2459 1706 anno

1506 1736 1623 1772 1052.
1656 1736 1707 1772 ad
1741 1735 1855 1772 1079.
1888 1735 1977 1772 sedi
2006 1733 2329 1771 paderbornensi
2349 1741 2457 1779 pree-

1504 1799 1597 1835 fuit.
1642 1797 1811 1834 Editum
1860 1798 2100 1844 opusculum
2143 1805 2168 1832 a
2205 1794 2324 1831 Bern.
2364 1794 2454 1830 Pez.

1505 1862 1624 1898 Thes.
1655 1861 1810 1897 noviss.
1833 1858 2137 1896 Anecdotorum
2156 1857 2257 1893 tom.
2279 1856 2328 1892 11.
2349 1856 2455 1903 part.

1509 1924 1540 1958 1.
1574 1934 1612 1968 p.
1645 1921 1708 1959 57.

1555 1984 1924 2020 THEODERICUS
1952 1984 2097 2029 Pauli,
2128 1983 2455 2028 Gorcomiensis,

1501 2048 1677 2093 scriptor
1697 2047 1824 2084 seculi
1845 2047 1933 2082 XV.
1954 2046 2075 2091 cujus
2100 2044 2332 2082 chronicon
2358 2045 2456 2082 nni-

1502 2111 1662 2147 versale
1691 2109 1773 2145 MS.
1805 2108 2017 2156 possident
2045 2107 2210 2144 Iesuitae
2233 2107 2456 2153 Antverpi-

1500 2184 1637 2220 enses,
1668 2173 1788 2220 prout
1818 2173 1901 2219 ipsi
1920 2167 2130 2209 testantur
2151 2173 2193 2208 in
2213 2171 2330 2208 Actis
2351 2171 2455 2207 San-

1500 2236 1658 2272 ctorum
1698 2237 1797 2272 torn.
1831 2235 1881 2270 ΙΙ.
1923 2234 2061 2271 Martii
2101 2245 2140 2281 p.
2173 2234 2264 2271 641.
2309 2233 2370 2269 Ex
2407 2242 2454 2270 eo

1499 2297 1601 2334 sorte
1633 2298 1809 2344 petitum
1832 2298 1896 2334 est
1915 2297 2172 2334 Mil-acutum
2193 2295 2455 2334 memorabile

1500 2363 1542 2397 in
1572 2361 1739 2398 homine
1769 2362 1946 2408 quodam
1979 2360 2159 2397 flammis
2179 2360 2331 2397 misere
2351 2369 2452 2397 exu-

1500 2425 1579 2470 sto,
1609 2424 1651 2461 et
1678 2424 1818 2461 tamen
1849 2425 1891 2460 in
1916 2424 2003 2460 vita
2020 2422 2289 2469 conservato,
2322 2423 2451 2459 donec

1499 2486 1765 2523 Confessione
1796 2486 1838 2522 et
1866 2485 2129 2524 Eucharistia
2167 2484 2354 2521 munitus
2382 2493 2451 2520 es-

1498 2541 1562 2577 set
1592 2540 1752 2577 meritis
1775 2540 1814 2575 S.
1835 2540 2038 2577 Barbarae.
2062 2537 2251 2584 Contigit
2272 2547 2308 2574 a.
2333 2537 2450 2575 1448.

1497 2602 1539 2639 et
1568 2601 1844 2638 Theodericus
1872 2602 1959 2648 ipse
1990 2601 2049 2637 rei
2070 2598 2202 2646 gestae
2233 2598 2446 2636 interfuit:

1495 2664 1633 2701 exstat
1668 2664 1807 2701 autem
1848 2664 1957 2710 apud
1999 2662 2165 2700 Surium
2205 2672 2244 2708 p.
2288 2663 2325 2699 4.
2367 2661 2448 2700 De-

1493 2727 1682 2763 cembris.

1549 2788 1917 2824 THEODERICUS
1947 2788 1995 2825 ele
2026 2788 2157 2824 Porta
2191 2785 2299 2824 Coeli
2328 2786 2448 2833 Saxo,

1496 2850 1721 2886 monachus
1750 2851 1844 2886 Ord.
1878 2850 1916 2885 S.
1947 2849 2191 2896 Augustini,
2212 2850 2350 2896 procul
2372 2848 2448 2885 du.-

1495 2921 1560 2957 bio
1590 2922 1632 2957 in
1664 2921 1910 2957 monasterio
1940 2918 2300 2966 Himmels-Pfort,
2326 2918 2448 2965 ‚iuxta

1497 2983 1857 3031 Wernigerodam,
1887 2984 2004 3020 dioee.
2053 2981 2445 3028 Halberstadiensis,

1496 3046 1634 3083 floruit
1654 3057 1690 3083 a.
1716 3048 1832 3084 1498.
1855 3047 1896 3083 et
1917 3044 2083 3092 scripsit
2102 3045 2325 3082 Herculum
2351 3045 2446 3082 Vir-

1538 3188 1556 3207 *
1585 3189 1792 3223 possevini
1819 3189 2055 3230 conjectura
2087 3188 2166 3229 est,
2202 3186 2351 3222 librum
2385 3187 2448 3220 in-

1491 3244 1610 3277 scribi
1637 3243 1822 3278 Mannate
1847 3242 2096 3286 supplicum
2124 3242 2229 3283 quod
2254 3242 2314 3276 illi
2340 3241 2445 3284 diju-

1489 3299 1692 3340 dicabunt,
1719 3300 1784 3340 qui
1814 3299 1962 3333 librum
1998 3296 2199 3338 inspicere
2234 3297 2442 3339 poterunt.
