<?xml version="1.0" encoding="UTF-8"?>
<!DOCTYPE html PUBLIC "-//W3C//DTD XHTML 1.0 Transitional//EN"
    "http://www.w3.org/TR/xhtml1/DTD/xhtml1-transitional.dtd">
<html xmlns="http://www.w3.org/1999/xhtml" xml:lang="en" lang="en">
 <head>
  <title>
</title>
<meta http-equiv="Content-Type" content="text/html;charset=utf-8" />
  <meta name='ocr-system' content='tesseract 3.04.00' />
  <meta name='ocr-capabilities' content='ocr_page ocr_carea ocr_par ocr_line ocrx_word'/>
</head>
<body>
  <div class='ocr_page' id='page_1' title='image "./bibliothecalatin05fabruoft/bibliothecalatin05fabruoft_0099.png"; bbox 0 0 2517 4009; ppageno 0'>
   <div class='ocr_carea' id='block_1_1' title="bbox 948 265 2093 306">
    <p class='ocr_par' dir='ltr' id='par_1_1' title="bbox 948 265 2093 306">
     <span class='ocr_line' id='line_1_1' title="bbox 948 265 2093 306; baseline 0.002 -2"><span class='ocrx_word' id='word_1_1' title='bbox 948 265 1242 306; x_wconf 86' lang='lat' dir='ltr'><strong>NEOTUS</strong></span> <span class='ocrx_word' id='word_1_2' title='bbox 2042 269 2093 306; x_wconf 78' lang='lat'>93</span> 
     </span>
    </p>
   </div>
   <div class='ocr_carea' id='block_1_2' title="bbox 94 334 1060 1068">
    <p class='ocr_par' dir='ltr' id='par_1_2' title="bbox 96 334 1057 698">
     <span class='ocr_line' id='line_1_2' title="bbox 96 334 1054 390; baseline -0.004 -12"><span class='ocrx_word' id='word_1_3' title='bbox 96 337 231 378; x_wconf 74' lang='lat' dir='ltr'>venire</span> <span class='ocrx_word' id='word_1_4' title='bbox 259 346 480 390; x_wconf 83' lang='lat' dir='ltr'><strong><em>possemus.</em></strong></span> <span class='ocrx_word' id='word_1_5' title='bbox 518 334 747 387; x_wconf 77' lang='lat' dir='ltr'>Apoloyiam</span> <span class='ocrx_word' id='word_1_6' title='bbox 781 341 915 376; x_wconf 82' lang='lat' dir='ltr'>autem</span> <span class='ocrx_word' id='word_1_7' title='bbox 955 335 1054 375; x_wconf 84' lang='lat' dir='ltr'>hanc</span> 
     </span>
     <span class='ocr_line' id='line_1_3' title="bbox 96 398 1053 451; baseline -0.002 -13"><span class='ocrx_word' id='word_1_8' title='bbox 96 398 344 451; x_wconf 83' lang='lat' dir='ltr'><strong><em>scripsimus,</em></strong></span> <span class='ocrx_word' id='word_1_9' title='bbox 369 408 446 451; x_wconf 83' lang='lat' dir='ltr'>quo</span> <span class='ocrx_word' id='word_1_10' title='bbox 471 401 640 450; x_wconf 85' lang='lat' dir='ltr'>tempore</span> <span class='ocrx_word' id='word_1_11' title='bbox 663 398 772 450; x_wconf 85' lang='lat' dir='ltr'>apud</span> <span class='ocrx_word' id='word_1_12' title='bbox 790 399 1053 445; x_wconf 88' lang='lat' dir='ltr'>Quaestorem</span> 
     </span>
     <span class='ocr_line' id='line_1_4' title="bbox 97 457 1056 511; baseline -0.005 -10"><span class='ocrx_word' id='word_1_13' title='bbox 97 462 316 502; x_wconf 85' lang='lat' dir='ltr'>Maximum</span> <span class='ocrx_word' id='word_1_14' title='bbox 342 460 566 499; x_wconf 76' lang='lat' dir='ltr'>haereticae</span> <span class='ocrx_word' id='word_1_15' title='bbox 597 462 813 511; x_wconf 87' lang='lat' dir='ltr'>impietatis</span> <span class='ocrx_word' id='word_1_16' title='bbox 836 457 1056 498; x_wconf 87' lang='lat' dir='ltr'>accusaba-</span> 
     </span>
     <span class='ocr_line' id='line_1_5' title="bbox 97 521 1056 575; baseline -0.003 -13"><span class='ocrx_word' id='word_1_17' title='bbox 97 535 208 572; x_wconf 82' lang='lat' dir='ltr'>mur,</span> <span class='ocrx_word' id='word_1_18' title='bbox 247 522 352 575; x_wconf 82' lang='lat' dir='ltr'>quod</span> <span class='ocrx_word' id='word_1_19' title='bbox 396 521 532 573; x_wconf 72' lang='lat' dir='ltr'>iynari</span> <span class='ocrx_word' id='word_1_20' title='bbox 569 533 784 561; x_wconf 85' lang='lat' dir='ltr'>sacrarum</span> <span class='ocrx_word' id='word_1_21' title='bbox 828 521 1056 560; x_wconf 80' lang='lat' dir='ltr'>litterarum</span> 
     </span>
     <span class='ocr_line' id='line_1_6' title="bbox 96 582 1057 634; baseline -0.002 -10"><span class='ocrx_word' id='word_1_22' title='bbox 96 585 192 624; x_wconf 87' lang='lat' dir='ltr'>ausi</span> <span class='ocrx_word' id='word_1_23' title='bbox 206 595 345 623; x_wconf 84' lang='lat' dir='ltr'>sumus</span> <span class='ocrx_word' id='word_1_24' title='bbox 365 583 451 623; x_wconf 88' lang='lat' dir='ltr'>sola</span> <span class='ocrx_word' id='word_1_25' title='bbox 473 584 767 624; x_wconf 79' lang='lat' dir='ltr'>Grammace&#39;cae</span> <span class='ocrx_word' id='word_1_26' title='bbox 787 584 889 623; x_wconf 78' lang='lat' dir='ltr'>ariis</span> <span class='ocrx_word' id='word_1_27' title='bbox 908 582 1057 634; x_wconf 80' lang='lat' dir='ltr'>fiducia</span> 
     </span>
     <span class='ocr_line' id='line_1_7' title="bbox 96 645 707 698; baseline 0 -13"><span class='ocrx_word' id='word_1_28' title='bbox 96 645 333 698; x_wconf 76' lang='lat' dir='ltr'>incoynitum</span> <span class='ocrx_word' id='word_1_29' title='bbox 356 657 453 696; x_wconf 86' lang='lat' dir='ltr'>opus</span> <span class='ocrx_word' id='word_1_30' title='bbox 472 650 707 685; x_wconf 79' lang='lat' dir='ltr'>attrectare.</span> 
     </span>
    </p>

    <p class='ocr_par' dir='ltr' id='par_1_3' title="bbox 94 706 1060 1068">
     <span class='ocr_line' id='line_1_8' title="bbox 150 706 1058 748; baseline -0.002 -1"><span class='ocrx_word' id='word_1_31' title='bbox 150 710 298 748; x_wconf 83' lang='lat' dir='ltr'><strong><em>Rerum</em></strong></span> <span class='ocrx_word' id='word_1_32' title='bbox 313 709 339 746; x_wconf 85' lang='grc' dir='ltr'><strong><em>ὰ</em></strong></span> <span class='ocrx_word' id='word_1_33' title='bbox 357 707 605 747; x_wconf 74' lang='lat' dir='ltr'>Ferdinamlo</span> <span class='ocrx_word' id='word_1_34' title='bbox 623 708 822 748; x_wconf 79' lang='lat' dir='ltr'>Catholico</span> <span class='ocrx_word' id='word_1_35' title='bbox 838 706 1058 747; x_wconf 81' lang='lat' dir='ltr'>etElisabe-</span> 
     </span>
     <span class='ocr_line' id='line_1_9' title="bbox 95 768 1058 823; baseline -0.002 -14"><span class='ocrx_word' id='word_1_36' title='bbox 95 768 163 809; x_wconf 75' lang='lat' dir='ltr'>tha</span> <span class='ocrx_word' id='word_1_37' title='bbox 173 770 462 823; x_wconf 76' lang='lat' dir='ltr'>&#39;Hispaniarum</span> <span class='ocrx_word' id='word_1_38' title='bbox 474 769 645 821; x_wconf 71' lang='lat' dir='ltr'>Reqibus</span> <span class='ocrx_word' id='word_1_39' title='bbox 672 775 879 820; x_wconf 68' lang='lat' dir='ltr'>qestarum</span> <span class='ocrx_word' id='word_1_40' title='bbox 894 769 1058 808; x_wconf 81' lang='lat' dir='ltr'>decades</span> 
     </span>
     <span class='ocr_line' id='line_1_10' title="bbox 95 831 1058 883; baseline -0.003 -12"><span class='ocrx_word' id='word_1_41' title='bbox 95 831 199 872; x_wconf 84' lang='lat' dir='ltr'>duae</span> <span class='ocrx_word' id='word_1_42' title='bbox 222 835 306 871; x_wconf 85' lang='lat' dir='ltr'>sive</span> <span class='ocrx_word' id='word_1_43' title='bbox 331 834 463 883; x_wconf 89' lang='lat' dir='ltr'>potius</span> <span class='ocrx_word' id='word_1_44' title='bbox 492 831 651 871; x_wconf 84' lang='lat' dir='ltr'>decadis</span> <span class='ocrx_word' id='word_1_45' title='bbox 694 834 843 883; x_wconf 82' lang='lat' dir='ltr'>primae</span> <span class='ocrx_word' id='word_1_46' title='bbox 867 832 953 870; x_wconf 80' lang='lat' dir='ltr'>libri</span> <span class='ocrx_word' id='word_1_47' title='bbox 980 832 1058 881; x_wconf 88' lang='lat' dir='ltr'>pri-</span> 
     </span>
     <span class='ocr_line' id='line_1_11' title="bbox 96 891 1060 945; baseline -0.005 -11"><span class='ocrx_word' id='word_1_48' title='bbox 96 906 230 934; x_wconf 89' lang='lat' dir='ltr'>mores</span> <span class='ocrx_word' id='word_1_49' title='bbox 255 900 411 945; x_wconf 88' lang='lat' dir='ltr'>septem</span> <span class='ocrx_word' id='word_1_50' title='bbox 436 895 471 943; x_wconf 93' lang='lat' dir='ltr'>b)</span> <span class='ocrx_word' id='word_1_51' title='bbox 494 899 535 933; x_wconf 87' lang='lat' dir='ltr'>et</span> <span class='ocrx_word' id='word_1_52' title='bbox 557 894 718 934; x_wconf 81' lang='lat' dir='ltr'>decadis</span> <span class='ocrx_word' id='word_1_53' title='bbox 741 892 939 934; x_wconf 82' lang='lat' dir='ltr'>secundae</span> <span class='ocrx_word' id='word_1_54' title='bbox 964 891 1060 931; x_wconf 83' lang='lat' dir='ltr'>libri</span> 
     </span>
     <span class='ocr_line' id='line_1_12' title="bbox 95 955 1053 1008; baseline -0.003 -14"><span class='ocrx_word' id='word_1_55' title='bbox 95 959 269 1008; x_wconf 84' lang='lat' dir='ltr'>quatuor</span> <span class='ocrx_word' id='word_1_56' title='bbox 299 956 500 1008; x_wconf 85' lang='lat' dir='ltr'>primores</span> <span class='ocrx_word' id='word_1_57' title='bbox 536 958 621 995; x_wconf 90' lang='lat' dir='ltr'>sive</span> <span class='ocrx_word' id='word_1_58' title='bbox 664 961 747 995; x_wconf 85' lang='lat' dir='ltr'>tres</span> <span class='ocrx_word' id='word_1_59' title='bbox 792 967 885 995; x_wconf 90' lang='lat' dir='ltr'>cum</span> <span class='ocrx_word' id='word_1_60' title='bbox 922 955 1053 1005; x_wconf 87' lang='lat' dir='ltr'>quarti</span> 
     </span>
     <span class='ocr_line' id='line_1_13' title="bbox 94 1017 1056 1068; baseline -0.005 -11"><span class='ocrx_word' id='word_1_61' title='bbox 94 1022 231 1068; x_wconf 85' lang='lat' dir='ltr'>parte,</span> <span class='ocrx_word' id='word_1_62' title='bbox 257 1018 467 1057; x_wconf 83' lang='lat' dir='ltr'>desinente</span> <span class='ocrx_word' id='word_1_63' title='bbox 502 1020 540 1056; x_wconf 90' lang='lat' dir='ltr'>in</span> <span class='ocrx_word' id='word_1_64' title='bbox 580 1029 684 1056; x_wconf 90' lang='lat' dir='ltr'>anno</span> <span class='ocrx_word' id='word_1_65' title='bbox 727 1017 844 1057; x_wconf 72' lang='lat'>⁴485.</span> <span class='ocrx_word' id='word_1_66' title='bbox 879 1028 952 1055; x_wconf 88' lang='lat' dir='ltr'>nec</span> <span class='ocrx_word' id='word_1_67' title='bbox 980 1027 1056 1053; x_wconf 93' lang='lat' dir='ltr'>non</span> 
     </span>
    </p>
   </div>
   <div class='ocr_carea' id='block_1_3' title="bbox 95 1077 1090 1126">
    <p class='ocr_par' dir='ltr' id='par_1_4' title="bbox 95 1077 1090 1126">
     <span class='ocr_line' id='line_1_14' title="bbox 95 1077 1090 1126; baseline -0.002 -9"><span class='ocrx_word' id='word_1_68' title='bbox 95 1077 189 1118; x_wconf 87' lang='lat' dir='ltr'>belli</span> <span class='ocrx_word' id='word_1_69' title='bbox 208 1079 479 1119; x_wconf 83' lang='lat' dir='ltr'>Navaricensi</span> <span class='ocrx_word' id='word_1_70' title='bbox 500 1081 587 1118; x_wconf 88' lang='lat' dir='ltr'>sive</span> <span class='ocrx_word' id='word_1_71' title='bbox 608 1078 883 1119; x_wconf 80' lang='lat' dir='ltr'>Nava-rrensis</span> <span class='ocrx_word' id='word_1_72' title='bbox 918 1078 967 1117; x_wconf 90' lang='lat' dir='ltr'>de</span> <span class='ocrx_word' id='word_1_73' title='bbox 997 1088 1058 1116; x_wconf 82' lang='lat' dir='ltr'>oc-</span> <span class='ocrx_word' id='word_1_74' title='bbox 1085 1119 1090 1126; x_wconf 54' lang='lat'>,</span> 
     </span>
    </p>
   </div>
   <div class='ocr_carea' id='block_1_4' title="bbox 95 1138 1068 3221">
    <p class='ocr_par' dir='ltr' id='par_1_5' title="bbox 95 1138 1063 2368">
     <span class='ocr_line' id='line_1_15' title="bbox 99 1138 1062 1192; baseline -0.002 -13"><span class='ocrx_word' id='word_1_75' title='bbox 99 1146 242 1192; x_wconf 86' lang='lat' dir='ltr'>cupata</span> <span class='ocrx_word' id='word_1_76' title='bbox 268 1153 331 1180; x_wconf 88' lang='lat' dir='ltr'>an.</span> <span class='ocrx_word' id='word_1_77' title='bbox 358 1142 474 1181; x_wconf 79' lang='grc'><strong>4542.</strong></span> <span class='ocrx_word' id='word_1_78' title='bbox 510 1141 686 1181; x_wconf 91' lang='lat' dir='ltr'>Navarra</span> <span class='ocrx_word' id='word_1_79' title='bbox 724 1143 928 1192; x_wconf 82' lang='lat' dir='ltr'>superiore</span> <span class='ocrx_word' id='word_1_80' title='bbox 966 1138 1062 1178; x_wconf 81' lang='lat' dir='ltr'>libri</span> 
     </span>
     <span class='ocr_line' id='line_1_16' title="bbox 99 1201 1061 1253; baseline -0.001 -12"><span class='ocrx_word' id='word_1_81' title='bbox 99 1202 189 1252; x_wconf 85' lang='lat' dir='ltr'>duo,</span> <span class='ocrx_word' id='word_1_82' title='bbox 207 1215 285 1242; x_wconf 89' lang='lat' dir='ltr'>una</span> <span class='ocrx_word' id='word_1_83' title='bbox 308 1215 399 1242; x_wconf 88' lang='lat' dir='ltr'>cum</span> <span class='ocrx_word' id='word_1_84' title='bbox 425 1204 603 1242; x_wconf 88' lang='lat' dir='ltr'>Roderici</span> <span class='ocrx_word' id='word_1_85' title='bbox 628 1203 922 1253; x_wconf 85' lang='lat' dir='ltr'>Archiepiscopi</span> <span class='ocrx_word' id='word_1_86' title='bbox 939 1201 1061 1240; x_wconf 89' lang='lat' dir='ltr'>Chro—</span> 
     </span>
     <span class='ocr_line' id='line_1_17' title="bbox 97 1264 1059 1315; baseline -0.002 -13"><span class='ocrx_word' id='word_1_87' title='bbox 97 1266 198 1303; x_wconf 88' lang='lat' dir='ltr'>nicis</span> <span class='ocrx_word' id='word_1_88' title='bbox 222 1265 454 1315; x_wconf 72' lang='lat' dir='ltr'>prodierunt</span> <span class='ocrx_word' id='word_1_89' title='bbox 480 1265 625 1303; x_wconf 78' lang='lat' dir='ltr'>edente</span> <span class='ocrx_word' id='word_1_90' title='bbox 651 1264 729 1302; x_wconf 80' lang='lat' dir='ltr'>filio</span> <span class='ocrx_word' id='word_1_91' title='bbox 767 1266 900 1303; x_wconf 86' lang='lat' dir='ltr'>Xanto</span> <span class='ocrx_word' id='word_1_92' title='bbox 937 1264 1059 1311; x_wconf 87' lang='lat' dir='ltr'>JCto,</span> 
     </span>
     <span class='ocr_line' id='line_1_18' title="bbox 95 1325 1061 1375; baseline 0 -11"><span class='ocrx_word' id='word_1_93' title='bbox 95 1325 294 1364; x_wconf 89' lang='lat' dir='ltr'>Granatae</span> <span class='ocrx_word' id='word_1_94' title='bbox 319 1327 423 1365; x_wconf 73' lang='lat'>⁴545</span> <span class='ocrx_word' id='word_1_95' title='bbox 448 1326 509 1364; x_wconf 86' lang='lat' dir='ltr'>fol.</span> <span class='ocrx_word' id='word_1_96' title='bbox 531 1330 572 1364; x_wconf 91' lang='lat' dir='ltr'>et</span> <span class='ocrx_word' id='word_1_97' title='bbox 595 1327 633 1363; x_wconf 86' lang='lat' dir='ltr'>in</span> <span class='ocrx_word' id='word_1_98' title='bbox 656 1336 788 1363; x_wconf 91' lang='lat' dir='ltr'>rerum</span> <span class='ocrx_word' id='word_1_99' title='bbox 829 1325 1061 1375; x_wconf 88' lang='lat' dir='ltr'>Hispanica—</span> 
     </span>
     <span class='ocr_line' id='line_1_19' title="bbox 99 1386 1063 1438; baseline -0.002 -11"><span class='ocrx_word' id='word_1_100' title='bbox 99 1399 187 1427; x_wconf 89' lang='lat' dir='ltr'>rum</span> <span class='ocrx_word' id='word_1_101' title='bbox 214 1387 476 1438; x_wconf 81' lang='lat' dir='ltr'>scriptoribus</span> <span class='ocrx_word' id='word_1_102' title='bbox 501 1387 622 1425; x_wconf 85' lang='lat' dir='ltr'>variis</span> <span class='ocrx_word' id='word_1_103' title='bbox 646 1388 668 1426; x_wconf 81' lang='lat' dir='ltr'>a</span> <span class='ocrx_word' id='word_1_104' title='bbox 692 1386 785 1425; x_wconf 85' lang='lat' dir='ltr'>Rob.</span> <span class='ocrx_word' id='word_1_105' title='bbox 817 1387 910 1426; x_wconf 88' lang='lat' dir='ltr'>Belo</span> <span class='ocrx_word' id='word_1_106' title='bbox 944 1388 1063 1426; x_wconf 87' lang='lat' dir='ltr'>colle-</span> 
     </span>
     <span class='ocr_line' id='line_1_20' title="bbox 98 1449 1057 1489; baseline -0.001 -1"><span class='ocrx_word' id='word_1_107' title='bbox 98 1450 175 1488; x_wconf 88' lang='lat' dir='ltr'>ctis</span> <span class='ocrx_word' id='word_1_108' title='bbox 191 1449 368 1488; x_wconf 87' lang='lat' dir='ltr'>Francof.</span> <span class='ocrx_word' id='word_1_109' title='bbox 396 1449 514 1489; x_wconf 69' lang='lat'>4579.</span> <span class='ocrx_word' id='word_1_110' title='bbox 536 1453 643 1487; x_wconf 91' lang='lat' dir='ltr'>tomo</span> <span class='ocrx_word' id='word_1_111' title='bbox 660 1449 838 1488; x_wconf 85' lang='lat' dir='ltr'>secundo</span> <span class='ocrx_word' id='word_1_112' title='bbox 856 1462 863 1486; x_wconf 92' lang='lat'>:</span> <span class='ocrx_word' id='word_1_113' title='bbox 892 1460 963 1487; x_wconf 90' lang='lat' dir='ltr'>nec</span> <span class='ocrx_word' id='word_1_114' title='bbox 982 1460 1057 1487; x_wconf 89' lang='lat' dir='ltr'>non</span> 
     </span>
     <span class='ocr_line' id='line_1_21' title="bbox 98 1510 1058 1561; baseline -0.002 -11"><span class='ocrx_word' id='word_1_115' title='bbox 98 1512 137 1550; x_wconf 86' lang='lat' dir='ltr'>in</span> <span class='ocrx_word' id='word_1_116' title='bbox 157 1511 340 1550; x_wconf 75' lang='lat' dir='ltr'>Andreae</span> <span class='ocrx_word' id='word_1_117' title='bbox 361 1511 514 1550; x_wconf 81' lang='lat' dir='ltr'>Schotti</span> <span class='ocrx_word' id='word_1_118' title='bbox 540 1510 726 1561; x_wconf 87' lang='lat' dir='ltr'>Hispania</span> <span class='ocrx_word' id='word_1_119' title='bbox 752 1511 950 1549; x_wconf 86' lang='lat' dir='ltr'>illustrata</span> <span class='ocrx_word' id='word_1_120' title='bbox 972 1516 1000 1548; x_wconf 89' lang='lat' dir='ltr'>t.</span> <span class='ocrx_word' id='word_1_121' title='bbox 1025 1513 1058 1549; x_wconf 90' lang='grc'>4.</span> 
     </span>
     <span class='ocr_line' id='line_1_22' title="bbox 96 1571 1058 1612; baseline -0.003 0"><span class='ocrx_word' id='word_1_122' title='bbox 96 1573 277 1612; x_wconf 85' lang='lat' dir='ltr'>Francof.</span> <span class='ocrx_word' id='word_1_123' title='bbox 302 1573 416 1612; x_wconf 91' lang='grc'><strong>4603.</strong></span> <span class='ocrx_word' id='word_1_124' title='bbox 442 1573 618 1611; x_wconf 83' lang='lat' dir='ltr'>Exstant</span> <span class='ocrx_word' id='word_1_125' title='bbox 641 1576 682 1611; x_wconf 89' lang='lat' dir='ltr'>et</span> <span class='ocrx_word' id='word_1_126' title='bbox 705 1572 852 1611; x_wconf 88' lang='lat' dir='ltr'>Gallice</span> <span class='ocrx_word' id='word_1_127' title='bbox 886 1573 992 1610; x_wconf 88' lang='lat' dir='ltr'>versi</span> <span class='ocrx_word' id='word_1_128' title='bbox 1020 1571 1058 1610; x_wconf 90' lang='lat' dir='ltr'>hi</span> 
     </span>
     <span class='ocr_line' id='line_1_23' title="bbox 100 1633 1059 1684; baseline -0.004 -11"><span class='ocrx_word' id='word_1_129' title='bbox 100 1634 186 1679; x_wconf 84' lang='lat' dir='ltr'>libri</span> <span class='ocrx_word' id='word_1_130' title='bbox 211 1635 388 1673; x_wconf 80' lang='lat' dir='ltr'>Francos.</span> <span class='ocrx_word' id='word_1_131' title='bbox 416 1633 532 1673; x_wconf 77' lang='grc'><strong>4573.</strong></span> <span class='ocrx_word' id='word_1_132' title='bbox 556 1638 596 1672; x_wconf 89' lang='lat' dir='ltr'>et</span> <span class='ocrx_word' id='word_1_133' title='bbox 617 1635 827 1684; x_wconf 87' lang='lat' dir='ltr'>Hispanice</span> <span class='ocrx_word' id='word_1_134' title='bbox 845 1634 1059 1672; x_wconf 85' lang='lat' dir='ltr'>Vallisoleti</span> 
     </span>
     <span class='ocr_line' id='line_1_24' title="bbox 99 1695 1057 1736; baseline -0.003 -1"><span class='ocrx_word' id='word_1_135' title='bbox 99 1698 187 1736; x_wconf 90' lang='lat' dir='ltr'>sive</span> <span class='ocrx_word' id='word_1_136' title='bbox 210 1697 365 1736; x_wconf 88' lang='lat' dir='ltr'>Pinciae</span> <span class='ocrx_word' id='word_1_137' title='bbox 390 1697 492 1736; x_wconf 75' lang='lat'>⁴565</span> <span class='ocrx_word' id='word_1_138' title='bbox 522 1696 585 1735; x_wconf 84' lang='lat' dir='ltr'>fol.</span> <span class='ocrx_word' id='word_1_139' title='bbox 624 1695 926 1735; x_wconf 89' lang='lat' dir='ltr'>Nebrissensem</span> <span class='ocrx_word' id='word_1_140' title='bbox 962 1706 1057 1733; x_wconf 89' lang='lat' dir='ltr'>vero</span> 
     </span>
     <span class='ocr_line' id='line_1_25' title="bbox 101 1758 1062 1810; baseline -0.005 -11"><span class='ocrx_word' id='word_1_141' title='bbox 101 1761 124 1799; x_wconf 76' lang='lat' dir='ltr'>a</span> <span class='ocrx_word' id='word_1_142' title='bbox 159 1758 409 1799; x_wconf 87' lang='lat' dir='ltr'>Ferdinando</span> <span class='ocrx_word' id='word_1_143' title='bbox 445 1758 619 1810; x_wconf 87' lang='lat' dir='ltr'>Pulgari,</span> <span class='ocrx_word' id='word_1_144' title='bbox 656 1758 723 1808; x_wconf 89' lang='lat' dir='ltr'>qui</span> <span class='ocrx_word' id='word_1_145' title='bbox 762 1758 968 1807; x_wconf 86' lang='lat' dir='ltr'>Hispanice</span> <span class='ocrx_word' id='word_1_146' title='bbox 998 1768 1062 1795; x_wconf 86' lang='lat' dir='ltr'>res</span> 
     </span>
     <span class='ocr_line' id='line_1_26' title="bbox 98 1819 1060 1872; baseline -0.004 -11"><span class='ocrx_word' id='word_1_147' title='bbox 98 1821 335 1861; x_wconf 87' lang='lat' dir='ltr'>Ferdinandi</span> <span class='ocrx_word' id='word_1_148' title='bbox 358 1821 530 1872; x_wconf 83' lang='lat' dir='ltr'>scripsit,</span> <span class='ocrx_word' id='word_1_149' title='bbox 551 1824 834 1871; x_wconf 81' lang='lat' dir='ltr'>argumentum</span> <span class='ocrx_word' id='word_1_150' title='bbox 860 1819 1060 1858; x_wconf 84' lang='lat' dir='ltr'>Deeadum</span> 
     </span>
     <span class='ocr_line' id='line_1_27' title="bbox 103 1882 1061 1933; baseline -0.005 -9"><span class='ocrx_word' id='word_1_151' title='bbox 103 1895 267 1924; x_wconf 89' lang='lat' dir='ltr'>suarum</span> <span class='ocrx_word' id='word_1_152' title='bbox 294 1885 513 1932; x_wconf 88' lang='lat' dir='ltr'>sumsisse,</span> <span class='ocrx_word' id='word_1_153' title='bbox 529 1886 637 1922; x_wconf 87' lang='lat' dir='ltr'>recte</span> <span class='ocrx_word' id='word_1_154' title='bbox 655 1886 804 1933; x_wconf 89' lang='lat' dir='ltr'>negant</span> <span class='ocrx_word' id='word_1_155' title='bbox 826 1882 1001 1920; x_wconf 89' lang='lat' dir='ltr'>Vasaeus</span> <span class='ocrx_word' id='word_1_156' title='bbox 1016 1892 1061 1920; x_wconf 84' lang='lat' dir='ltr'>ac</span> 
     </span>
     <span class='ocr_line' id='line_1_28' title="bbox 101 1944 1061 1997; baseline -0.006 -11"><span class='ocrx_word' id='word_1_157' title='bbox 101 1945 351 1997; x_wconf 84' lang='lat' dir='ltr'>Sepulveda,</span> <span class='ocrx_word' id='word_1_158' title='bbox 371 1957 465 1985; x_wconf 87' lang='lat' dir='ltr'>cum</span> <span class='ocrx_word' id='word_1_159' title='bbox 486 1945 763 1986; x_wconf 75' lang='lat' dir='ltr'>Nebrissensis</span> <span class='ocrx_word' id='word_1_160' title='bbox 789 1945 871 1994; x_wconf 87' lang='lat' dir='ltr'>ipse</span> <span class='ocrx_word' id='word_1_161' title='bbox 906 1944 943 1981; x_wconf 88' lang='lat' dir='ltr'>in</span> <span class='ocrx_word' id='word_1_162' title='bbox 974 1954 1061 1993; x_wconf 83' lang='lat' dir='ltr'>pro-</span> 
     </span>
     <span class='ocr_line' id='line_1_29' title="bbox 101 2005 1058 2059; baseline -0.005 -12"><span class='ocrx_word' id='word_1_163' title='bbox 101 2009 188 2059; x_wconf 82' lang='lat' dir='ltr'>logo</span> <span class='ocrx_word' id='word_1_164' title='bbox 211 2008 260 2047; x_wconf 90' lang='lat' dir='ltr'>ad</span> <span class='ocrx_word' id='word_1_165' title='bbox 284 2007 607 2052; x_wconf 82' lang='lat' dir='ltr'>Ferdinandum,</span> <span class='ocrx_word' id='word_1_166' title='bbox 633 2007 779 2058; x_wconf 87' lang='lat' dir='ltr'>scripto</span> <span class='ocrx_word' id='word_1_167' title='bbox 804 2006 918 2044; x_wconf 85' lang='lat' dir='ltr'>Anno</span> <span class='ocrx_word' id='word_1_168' title='bbox 945 2005 1058 2044; x_wconf 78' lang='grc'><strong>4509.</strong></span> 
     </span>
     <span class='ocr_line' id='line_1_30' title="bbox 100 2067 1059 2122; baseline -0.005 -13"><span class='ocrx_word' id='word_1_169' title='bbox 100 2070 333 2122; x_wconf 86' lang='lat' dir='ltr'>profiteatur</span> <span class='ocrx_word' id='word_1_170' title='bbox 356 2082 399 2109; x_wconf 88' lang='lat' dir='ltr'>se</span> <span class='ocrx_word' id='word_1_171' title='bbox 423 2072 470 2110; x_wconf 90' lang='lat' dir='ltr'>iis</span> <span class='ocrx_word' id='word_1_172' title='bbox 508 2081 611 2121; x_wconf 88' lang='lat' dir='ltr'>quae</span> <span class='ocrx_word' id='word_1_173' title='bbox 647 2068 769 2108; x_wconf 87' lang='lat' dir='ltr'>tradit</span> <span class='ocrx_word' id='word_1_174' title='bbox 805 2067 1059 2114; x_wconf 75' lang='lat' dir='ltr'>interfuisse,</span> 
     </span>
     <span class='ocr_line' id='line_1_31' title="bbox 102 2129 1060 2183; baseline -0.002 -15"><span class='ocrx_word' id='word_1_175' title='bbox 102 2132 165 2171; x_wconf 86' lang='lat' dir='ltr'>vel</span> <span class='ocrx_word' id='word_1_176' title='bbox 190 2132 254 2171; x_wconf 87' lang='lat' dir='ltr'>illa</span> <span class='ocrx_word' id='word_1_177' title='bbox 275 2133 480 2183; x_wconf 85' lang='lat' dir='ltr'>accepisse</span> <span class='ocrx_word' id='word_1_178' title='bbox 501 2132 549 2171; x_wconf 90' lang='lat' dir='ltr'>ab</span> <span class='ocrx_word' id='word_1_179' title='bbox 573 2132 620 2169; x_wconf 90' lang='lat' dir='ltr'>iis</span> <span class='ocrx_word' id='word_1_180' title='bbox 640 2131 707 2181; x_wconf 91' lang='lat' dir='ltr'>qui</span> <span class='ocrx_word' id='word_1_181' title='bbox 738 2133 972 2180; x_wconf 81' lang='lat' dir='ltr'>praesentes</span> <span class='ocrx_word' id='word_1_182' title='bbox 1004 2129 1060 2166; x_wconf 92' lang='lat' dir='ltr'>in-</span> 
     </span>
     <span class='ocr_line' id='line_1_32' title="bbox 101 2189 1061 2244; baseline -0.005 -11"><span class='ocrx_word' id='word_1_183' title='bbox 101 2194 286 2233; x_wconf 84' lang='lat' dir='ltr'>terfuere.</span> <span class='ocrx_word' id='word_1_184' title='bbox 311 2194 445 2244; x_wconf 80' lang='lat' dir='ltr'>Majori</span> <span class='ocrx_word' id='word_1_185' title='bbox 469 2193 675 2244; x_wconf 81' lang='lat' dir='ltr'>diligentia</span> <span class='ocrx_word' id='word_1_186' title='bbox 700 2196 739 2230; x_wconf 89' lang='lat' dir='ltr'>et</span> <span class='ocrx_word' id='word_1_187' title='bbox 764 2191 841 2230; x_wconf 86' lang='lat' dir='ltr'>fide</span> <span class='ocrx_word' id='word_1_188' title='bbox 862 2202 983 2241; x_wconf 91' lang='lat' dir='ltr'>quam</span> <span class='ocrx_word' id='word_1_189' title='bbox 1004 2189 1061 2228; x_wconf 90' lang='lat' dir='ltr'>di-</span> 
     </span>
     <span class='ocr_line' id='line_1_33' title="bbox 100 2253 1061 2307; baseline -0.006 -12"><span class='ocrx_word' id='word_1_190' title='bbox 100 2257 243 2295; x_wconf 86' lang='lat' dir='ltr'>ctionis</span> <span class='ocrx_word' id='word_1_191' title='bbox 274 2257 468 2307; x_wconf 87' lang='lat' dir='ltr'>elegantia</span> <span class='ocrx_word' id='word_1_192' title='bbox 512 2256 747 2305; x_wconf 82' lang='lat' dir='ltr'>scripsisse,</span> <span class='ocrx_word' id='word_1_193' title='bbox 773 2256 832 2291; x_wconf 84' lang='lat' dir='ltr'>Jo.</span> <span class='ocrx_word' id='word_1_194' title='bbox 866 2253 1061 2291; x_wconf 85' lang='lat' dir='ltr'>Marianae</span> 
     </span>
     <span class='ocr_line' id='line_1_34' title="bbox 99 2315 1061 2368; baseline -0.005 -12"><span class='ocrx_word' id='word_1_195' title='bbox 99 2321 162 2356; x_wconf 89' lang='lat' dir='ltr'>est</span> <span class='ocrx_word' id='word_1_196' title='bbox 180 2316 376 2368; x_wconf 85' lang='lat' dir='ltr'>judicium</span> <span class='ocrx_word' id='word_1_197' title='bbox 398 2318 464 2356; x_wconf 91' lang='lat' dir='ltr'>lib.</span> <span class='ocrx_word' id='word_1_198' title='bbox 492 2317 635 2356; x_wconf 87' lang='lat' dir='ltr'>XXVI.</span> <span class='ocrx_word' id='word_1_199' title='bbox 663 2316 756 2354; x_wconf 89' lang='lat' dir='ltr'>hist.</span> <span class='ocrx_word' id='word_1_200' title='bbox 781 2317 926 2365; x_wconf 87' lang='lat' dir='ltr'>Hispan</span> <span class='ocrx_word' id='word_1_201' title='bbox 965 2325 998 2352; x_wconf 85' lang='lat' dir='ltr'>c.</span> <span class='ocrx_word' id='word_1_202' title='bbox 1025 2315 1061 2352; x_wconf 85' lang='lat'>5.</span> 
     </span>
    </p>

    <p class='ocr_par' dir='ltr' id='par_1_6' title="bbox 102 2377 1064 2553">
     <span class='ocr_line' id='line_1_35' title="bbox 157 2377 1060 2431; baseline -0.008 -11"><span class='ocrx_word' id='word_1_203' title='bbox 157 2378 470 2431; x_wconf 74' lang='lat' dir='ltr'>Cosmoyraphia</span> <span class='ocrx_word' id='word_1_204' title='bbox 493 2378 542 2418; x_wconf 91' lang='lat' dir='ltr'>ad</span> <span class='ocrx_word' id='word_1_205' title='bbox 567 2380 611 2417; x_wconf 90' lang='lat' dir='ltr'>D.</span> <span class='ocrx_word' id='word_1_206' title='bbox 633 2379 828 2416; x_wconf 75' lang='lat' dir='ltr'>loannem</span> <span class='ocrx_word' id='word_1_207' title='bbox 854 2377 1060 2415; x_wconf 87' lang='lat' dir='ltr'>Stunicam</span> 
     </span>
     <span class='ocr_line' id='line_1_36' title="bbox 102 2437 1064 2492; baseline -0.006 -12"><span class='ocrx_word' id='word_1_208' title='bbox 102 2441 457 2492; x_wconf 83' lang='lat' dir='ltr'>Archiepiscopum</span> <span class='ocrx_word' id='word_1_209' title='bbox 483 2439 759 2491; x_wconf 87' lang='lat' dir='ltr'>Hispalensem</span> <span class='ocrx_word' id='word_1_210' title='bbox 791 2443 911 2489; x_wconf 75' lang='lat' dir='ltr'>atque</span> <span class='ocrx_word' id='word_1_211' title='bbox 940 2437 1064 2476; x_wconf 78' lang='lat' dir='ltr'>intro-</span> 
     </span>
     <span class='ocr_line' id='line_1_37' title="bbox 104 2499 928 2553; baseline -0.005 -11"><span class='ocrx_word' id='word_1_212' title='bbox 104 2502 328 2542; x_wconf 83' lang='lat' dir='ltr'>ductorium</span> <span class='ocrx_word' id='word_1_213' title='bbox 352 2502 392 2541; x_wconf 84' lang='lat' dir='ltr'>in</span> <span class='ocrx_word' id='word_1_214' title='bbox 417 2500 773 2553; x_wconf 71' lang='lat' dir='ltr'>Cosmoyraphicos</span> <span class='ocrx_word' id='word_1_215' title='bbox 794 2499 928 2539; x_wconf 87' lang='lat' dir='ltr'>libros.</span> 
     </span>
    </p>

    <p class='ocr_par' dir='ltr' id='par_1_7' title="bbox 101 2561 1068 2987">
     <span class='ocr_line' id='line_1_38' title="bbox 163 2561 1064 2617; baseline -0.007 -13"><span class='ocrx_word' id='word_1_216' title='bbox 163 2563 282 2617; x_wconf 81' lang='lat' dir='ltr'>Vafre</span> <span class='ocrx_word' id='word_1_217' title='bbox 305 2564 411 2604; x_wconf 85' lang='lat' dir='ltr'>dicta</span> <span class='ocrx_word' id='word_1_218' title='bbox 440 2562 768 2616; x_wconf 81' lang='lat' dir='ltr'>Philosophorum</span> <span class='ocrx_word' id='word_1_219' title='bbox 790 2592 797 2610; x_wconf 80' lang='lat'>,</span> <span class='ocrx_word' id='word_1_220' title='bbox 822 2561 1064 2601; x_wconf 81' lang='lat' dir='ltr'>carminibus</span> 
     </span>
     <span class='ocr_line' id='line_1_39' title="bbox 105 2623 1067 2677; baseline -0.008 -10"><span class='ocrx_word' id='word_1_221' title='bbox 105 2628 257 2668; x_wconf 87' lang='lat' dir='ltr'>Latinis</span> <span class='ocrx_word' id='word_1_222' title='bbox 291 2626 459 2666; x_wconf 89' lang='lat' dir='ltr'>reddita.</span> <span class='ocrx_word' id='word_1_223' title='bbox 499 2623 816 2677; x_wconf 79' lang='lat' dir='ltr'>Epithalamium</span> <span class='ocrx_word' id='word_1_224' title='bbox 849 2625 886 2662; x_wconf 88' lang='lat' dir='ltr'>in</span> <span class='ocrx_word' id='word_1_225' title='bbox 918 2623 1067 2673; x_wconf 90' lang='lat' dir='ltr'>nuptiis</span> 
     </span>
     <span class='ocr_line' id='line_1_40' title="bbox 105 2682 1068 2737; baseline -0.008 -8"><span class='ocrx_word' id='word_1_226' title='bbox 105 2690 420 2729; x_wconf 80' lang='lat' dir='ltr'>clarissimorum</span> <span class='ocrx_word' id='word_1_227' title='bbox 461 2689 687 2728; x_wconf 88' lang='lat' dir='ltr'>Lusitaniae</span> <span class='ocrx_word' id='word_1_228' title='bbox 724 2687 977 2737; x_wconf 89' lang='lat' dir='ltr'>Principum,</span> <span class='ocrx_word' id='word_1_229' title='bbox 1001 2682 1068 2722; x_wconf 87' lang='lat' dir='ltr'>Al·</span> 
     </span>
     <span class='ocr_line' id='line_1_41' title="bbox 101 2746 1066 2802; baseline -0.007 -12"><span class='ocrx_word' id='word_1_230' title='bbox 101 2750 248 2802; x_wconf 77' lang='lat' dir='ltr'>phoiisi</span> <span class='ocrx_word' id='word_1_231' title='bbox 267 2755 307 2790; x_wconf 77' lang='lat' dir='ltr'>ec</span> <span class='ocrx_word' id='word_1_232' title='bbox 330 2748 597 2790; x_wconf 85' lang='lat' dir='ltr'>Elisabethae.</span> <span class='ocrx_word' id='word_1_233' title='bbox 620 2747 888 2789; x_wconf 76' lang='lat' dir='ltr'>salutationes</span> <span class='ocrx_word' id='word_1_234' title='bbox 912 2746 1066 2796; x_wconf 87' lang='lat' dir='ltr'>aliquae</span> 
     </span>
     <span class='ocr_line' id='line_1_42' title="bbox 105 2808 1066 2863; baseline -0.009 -10"><span class='ocrx_word' id='word_1_235' title='bbox 105 2813 154 2853; x_wconf 91' lang='lat' dir='ltr'>ad</span> <span class='ocrx_word' id='word_1_236' title='bbox 179 2814 350 2853; x_wconf 89' lang='lat' dir='ltr'>Patriam</span> <span class='ocrx_word' id='word_1_237' title='bbox 366 2843 377 2861; x_wconf 92' lang='lat'>,</span> <span class='ocrx_word' id='word_1_238' title='bbox 396 2818 438 2852; x_wconf 87' lang='lat' dir='ltr'>et</span> <span class='ocrx_word' id='word_1_239' title='bbox 460 2813 633 2852; x_wconf 89' lang='lat' dir='ltr'>Carmen</span> <span class='ocrx_word' id='word_1_240' title='bbox 655 2810 702 2850; x_wconf 88' lang='lat' dir='ltr'>de</span> <span class='ocrx_word' id='word_1_241' title='bbox 732 2808 973 2863; x_wconf 80' lang='lat' dir='ltr'>profectione</span> <span class='ocrx_word' id='word_1_242' title='bbox 997 2808 1066 2845; x_wconf 86' lang='lat' dir='ltr'>Re-</span> 
     </span>
     <span class='ocr_line' id='line_1_43' title="bbox 104 2867 1067 2927; baseline -0.01 -12"><span class='ocrx_word' id='word_1_243' title='bbox 104 2885 201 2926; x_wconf 71' lang='lat' dir='ltr'>qum</span> <span class='ocrx_word' id='word_1_244' title='bbox 218 2874 274 2914; x_wconf 89' lang='lat' dir='ltr'>ad</span> <span class='ocrx_word' id='word_1_245' title='bbox 297 2873 609 2927; x_wconf 79' lang='lat' dir='ltr'>Compostellam.</span> <span class='ocrx_word' id='word_1_246' title='bbox 647 2873 846 2912; x_wconf 84' lang='lat' dir='ltr'>Granatae</span> <span class='ocrx_word' id='word_1_247' title='bbox 889 2869 1004 2909; x_wconf 67' lang='lat'>4534.</span> <span class='ocrx_word' id='word_1_248' title='bbox 1030 2867 1067 2906; x_wconf 74' lang='grc' dir='ltr'>[ι.</span> 
     </span>
     <span class='ocr_line' id='line_1_44' title="bbox 108 2935 633 2987; baseline -0.004 -12"><span class='ocrx_word' id='word_1_249' title='bbox 108 2941 150 2976; x_wconf 88' lang='lat' dir='ltr'>et</span> <span class='ocrx_word' id='word_1_250' title='bbox 168 2936 428 2987; x_wconf 85' lang='lat' dir='ltr'>Antiquariae</span> <span class='ocrx_word' id='word_1_251' title='bbox 456 2935 571 2976; x_wconf 73' lang='lat'>⁴577.</span> <span class='ocrx_word' id='word_1_252' title='bbox 598 2937 633 2974; x_wconf 76' lang='lat'>4.</span> 
     </span>
    </p>

    <p class='ocr_par' dir='ltr' id='par_1_8' title="bbox 108 2994 1067 3221">
     <span class='ocr_line' id='line_1_45' title="bbox 161 2994 1067 3042; baseline -0.01 -5"><span class='ocrx_word' id='word_1_253' title='bbox 161 2997 336 3037; x_wconf 80' lang='lat' dir='ltr'>Leoeicon</span> <span class='ocrx_word' id='word_1_254' title='bbox 367 2997 482 3037; x_wconf 87' lang='lat' dir='ltr'>Juris</span> <span class='ocrx_word' id='word_1_255' title='bbox 517 2996 684 3041; x_wconf 81' lang='lat' dir='ltr'>Civilis,</span> <span class='ocrx_word' id='word_1_256' title='bbox 721 2999 856 3034; x_wconf 83' lang='lat' dir='ltr'>contra</span> <span class='ocrx_word' id='word_1_257' title='bbox 890 2994 1067 3042; x_wconf 87' lang='lat' dir='ltr'>insignes</span> 
     </span>
     <span class='ocr_line' id='line_1_46' title="bbox 108 3052 1066 3111; baseline -0.011 -11"><span class='ocrx_word' id='word_1_258' title='bbox 108 3059 301 3111; x_wconf 86' lang='lat' dir='ltr'>quosdam</span> <span class='ocrx_word' id='word_1_259' title='bbox 331 3059 510 3100; x_wconf 88' lang='lat' dir='ltr'>Accursii</span> <span class='ocrx_word' id='word_1_260' title='bbox 534 3070 701 3098; x_wconf 89' lang='lat' dir='ltr'>errores.</span> <span class='ocrx_word' id='word_1_261' title='bbox 727 3057 936 3105; x_wconf 84' lang='lat' dir='ltr'>Antwerp.</span> <span class='ocrx_word' id='word_1_262' title='bbox 964 3056 977 3092; x_wconf 85' lang='grc'><strong>4</strong></span> <span class='ocrx_word' id='word_1_263' title='bbox 991 3052 1066 3091; x_wconf 73' lang='lat'>527</span> 
     </span>
     <span class='ocr_line' id='line_1_47' title="bbox 108 3114 1065 3171; baseline -0.011 -12"><span class='ocrx_word' id='word_1_264' title='bbox 108 3121 144 3159; x_wconf 89' lang='lat'>8.</span> <span class='ocrx_word' id='word_1_265' title='bbox 167 3119 289 3171; x_wconf 86' lang='lat' dir='ltr'>Lugd.</span> <span class='ocrx_word' id='word_1_266' title='bbox 326 3119 442 3160; x_wconf 84' lang='grc'><strong>4537.</strong></span> <span class='ocrx_word' id='word_1_267' title='bbox 468 3121 591 3159; x_wconf 77' lang='lat' dir='ltr'>Paris.</span> <span class='ocrx_word' id='word_1_268' title='bbox 619 3118 736 3157; x_wconf 79' lang='grc'><strong>4549.</strong></span> <span class='ocrx_word' id='word_1_269' title='bbox 775 3115 887 3154; x_wconf 75' lang='grc'><strong>4594.</strong></span> <span class='ocrx_word' id='word_1_270' title='bbox 927 3114 1065 3150; x_wconf 77' lang='lat' dir='ltr'>Venet.</span> 
     </span>
     <span class='ocr_line' id='line_1_48' title="bbox 111 3181 398 3221; baseline -0.003 0"><span class='ocrx_word' id='word_1_271' title='bbox 111 3181 214 3221; x_wconf 85' lang='grc'>4606</span> <span class='ocrx_word' id='word_1_272' title='bbox 236 3182 340 3221; x_wconf 75' lang='grc'>4642</span> <span class='ocrx_word' id='word_1_273' title='bbox 360 3182 398 3220; x_wconf 90' lang='grc'><strong>8.</strong></span> 
     </span>
    </p>
   </div>
   <div class='ocr_carea' id='block_1_5' title="bbox 1129 336 2101 3170">
    <p class='ocr_par' dir='ltr' id='par_1_9' title="bbox 1129 336 2096 498">
     <span class='ocr_line' id='line_1_49' title="bbox 1181 336 2093 390; baseline 0.004 -16"><span class='ocrx_word' id='word_1_274' title='bbox 1181 336 1353 375; x_wconf 78' lang='lat' dir='ltr'>Leoeicon</span> <span class='ocrx_word' id='word_1_275' title='bbox 1370 336 1481 375; x_wconf 79' lang='lat' dir='ltr'>Artis</span> <span class='ocrx_word' id='word_1_276' title='bbox 1489 336 1864 376; x_wconf 78' lang='lat' dir='ltr'>Medicamentariae</span> <span class='ocrx_word' id='word_1_277' title='bbox 1877 368 1884 386; x_wconf 92' lang='lat'>,</span> <span class='ocrx_word' id='word_1_278' title='bbox 1902 338 2093 390; x_wconf 89' lang='lat' dir='ltr'>Complu—</span> 
     </span>
     <span class='ocr_line' id='line_1_50' title="bbox 1129 399 2096 450; baseline 0.003 -14"><span class='ocrx_word' id='word_1_279' title='bbox 1129 399 1155 436; x_wconf 89' lang='lat' dir='ltr'>ti</span> <span class='ocrx_word' id='word_1_280' title='bbox 1188 400 1303 438; x_wconf 79' lang='grc'><strong>4548.</strong></span> <span class='ocrx_word' id='word_1_281' title='bbox 1344 404 1384 437; x_wconf 87' lang='lat' dir='ltr'>ct</span> <span class='ocrx_word' id='word_1_282' title='bbox 1428 400 1701 450; x_wconf 85' lang='lat' dir='ltr'>interpretatio</span> <span class='ocrx_word' id='word_1_283' title='bbox 1743 410 1889 440; x_wconf 91' lang='lat' dir='ltr'>vocum</span> <span class='ocrx_word' id='word_1_284' title='bbox 1936 400 2096 441; x_wconf 83' lang='lat' dir='ltr'>Diosco-</span> 
     </span>
     <span class='ocr_line' id='line_1_51' title="bbox 1130 459 1245 498; baseline 0.017 -2"><span class='ocrx_word' id='word_1_285' title='bbox 1130 459 1245 498; x_wconf 83' lang='lat' dir='ltr'>ridis.</span> 
     </span>
    </p>

    <p class='ocr_par' dir='ltr' id='par_1_10' title="bbox 1183 521 2067 577">
     <span class='ocr_line' id='line_1_52' title="bbox 1183 521 2067 577; baseline 0.005 -17"><span class='ocrx_word' id='word_1_286' title='bbox 1183 521 1416 562; x_wconf 75' lang='lat' dir='ltr'>Aleoeaizder</span> <span class='ocrx_word' id='word_1_287' title='bbox 1438 522 1659 562; x_wconf 80' lang='lat' dir='ltr'>NECKAM.</span> <span class='ocrx_word' id='word_1_288' title='bbox 1686 524 1813 574; x_wconf 87' lang='lat' dir='ltr'>Supra</span> <span class='ocrx_word' id='word_1_289' title='bbox 1838 529 1866 562; x_wconf 93' lang='lat' dir='ltr'>t.</span> <span class='ocrx_word' id='word_1_290' title='bbox 1894 527 1908 564; x_wconf 95' lang='grc'><strong>4</strong></span> <span class='ocrx_word' id='word_1_291' title='bbox 1941 538 1976 577; x_wconf 94' lang='lat' dir='ltr'>p.</span> <span class='ocrx_word' id='word_1_292' title='bbox 2003 526 2067 564; x_wconf 76' lang='lat'>62.</span> 
     </span>
    </p>

    <p class='ocr_par' dir='ltr' id='par_1_11' title="bbox 1130 583 2094 882">
     <span class='ocr_line' id='line_1_53' title="bbox 1182 583 2094 634; baseline 0.005 -13"><span class='ocrx_word' id='word_1_293' title='bbox 1182 583 1379 624; x_wconf 83' lang='lat' dir='ltr'>NELLUS</span> <span class='ocrx_word' id='word_1_294' title='bbox 1408 584 1454 623; x_wconf 88' lang='lat' dir='ltr'>de</span> <span class='ocrx_word' id='word_1_295' title='bbox 1483 586 1523 624; x_wconf 88' lang='lat' dir='ltr'>S.</span> <span class='ocrx_word' id='word_1_296' title='bbox 1557 585 1807 634; x_wconf 73' lang='lat' dir='ltr'>Geminium,</span> <span class='ocrx_word' id='word_1_297' title='bbox 1839 587 2094 627; x_wconf 88' lang='lat' dir='ltr'>Florentinus</span> 
     </span>
     <span class='ocr_line' id='line_1_54' title="bbox 1131 646 2094 699; baseline 0.004 -15"><span class='ocrx_word' id='word_1_298' title='bbox 1131 647 1255 686; x_wconf 90' lang='lat' dir='ltr'>JCtus</span> <span class='ocrx_word' id='word_1_299' title='bbox 1279 646 1449 685; x_wconf 88' lang='lat' dir='ltr'>celebris</span> <span class='ocrx_word' id='word_1_300' title='bbox 1477 648 1580 686; x_wconf 89' lang='lat' dir='ltr'>circa</span> <span class='ocrx_word' id='word_1_301' title='bbox 1612 648 1655 686; x_wconf 82' lang='lat' dir='ltr'>A.</span> <span class='ocrx_word' id='word_1_302' title='bbox 1689 650 1806 687; x_wconf 75' lang='grc'><strong>4420.</strong></span> <span class='ocrx_word' id='word_1_303' title='bbox 1835 651 1996 699; x_wconf 89' lang='lat' dir='ltr'>scripsit</span> <span class='ocrx_word' id='word_1_304' title='bbox 2017 655 2094 689; x_wconf 89' lang='lat' dir='ltr'>tra-</span> 
     </span>
     <span class='ocr_line' id='line_1_55' title="bbox 1130 707 2091 756; baseline 0.002 -10"><span class='ocrx_word' id='word_1_305' title='bbox 1130 713 1281 746; x_wconf 90' lang='lat' dir='ltr'>ctatum</span> <span class='ocrx_word' id='word_1_306' title='bbox 1313 707 1360 746; x_wconf 87' lang='lat' dir='ltr'>de</span> <span class='ocrx_word' id='word_1_307' title='bbox 1388 709 1593 756; x_wconf 78' lang='lat' dir='ltr'>Bannitis,</span> <span class='ocrx_word' id='word_1_308' title='bbox 1625 718 1665 747; x_wconf 87' lang='lat' dir='ltr'>et</span> <span class='ocrx_word' id='word_1_309' title='bbox 1693 710 1814 748; x_wconf 83' lang='lat' dir='ltr'>alium</span> <span class='ocrx_word' id='word_1_310' title='bbox 1845 710 1892 748; x_wconf 84' lang='lat' dir='ltr'>de</span> <span class='ocrx_word' id='word_1_311' title='bbox 1917 708 2091 750; x_wconf 82' lang='lat' dir='ltr'>testibus.</span> 
     </span>
     <span class='ocr_line' id='line_1_56' title="bbox 1131 769 2093 822; baseline 0.006 -17"><span class='ocrx_word' id='word_1_312' title='bbox 1131 769 1228 807; x_wconf 86' lang='lat' dir='ltr'>Vide</span> <span class='ocrx_word' id='word_1_313' title='bbox 1251 769 1343 808; x_wconf 85' lang='lat' dir='ltr'>Julii</span> <span class='ocrx_word' id='word_1_314' title='bbox 1372 770 1478 820; x_wconf 75' lang='lat' dir='ltr'>Nigri</span> <span class='ocrx_word' id='word_1_315' title='bbox 1509 769 1713 809; x_wconf 85' lang='lat' dir='ltr'>historiam</span> <span class='ocrx_word' id='word_1_316' title='bbox 1741 773 1979 822; x_wconf 83' lang='lat' dir='ltr'>scriptorum</span> <span class='ocrx_word' id='word_1_317' title='bbox 2008 773 2093 811; x_wconf 89' lang='lat' dir='ltr'>Flo-</span> 
     </span>
     <span class='ocr_line' id='line_1_57' title="bbox 1133 832 1621 882; baseline 0.004 -14"><span class='ocrx_word' id='word_1_318' title='bbox 1133 832 1380 869; x_wconf 84' lang='lat' dir='ltr'>rentinorum</span> <span class='ocrx_word' id='word_1_319' title='bbox 1413 843 1497 882; x_wconf 89' lang='lat' dir='ltr'>pag.</span> <span class='ocrx_word' id='word_1_320' title='bbox 1532 832 1621 870; x_wconf 77' lang='grc'>449.</span> 
     </span>
    </p>

    <p class='ocr_par' dir='ltr' id='par_1_12' title="bbox 1132 891 2095 1560">
     <span class='ocr_line' id='line_1_58' title="bbox 1186 891 2094 946; baseline 0.006 -16"><span class='ocrx_word' id='word_1_321' title='bbox 1186 891 1207 913; x_wconf 78' lang='lat'><em>*</em></span> <span class='ocrx_word' id='word_1_322' title='bbox 1239 894 1474 932; x_wconf 85' lang='lat' dir='ltr'>Tractatum</span> <span class='ocrx_word' id='word_1_323' title='bbox 1506 894 1603 932; x_wconf 72' lang='lat' dir='ltr'>Nelli</span> <span class='ocrx_word' id='word_1_324' title='bbox 1634 895 1689 932; x_wconf 87' lang='lat' dir='ltr'>De</span> <span class='ocrx_word' id='word_1_325' title='bbox 1724 895 2002 946; x_wconf 84' lang='lat' dir='ltr'>reprobatione</span> <span class='ocrx_word' id='word_1_326' title='bbox 2041 901 2094 935; x_wconf 82' lang='lat' dir='ltr'>te-</span> 
     </span>
     <span class='ocr_line' id='line_1_59' title="bbox 1132 953 2092 1007; baseline 0.005 -15"><span class='ocrx_word' id='word_1_327' title='bbox 1132 953 1253 992; x_wconf 84' lang='lat' dir='ltr'>stium</span> <span class='ocrx_word' id='word_1_328' title='bbox 1279 956 1521 1005; x_wconf 82' lang='lat' dir='ltr'>impressum</span> <span class='ocrx_word' id='word_1_329' title='bbox 1555 957 1728 995; x_wconf 89' lang='lat' dir='ltr'>vetustis</span> <span class='ocrx_word' id='word_1_330' title='bbox 1757 959 1888 1007; x_wconf 80' lang='lat' dir='ltr'>typis,</span> <span class='ocrx_word' id='word_1_331' title='bbox 1914 958 1983 996; x_wconf 84' lang='lat' dir='ltr'>sed</span> <span class='ocrx_word' id='word_1_332' title='bbox 2010 959 2092 997; x_wconf 92' lang='lat' dir='ltr'>loco</span> 
     </span>
     <span class='ocr_line' id='line_1_60' title="bbox 1132 1017 2094 1070; baseline 0.005 -16"><span class='ocrx_word' id='word_1_333' title='bbox 1132 1021 1171 1054; x_wconf 90' lang='lat' dir='ltr'>et</span> <span class='ocrx_word' id='word_1_334' title='bbox 1200 1027 1304 1055; x_wconf 90' lang='lat' dir='ltr'>anno</span> <span class='ocrx_word' id='word_1_335' title='bbox 1335 1018 1498 1056; x_wconf 87' lang='lat' dir='ltr'>incertis</span> <span class='ocrx_word' id='word_1_336' title='bbox 1521 1028 1612 1056; x_wconf 86' lang='lat' dir='ltr'>curn</span> <span class='ocrx_word' id='word_1_337' title='bbox 1639 1017 1826 1057; x_wconf 83' lang='lat' dir='ltr'>adiuncto</span> <span class='ocrx_word' id='word_1_338' title='bbox 1847 1020 2094 1070; x_wconf 73' lang='lat' dir='ltr'>alphabetico</span> 
     </span>
     <span class='ocr_line' id='line_1_61' title="bbox 1133 1078 2090 1120; baseline 0.004 -4"><span class='ocrx_word' id='word_1_339' title='bbox 1133 1078 1260 1117; x_wconf 86' lang='lat' dir='ltr'>indice</span> <span class='ocrx_word' id='word_1_340' title='bbox 1292 1090 1412 1117; x_wconf 90' lang='lat' dir='ltr'>manu</span> <span class='ocrx_word' id='word_1_341' title='bbox 1444 1079 1565 1117; x_wconf 89' lang='lat' dir='ltr'>Felini</span> <span class='ocrx_word' id='word_1_342' title='bbox 1596 1086 1733 1118; x_wconf 90' lang='lat' dir='ltr'>servat</span> <span class='ocrx_word' id='word_1_343' title='bbox 1761 1081 1941 1120; x_wconf 87' lang='lat' dir='ltr'>eiusdem</span> <span class='ocrx_word' id='word_1_344' title='bbox 1970 1083 2090 1120; x_wconf 85' lang='lat' dir='ltr'>Felini</span> 
     </span>
     <span class='ocr_line' id='line_1_62' title="bbox 1132 1140 2095 1182; baseline 0.005 -5"><span class='ocrx_word' id='word_1_345' title='bbox 1132 1140 1371 1179; x_wconf 87' lang='lat' dir='ltr'>Bibliotheca</span> <span class='ocrx_word' id='word_1_346' title='bbox 1415 1141 1510 1179; x_wconf 88' lang='lat' dir='ltr'>Cod.</span> <span class='ocrx_word' id='word_1_347' title='bbox 1543 1142 1630 1180; x_wconf 91' lang='grc'>466.</span> <span class='ocrx_word' id='word_1_348' title='bbox 1676 1143 1886 1181; x_wconf 85' lang='lat' dir='ltr'>Tractatus</span> <span class='ocrx_word' id='word_1_349' title='bbox 1915 1142 1963 1181; x_wconf 86' lang='lat' dir='ltr'>de</span> <span class='ocrx_word' id='word_1_350' title='bbox 2000 1144 2095 1182; x_wconf 90' lang='lat' dir='ltr'>ban-</span> 
     </span>
     <span class='ocr_line' id='line_1_63' title="bbox 1133 1203 2093 1253; baseline 0.005 -14"><span class='ocrx_word' id='word_1_351' title='bbox 1133 1203 1227 1240; x_wconf 90' lang='lat' dir='ltr'>nitis</span> <span class='ocrx_word' id='word_1_352' title='bbox 1256 1203 1465 1241; x_wconf 72' lang='lat' dir='ltr'>absolutus</span> <span class='ocrx_word' id='word_1_353' title='bbox 1495 1214 1557 1241; x_wconf 92' lang='lat' dir='ltr'>an.</span> <span class='ocrx_word' id='word_1_354' title='bbox 1604 1204 1719 1242; x_wconf 70' lang='lat'>⁴423.</span> <span class='ocrx_word' id='word_1_355' title='bbox 1764 1204 1907 1253; x_wconf 89' lang='lat' dir='ltr'>prodiit</span> <span class='ocrx_word' id='word_1_356' title='bbox 1946 1207 2093 1244; x_wconf 84' lang='lat' dir='ltr'>Pisciae</span> 
     </span>
     <span class='ocr_line' id='line_1_64' title="bbox 1132 1262 2092 1312; baseline 0.003 -10"><span class='ocrx_word' id='word_1_357' title='bbox 1132 1262 1208 1302; x_wconf 85' lang='lat' dir='ltr'>An.</span> <span class='ocrx_word' id='word_1_358' title='bbox 1239 1265 1353 1302; x_wconf 78' lang='grc'><strong>4486.</strong></span> <span class='ocrx_word' id='word_1_359' title='bbox 1380 1264 1442 1301; x_wconf 80' lang='lat' dir='ltr'>sol.</span> <span class='ocrx_word' id='word_1_360' title='bbox 1470 1264 1575 1312; x_wconf 60' lang='lat'>(2252.</span> <span class='ocrx_word' id='word_1_361' title='bbox 1604 1270 1643 1302; x_wconf 92' lang='lat' dir='ltr'>et</span> <span class='ocrx_word' id='word_1_362' title='bbox 1673 1276 1763 1304; x_wconf 90' lang='lat' dir='ltr'>cum</span> <span class='ocrx_word' id='word_1_363' title='bbox 1784 1266 2092 1305; x_wconf 79' lang='lat' dir='ltr'>Commentariis</span> 
     </span>
     <span class='ocr_line' id='line_1_65' title="bbox 1132 1325 2092 1376; baseline 0.003 -14"><span class='ocrx_word' id='word_1_364' title='bbox 1132 1326 1212 1363; x_wconf 83' lang='lat' dir='ltr'>Jao.</span> <span class='ocrx_word' id='word_1_365' title='bbox 1243 1325 1428 1363; x_wconf 88' lang='lat' dir='ltr'>Arenatis</span> <span class='ocrx_word' id='word_1_366' title='bbox 1473 1325 1595 1375; x_wconf 78' lang='lat' dir='ltr'>Lugd.</span> <span class='ocrx_word' id='word_1_367' title='bbox 1633 1337 1693 1376; x_wconf 88' lang='lat' dir='ltr'>ap.</span> <span class='ocrx_word' id='word_1_368' title='bbox 1727 1327 1889 1365; x_wconf 86' lang='lat' dir='ltr'>llaered.</span> <span class='ocrx_word' id='word_1_369' title='bbox 1920 1327 2092 1367; x_wconf 82' lang='lat' dir='ltr'>Giuntae.</span> 
     </span>
     <span class='ocr_line' id='line_1_66' title="bbox 1135 1386 2090 1438; baseline 0.003 -13"><span class='ocrx_word' id='word_1_370' title='bbox 1135 1386 1236 1425; x_wconf 72' lang='lat'>4550</span> <span class='ocrx_word' id='word_1_371' title='bbox 1277 1388 1299 1423; x_wconf 84' lang='lat'>8</span> <span class='ocrx_word' id='word_1_372' title='bbox 1345 1388 1398 1425; x_wconf 84' lang='lat' dir='ltr'>De</span> <span class='ocrx_word' id='word_1_373' title='bbox 1429 1397 1474 1424; x_wconf 90' lang='lat' dir='ltr'>eo</span> <span class='ocrx_word' id='word_1_374' title='bbox 1507 1387 1598 1425; x_wconf 87' lang='lat' dir='ltr'>vide</span> <span class='ocrx_word' id='word_1_375' title='bbox 1627 1388 1762 1426; x_wconf 87' lang='lat' dir='ltr'>Matth.</span> <span class='ocrx_word' id='word_1_376' title='bbox 1793 1390 1885 1438; x_wconf 91' lang='lat' dir='ltr'>Lupi</span> <span class='ocrx_word' id='word_1_377' title='bbox 1913 1389 2090 1428; x_wconf 86' lang='lat' dir='ltr'>Annales</span> 
     </span>
     <span class='ocr_line' id='line_1_67' title="bbox 1133 1448 2088 1499; baseline 0.003 -13"><span class='ocrx_word' id='word_1_378' title='bbox 1133 1460 1192 1499; x_wconf 91' lang='lat' dir='ltr'>ap.</span> <span class='ocrx_word' id='word_1_379' title='bbox 1225 1448 1390 1487; x_wconf 87' lang='lat' dir='ltr'>Bandini</span> <span class='ocrx_word' id='word_1_380' title='bbox 1426 1448 1611 1499; x_wconf 84' lang='lat' dir='ltr'>Leopold.</span> <span class='ocrx_word' id='word_1_381' title='bbox 1639 1450 1701 1487; x_wconf 87' lang='lat'>111.</span> <span class='ocrx_word' id='word_1_382' title='bbox 1722 1450 1915 1488; x_wconf 86' lang='lat' dir='ltr'>308.Fuit</span> <span class='ocrx_word' id='word_1_383' title='bbox 1932 1456 1972 1488; x_wconf 91' lang='lat' dir='ltr'>et</span> <span class='ocrx_word' id='word_1_384' title='bbox 1995 1450 2088 1489; x_wconf 89' lang='lat' dir='ltr'>Nel-</span> 
     </span>
     <span class='ocr_line' id='line_1_68' title="bbox 1134 1509 1961 1560; baseline 0 -12"><span class='ocrx_word' id='word_1_385' title='bbox 1134 1510 1197 1549; x_wconf 91' lang='lat' dir='ltr'>lus</span> <span class='ocrx_word' id='word_1_386' title='bbox 1227 1509 1388 1560; x_wconf 87' lang='lat' dir='ltr'>quidam</span> <span class='ocrx_word' id='word_1_387' title='bbox 1421 1515 1539 1560; x_wconf 91' lang='lat' dir='ltr'>poeta</span> <span class='ocrx_word' id='word_1_388' title='bbox 1570 1514 1647 1548; x_wconf 89' lang='lat' dir='ltr'>etc.</span> <span class='ocrx_word' id='word_1_389' title='bbox 1681 1510 1961 1559; x_wconf 71' lang='lat' dir='ltr'>(Lucchesini).</span> 
     </span>
    </p>

    <p class='ocr_par' dir='ltr' id='par_1_13' title="bbox 1135 1571 2101 3170">
     <span class='ocr_line' id='line_1_69' title="bbox 1187 1571 2094 1619; baseline 0.001 -9"><span class='ocrx_word' id='word_1_390' title='bbox 1187 1573 1242 1610; x_wconf 86' lang='lat' dir='ltr'>De</span> <span class='ocrx_word' id='word_1_391' title='bbox 1273 1571 1488 1619; x_wconf 63' lang='lat' dir='ltr'>NENNIO,</span> <span class='ocrx_word' id='word_1_392' title='bbox 1513 1572 1598 1610; x_wconf 88' lang='lat' dir='ltr'>sive</span> <span class='ocrx_word' id='word_1_393' title='bbox 1628 1571 1782 1611; x_wconf 67' lang='lat' dir='ltr'>NINNO</span> <span class='ocrx_word' id='word_1_394' title='bbox 1815 1584 1890 1610; x_wconf 92' lang='lat' dir='ltr'>uno</span> <span class='ocrx_word' id='word_1_395' title='bbox 1920 1584 1968 1611; x_wconf 87' lang='lat' dir='ltr'>an</span> <span class='ocrx_word' id='word_1_396' title='bbox 1999 1574 2094 1613; x_wconf 88' lang='lat' dir='ltr'>duo-</span> 
     </span>
     <span class='ocr_line' id='line_1_70' title="bbox 1136 1633 2097 1685; baseline 0.002 -14"><span class='ocrx_word' id='word_1_397' title='bbox 1136 1633 1235 1679; x_wconf 85' lang='lat' dir='ltr'>bus,</span> <span class='ocrx_word' id='word_1_398' title='bbox 1263 1633 1515 1685; x_wconf 87' lang='lat' dir='ltr'>juniorisque</span> <span class='ocrx_word' id='word_1_399' title='bbox 1546 1634 1726 1672; x_wconf 85' lang='lat' dir='ltr'>familiari</span> <span class='ocrx_word' id='word_1_400' title='bbox 1757 1634 1990 1673; x_wconf 86' lang='lat' dir='ltr'>SAMUELE</span> <span class='ocrx_word' id='word_1_401' title='bbox 2017 1637 2097 1673; x_wconf 84' lang='lat' dir='ltr'>Bri-</span> 
     </span>
     <span class='ocr_line' id='line_1_71' title="bbox 1136 1695 2098 1743; baseline 0.004 -11"><span class='ocrx_word' id='word_1_402' title='bbox 1136 1701 1285 1743; x_wconf 84' lang='lat' dir='ltr'>tanno,</span> <span class='ocrx_word' id='word_1_403' title='bbox 1328 1699 1367 1733; x_wconf 90' lang='lat' dir='ltr'>et</span> <span class='ocrx_word' id='word_1_404' title='bbox 1397 1695 1445 1733; x_wconf 92' lang='lat' dir='ltr'>de</span> <span class='ocrx_word' id='word_1_405' title='bbox 1476 1695 1675 1735; x_wconf 89' lang='lat' dir='ltr'>ELBOTO</span> <span class='ocrx_word' id='word_1_406' title='bbox 1704 1696 1789 1733; x_wconf 89' lang='lat' dir='ltr'>sive</span> <span class='ocrx_word' id='word_1_407' title='bbox 1828 1695 2098 1736; x_wconf 76' lang='lat' dir='ltr'>ELVODUGO</span> 
     </span>
     <span class='ocr_line' id='line_1_72' title="bbox 1138 1758 2099 1808; baseline -0.001 -11"><span class='ocrx_word' id='word_1_408' title='bbox 1138 1760 1394 1808; x_wconf 76' lang='lat' dir='ltr'>praeceptore</span> <span class='ocrx_word' id='word_1_409' title='bbox 1433 1759 1486 1796; x_wconf 91' lang='lat' dir='ltr'>ita</span> <span class='ocrx_word' id='word_1_410' title='bbox 1523 1758 1689 1796; x_wconf 85' lang='lat' dir='ltr'>obscura</span> <span class='ocrx_word' id='word_1_411' title='bbox 1731 1762 1770 1795; x_wconf 91' lang='lat' dir='ltr'>et</span> <span class='ocrx_word' id='word_1_412' title='bbox 1811 1758 1959 1797; x_wconf 88' lang='lat' dir='ltr'>incerta</span> <span class='ocrx_word' id='word_1_413' title='bbox 2005 1764 2099 1797; x_wconf 90' lang='lat' dir='ltr'>sunt</span> 
     </span>
     <span class='ocr_line' id='line_1_73' title="bbox 1137 1819 2099 1870; baseline 0.001 -12"><span class='ocrx_word' id='word_1_414' title='bbox 1137 1821 1296 1868; x_wconf 87' lang='lat' dir='ltr'>omnia,</span> <span class='ocrx_word' id='word_1_415' title='bbox 1326 1824 1372 1858; x_wconf 88' lang='lat' dir='ltr'>ut</span> <span class='ocrx_word' id='word_1_416' title='bbox 1401 1819 1566 1858; x_wconf 88' lang='lat' dir='ltr'>definire</span> <span class='ocrx_word' id='word_1_417' title='bbox 1596 1819 1743 1870; x_wconf 90' lang='lat' dir='ltr'>aliquid</span> <span class='ocrx_word' id='word_1_418' title='bbox 1774 1821 1842 1857; x_wconf 84' lang='lat' dir='ltr'>vix</span> <span class='ocrx_word' id='word_1_419' title='bbox 1874 1831 1921 1858; x_wconf 83' lang='lat' dir='ltr'>ac</span> <span class='ocrx_word' id='word_1_420' title='bbox 1952 1832 2001 1859; x_wconf 91' lang='lat' dir='ltr'>ne</span> <span class='ocrx_word' id='word_1_421' title='bbox 2033 1822 2099 1859; x_wconf 87' lang='lat' dir='ltr'>vix</span> 
     </span>
     <span class='ocr_line' id='line_1_74' title="bbox 1137 1881 2095 1933; baseline 0 -13"><span class='ocrx_word' id='word_1_422' title='bbox 1137 1882 1298 1933; x_wconf 88' lang='lat' dir='ltr'>quidem</span> <span class='ocrx_word' id='word_1_423' title='bbox 1316 1883 1442 1920; x_wconf 85' lang='lat' dir='ltr'>liceat.</span> <span class='ocrx_word' id='word_1_424' title='bbox 1462 1881 1586 1931; x_wconf 88' lang='lat' dir='ltr'>Ajunt</span> <span class='ocrx_word' id='word_1_425' title='bbox 1602 1883 1862 1920; x_wconf 86' lang='lat' dir='ltr'>vetustiorem</span> <span class='ocrx_word' id='word_1_426' title='bbox 1886 1882 2095 1929; x_wconf 81' lang='lat' dir='ltr'>Nennium,</span> 
     </span>
     <span class='ocr_line' id='line_1_75' title="bbox 1135 1942 2101 1994; baseline -0.003 -11"><span class='ocrx_word' id='word_1_427' title='bbox 1135 1944 1338 1984; x_wconf 84' lang='lat' dir='ltr'>Audacem</span> <span class='ocrx_word' id='word_1_428' title='bbox 1370 1945 1604 1994; x_wconf 86' lang='lat' dir='ltr'>cognomine</span> <span class='ocrx_word' id='word_1_429' title='bbox 1637 1942 1763 1981; x_wconf 91' lang='lat' dir='ltr'>Luddi</span> <span class='ocrx_word' id='word_1_430' title='bbox 1794 1944 1929 1994; x_wconf 85' lang='lat' dir='ltr'>Regis.</span> <span class='ocrx_word' id='word_1_431' title='bbox 1971 1945 2101 1983; x_wconf 85' lang='lat' dir='ltr'>Cassi-</span> 
     </span>
     <span class='ocr_line' id='line_1_76' title="bbox 1136 2005 2093 2056; baseline -0.003 -11"><span class='ocrx_word' id='word_1_432' title='bbox 1136 2006 1387 2056; x_wconf 88' lang='lat' dir='ltr'>bellanique,</span> <span class='ocrx_word' id='word_1_433' title='bbox 1415 2017 1536 2044; x_wconf 91' lang='lat' dir='ltr'>manu</span> <span class='ocrx_word' id='word_1_434' title='bbox 1565 2005 1654 2044; x_wconf 89' lang='lat' dir='ltr'>Julii</span> <span class='ocrx_word' id='word_1_435' title='bbox 1686 2005 1870 2042; x_wconf 80' lang='lat' dir='ltr'>Caesaris</span> <span class='ocrx_word' id='word_1_436' title='bbox 1903 2006 1987 2043; x_wconf 85' lang='lat' dir='ltr'>neci</span> <span class='ocrx_word' id='word_1_437' title='bbox 2013 2005 2093 2044; x_wconf 88' lang='lat' dir='ltr'>dati</span> 
     </span>
     <span class='ocr_line' id='line_1_77' title="bbox 1136 2067 2101 2116; baseline 0 -10"><span class='ocrx_word' id='word_1_438' title='bbox 1136 2069 1257 2107; x_wconf 85' lang='lat' dir='ltr'>frater</span> <span class='ocrx_word' id='word_1_439' title='bbox 1282 2069 1316 2116; x_wconf 91' lang='lat' dir='ltr'>a)</span> <span class='ocrx_word' id='word_1_440' title='bbox 1339 2080 1387 2107; x_wconf 85' lang='lat' dir='ltr'>ex</span> <span class='ocrx_word' id='word_1_441' title='bbox 1412 2067 1639 2106; x_wconf 84' lang='lat' dir='ltr'>Bardonum</span> <span class='ocrx_word' id='word_1_442' title='bbox 1665 2067 1916 2106; x_wconf 88' lang='lat' dir='ltr'>cantionibus</span> <span class='ocrx_word' id='word_1_443' title='bbox 1947 2072 1986 2105; x_wconf 87' lang='lat' dir='ltr'>et</span> <span class='ocrx_word' id='word_1_444' title='bbox 2017 2068 2101 2106; x_wconf 90' lang='lat' dir='ltr'>Fla-</span> 
     </span>
     <span class='ocr_line' id='line_1_78' title="bbox 1136 2129 2098 2181; baseline -0.002 -13"><span class='ocrx_word' id='word_1_445' title='bbox 1136 2131 1290 2169; x_wconf 86' lang='lat' dir='ltr'>miuum</span> <span class='ocrx_word' id='word_1_446' title='bbox 1330 2131 1490 2181; x_wconf 81' lang='lat' dir='ltr'>script-is</span> <span class='ocrx_word' id='word_1_447' title='bbox 1521 2140 1655 2168; x_wconf 89' lang='lat' dir='ltr'>rerum</span> <span class='ocrx_word' id='word_1_448' title='bbox 1686 2130 2003 2167; x_wconf 81' lang='lat' dir='ltr'>Britannicarum</span> <span class='ocrx_word' id='word_1_449' title='bbox 2041 2129 2098 2167; x_wconf 87' lang='lat' dir='ltr'>hi-</span> 
     </span>
     <span class='ocr_line' id='line_1_79' title="bbox 1136 2192 2093 2243; baseline -0.003 -12"><span class='ocrx_word' id='word_1_450' title='bbox 1136 2194 1299 2231; x_wconf 89' lang='lat' dir='ltr'>storiam</span> <span class='ocrx_word' id='word_1_451' title='bbox 1331 2193 1456 2243; x_wconf 86' lang='lat' dir='ltr'>patrio</span> <span class='ocrx_word' id='word_1_452' title='bbox 1481 2203 1665 2230; x_wconf 88' lang='lat' dir='ltr'>sermone</span> <span class='ocrx_word' id='word_1_453' title='bbox 1686 2192 1970 2242; x_wconf 88' lang='lat' dir='ltr'>composuisse.</span> <span class='ocrx_word' id='word_1_454' title='bbox 1998 2192 2093 2230; x_wconf 81' lang='lat' dir='ltr'>Eam</span> 
     </span>
     <span class='ocr_line' id='line_1_80' title="bbox 1137 2252 2095 2302; baseline -0.003 -9"><span class='ocrx_word' id='word_1_455' title='bbox 1137 2256 1275 2294; x_wconf 88' lang='lat' dir='ltr'>Latine</span> <span class='ocrx_word' id='word_1_456' title='bbox 1318 2266 1476 2293; x_wconf 88' lang='lat' dir='ltr'>versam</span> <span class='ocrx_word' id='word_1_457' title='bbox 1507 2253 1650 2292; x_wconf 88' lang='lat' dir='ltr'>deinde</span> <span class='ocrx_word' id='word_1_458' title='bbox 1680 2255 1702 2292; x_wconf 78' lang='lat' dir='ltr'>a</span> <span class='ocrx_word' id='word_1_459' title='bbox 1732 2252 1881 2292; x_wconf 83' lang='lat' dir='ltr'>Nennio</span> <span class='ocrx_word' id='word_1_460' title='bbox 1914 2252 2095 2302; x_wconf 84' lang='lat' dir='ltr'>juniore,</span> 
     </span>
     <span class='ocr_line' id='line_1_81' title="bbox 1136 2315 2096 2364; baseline -0.004 -8"><span class='ocrx_word' id='word_1_461' title='bbox 1136 2317 1481 2357; x_wconf 84' lang='lat' dir='ltr'>Bannochorensis</span> <span class='ocrx_word' id='word_1_462' title='bbox 1498 2316 1682 2355; x_wconf 84' lang='lat' dir='ltr'>Coenobii</span> <span class='ocrx_word' id='word_1_463' title='bbox 1702 2315 1889 2354; x_wconf 88' lang='lat' dir='ltr'>Monacho</span> <span class='ocrx_word' id='word_1_464' title='bbox 1909 2315 2096 2364; x_wconf 88' lang='lat' dir='ltr'>primum,</span> 
     </span>
     <span class='ocr_line' id='line_1_82' title="bbox 1137 2377 2099 2432; baseline -0.006 -13"><span class='ocrx_word' id='word_1_465' title='bbox 1137 2385 1273 2432; x_wconf 86' lang='lat' dir='ltr'>postea</span> <span class='ocrx_word' id='word_1_466' title='bbox 1298 2379 1451 2419; x_wconf 86' lang='lat' dir='ltr'>Abbate</span> <span class='ocrx_word' id='word_1_467' title='bbox 1475 2380 1578 2417; x_wconf 87' lang='lat' dir='ltr'>circa</span> <span class='ocrx_word' id='word_1_468' title='bbox 1600 2378 1645 2415; x_wconf 82' lang='grc' dir='ltr'><strong>Α.</strong></span> <span class='ocrx_word' id='word_1_469' title='bbox 1668 2377 1757 2415; x_wconf 68' lang='lat'>6⁶20.</span> <span class='ocrx_word' id='word_1_470' title='bbox 1784 2378 1895 2416; x_wconf 81' lang='lat' dir='ltr'>llunc</span> <span class='ocrx_word' id='word_1_471' title='bbox 1915 2377 1976 2414; x_wconf 87' lang='lat' dir='ltr'>alii</span> <span class='ocrx_word' id='word_1_472' title='bbox 2002 2387 2099 2414; x_wconf 91' lang='lat' dir='ltr'>eun-</span> 
     </span>
     <span class='ocr_line' id='line_1_83' title="bbox 1139 2437 2098 2485; baseline -0.009 -4"><span class='ocrx_word' id='word_1_473' title='bbox 1139 2443 1230 2481; x_wconf 89' lang='lat' dir='ltr'>dem</span> <span class='ocrx_word' id='word_1_474' title='bbox 1259 2453 1351 2480; x_wconf 89' lang='lat' dir='ltr'>cum</span> <span class='ocrx_word' id='word_1_475' title='bbox 1376 2439 1526 2479; x_wconf 85' lang='lat' dir='ltr'>GlLDA</span> <span class='ocrx_word' id='word_1_476' title='bbox 1554 2437 1766 2478; x_wconf 79' lang='lat' dir='ltr'>Hibernico</span> <span class='ocrx_word' id='word_1_477' title='bbox 1789 2439 1823 2485; x_wconf 86' lang='lat' dir='ltr'>a)</span> <span class='ocrx_word' id='word_1_478' title='bbox 1849 2438 1994 2476; x_wconf 84' lang='lat' dir='ltr'>faciunt</span> <span class='ocrx_word' id='word_1_479' title='bbox 2024 2438 2098 2474; x_wconf 91' lang='lat' dir='ltr'>cir-</span> 
     </span>
     <span class='ocr_line' id='line_1_84' title="bbox 1139 2497 2094 2552; baseline -0.01 -8"><span class='ocrx_word' id='word_1_480' title='bbox 1139 2516 1183 2544; x_wconf 86' lang='lat' dir='ltr'>ca</span> <span class='ocrx_word' id='word_1_481' title='bbox 1208 2504 1256 2543; x_wconf 87' lang='lat' dir='ltr'>A.</span> <span class='ocrx_word' id='word_1_482' title='bbox 1286 2504 1374 2542; x_wconf 82' lang='lat'>860.</span> <span class='ocrx_word' id='word_1_483' title='bbox 1407 2502 1473 2551; x_wconf 85' lang='lat' dir='ltr'>(de</span> <span class='ocrx_word' id='word_1_484' title='bbox 1503 2512 1580 2552; x_wconf 87' lang='lat' dir='ltr'>quo</span> <span class='ocrx_word' id='word_1_485' title='bbox 1611 2511 1728 2550; x_wconf 90' lang='lat' dir='ltr'>supra</span> <span class='ocrx_word' id='word_1_486' title='bbox 1761 2504 1786 2536; x_wconf 93' lang='lat' dir='ltr'>t.</span> <span class='ocrx_word' id='word_1_487' title='bbox 1819 2499 1854 2536; x_wconf 91' lang='lat'>3.</span> <span class='ocrx_word' id='word_1_488' title='bbox 1887 2509 1971 2548; x_wconf 82' lang='lat' dir='ltr'>pag.</span> <span class='ocrx_word' id='word_1_489' title='bbox 2011 2497 2094 2542; x_wconf 84' lang='lat'>58.)</span> 
     </span>
     <span class='ocr_line' id='line_1_85' title="bbox 1140 2559 2094 2606; baseline -0.01 -1"><span class='ocrx_word' id='word_1_490' title='bbox 1140 2567 1202 2606; x_wconf 85' lang='lat' dir='ltr'>alii</span> <span class='ocrx_word' id='word_1_491' title='bbox 1240 2565 1493 2605; x_wconf 84' lang='lat' dir='ltr'>confundunt</span> <span class='ocrx_word' id='word_1_492' title='bbox 1530 2574 1621 2602; x_wconf 86' lang='lat' dir='ltr'>cum</span> <span class='ocrx_word' id='word_1_493' title='bbox 1659 2560 1878 2600; x_wconf 74' lang='lat' dir='ltr'>DlNOTllO</span> <span class='ocrx_word' id='word_1_494' title='bbox 1915 2559 1949 2604; x_wconf 71' lang='lat' dir='ltr'>b)</span> <span class='ocrx_word' id='word_1_495' title='bbox 1992 2559 2094 2596; x_wconf 84' lang='lat' dir='ltr'>circa</span> 
     </span>
     <span class='ocr_line' id='line_1_86' title="bbox 1142 2621 2090 2676; baseline -0.009 -9"><span class='ocrx_word' id='word_1_496' title='bbox 1142 2629 1187 2668; x_wconf 78' lang='lat' dir='ltr'>A.</span> <span class='ocrx_word' id='word_1_497' title='bbox 1218 2629 1305 2666; x_wconf 83' lang='grc'><strong>604.</strong></span> <span class='ocrx_word' id='word_1_498' title='bbox 1333 2627 1397 2676; x_wconf 82' lang='lat' dir='ltr'>(de</span> <span class='ocrx_word' id='word_1_499' title='bbox 1428 2637 1505 2675; x_wconf 89' lang='lat' dir='ltr'>quo</span> <span class='ocrx_word' id='word_1_500' title='bbox 1536 2635 1652 2674; x_wconf 84' lang='lat' dir='ltr'>supra</span> <span class='ocrx_word' id='word_1_501' title='bbox 1687 2628 1778 2659; x_wconf 88' lang='lat' dir='ltr'>tom.</span> <span class='ocrx_word' id='word_1_502' title='bbox 1810 2622 1844 2658; x_wconf 74' lang='lat'>⁶2.</span> <span class='ocrx_word' id='word_1_503' title='bbox 1877 2632 1961 2670; x_wconf 79' lang='lat' dir='ltr'>pag.</span> <span class='ocrx_word' id='word_1_504' title='bbox 1989 2621 2090 2665; x_wconf 68' lang='lat'>445)</span> 
     </span>
     <span class='ocr_line' id='line_1_87' title="bbox 1140 2683 2091 2735; baseline -0.009 -7"><span class='ocrx_word' id='word_1_505' title='bbox 1140 2692 1313 2728; x_wconf 86' lang='lat' dir='ltr'>Joannes</span> <span class='ocrx_word' id='word_1_506' title='bbox 1352 2687 1549 2726; x_wconf 86' lang='lat' dir='ltr'>Lelandus</span> <span class='ocrx_word' id='word_1_507' title='bbox 1584 2696 1669 2735; x_wconf 80' lang='lat' dir='ltr'>cap.</span> <span class='ocrx_word' id='word_1_508' title='bbox 1703 2684 1763 2721; x_wconf 64' lang='lat'>47.</span> <span class='ocrx_word' id='word_1_509' title='bbox 1804 2688 1935 2720; x_wconf 77' lang='lat' dir='ltr'>narrat</span> <span class='ocrx_word' id='word_1_510' title='bbox 1973 2693 2015 2719; x_wconf 90' lang='lat' dir='ltr'>se</span> <span class='ocrx_word' id='word_1_511' title='bbox 2054 2683 2091 2719; x_wconf 91' lang='lat' dir='ltr'>in</span> 
     </span>
     <span class='ocr_line' id='line_1_88' title="bbox 1144 2742 2094 2798; baseline -0.011 -8"><span class='ocrx_word' id='word_1_512' title='bbox 1144 2751 1382 2790; x_wconf 81' lang='lat' dir='ltr'>Bibliotheca</span> <span class='ocrx_word' id='word_1_513' title='bbox 1422 2747 1590 2798; x_wconf 84' lang='lat' dir='ltr'>quadam</span> <span class='ocrx_word' id='word_1_514' title='bbox 1622 2746 1819 2785; x_wconf 70' lang='lat' dir='ltr'>Nennium</span> <span class='ocrx_word' id='word_1_515' title='bbox 1850 2743 1895 2781; x_wconf 87' lang='lat' dir='ltr'>de</span> <span class='ocrx_word' id='word_1_516' title='bbox 1935 2742 2094 2792; x_wconf 73' lang='lat' dir='ltr'>Oriyine</span> 
     </span>
     <span class='ocr_line' id='line_1_89' title="bbox 1143 2804 2093 2857; baseline -0.012 -6"><span class='ocrx_word' id='word_1_517' title='bbox 1143 2810 1373 2851; x_wconf 80' lang='lat' dir='ltr'>Britanniae</span> <span class='ocrx_word' id='word_1_518' title='bbox 1395 2809 1570 2857; x_wconf 82' lang='lat' dir='ltr'>vidisse,</span> <span class='ocrx_word' id='word_1_519' title='bbox 1595 2807 1663 2846; x_wconf 88' lang='lat' dir='ltr'>sed</span> <span class='ocrx_word' id='word_1_520' title='bbox 1689 2804 1999 2856; x_wconf 78' lang='lat' dir='ltr'>deprehendisse</span> <span class='ocrx_word' id='word_1_521' title='bbox 2026 2815 2093 2854; x_wconf 91' lang='lat' dir='ltr'>pro</span> 
     </span>
     <span class='ocr_line' id='line_1_90' title="bbox 1143 2869 2090 2917; baseline -0.012 -4"><span class='ocrx_word' id='word_1_522' title='bbox 1143 2875 1330 2912; x_wconf 88' lang='lat' dir='ltr'>thesauro</span> <span class='ocrx_word' id='word_1_523' title='bbox 1380 2872 1597 2915; x_wconf 84' lang='lat' dir='ltr'>carbones,</span> <span class='ocrx_word' id='word_1_524' title='bbox 1642 2873 1681 2907; x_wconf 87' lang='lat' dir='ltr'>et</span> <span class='ocrx_word' id='word_1_525' title='bbox 1725 2869 1914 2917; x_wconf 87' lang='lat' dir='ltr'>scriptum</span> <span class='ocrx_word' id='word_1_526' title='bbox 1964 2870 2090 2903; x_wconf 86' lang='lat' dir='ltr'>totum</span> 
     </span>
     <span class='ocr_line' id='line_1_91' title="bbox 1144 2926 2092 2987; baseline -0.011 -13"><span class='ocrx_word' id='word_1_527' title='bbox 1144 2934 1361 2987; x_wconf 80' lang='lat' dir='ltr'>splendidis</span> <span class='ocrx_word' id='word_1_528' title='bbox 1400 2931 1640 2976; x_wconf 81' lang='lat' dir='ltr'>mendaciis,</span> <span class='ocrx_word' id='word_1_529' title='bbox 1671 2928 1840 2968; x_wconf 78' lang='lat' dir='ltr'>anilibus</span> <span class='ocrx_word' id='word_1_530' title='bbox 1875 2926 2014 2964; x_wconf 74' lang='lat' dir='ltr'>fabulis</span> <span class='ocrx_word' id='word_1_531' title='bbox 2052 2932 2092 2964; x_wconf 86' lang='lat' dir='ltr'>et</span> 
     </span>
     <span class='ocr_line' id='line_1_92' title="bbox 1143 2988 2088 3049; baseline -0.013 -13"><span class='ocrx_word' id='word_1_532' title='bbox 1143 2998 1359 3049; x_wconf 77' lang='lat' dir='ltr'>prodigiosa</span> <span class='ocrx_word' id='word_1_533' title='bbox 1381 2995 1589 3033; x_wconf 76' lang='lat' dir='ltr'>confusum</span> <span class='ocrx_word' id='word_1_534' title='bbox 1618 2991 1804 3029; x_wconf 71' lang='lat' dir='ltr'>barbarie.</span> <span class='ocrx_word' id='word_1_535' title='bbox 1829 2990 1868 3025; x_wconf 88' lang='lat' dir='ltr'>ln</span> <span class='ocrx_word' id='word_1_536' title='bbox 1892 2988 1976 3025; x_wconf 75' lang='lat' dir='ltr'>aliis</span> <span class='ocrx_word' id='word_1_537' title='bbox 1999 2988 2088 3024; x_wconf 85' lang='lat' dir='ltr'>inde</span> 
     </span>
     <span class='ocr_line' id='line_1_93' title="bbox 1145 3047 2090 3099; baseline -0.013 -1"><span class='ocrx_word' id='word_1_538' title='bbox 1145 3059 1394 3098; x_wconf 84' lang='lat' dir='ltr'>Bibliotliecis</span> <span class='ocrx_word' id='word_1_539' title='bbox 1432 3054 1617 3093; x_wconf 85' lang='lat' dir='ltr'>incidisse</span> <span class='ocrx_word' id='word_1_540' title='bbox 1655 3054 1690 3088; x_wconf 84' lang='lat' dir='ltr'>in</span> <span class='ocrx_word' id='word_1_541' title='bbox 1728 3050 1804 3088; x_wconf 82' lang='lat' dir='ltr'>duo</span> <span class='ocrx_word' id='word_1_542' title='bbox 1841 3047 2090 3099; x_wconf 57' lang='lat' dir='ltr'>exemplaria</span> 
     </span>
     <span class='ocr_line' id='line_1_94' title="bbox 1142 3110 2090 3170; baseline -0.012 -12"><span class='ocrx_word' id='word_1_543' title='bbox 1142 3118 1447 3170; x_wconf 72' lang='lat' dir='ltr'>atitiqm&#39;ssima,</span> <span class='ocrx_word' id='word_1_544' title='bbox 1487 3127 1541 3152; x_wconf 71' lang='lat' dir='ltr'>er</span> <span class='ocrx_word' id='word_1_545' title='bbox 1569 3112 1712 3163; x_wconf 65' lang='lat' dir='ltr'>quibus</span> <span class='ocrx_word' id='word_1_546' title='bbox 1742 3110 1980 3162; x_wconf 76' lang='lat' dir='ltr'>deprehendi</span> <span class='ocrx_word' id='word_1_547' title='bbox 2018 3123 2090 3149; x_wconf 81' lang='lat' dir='ltr'>non</span> 
     </span>
    </p>
   </div>
   <div class='ocr_carea' id='block_1_6' title="bbox 163 3262 1670 3316">
    <p class='ocr_par' dir='ltr' id='par_1_14' title="bbox 163 3262 1670 3316">
     <span class='ocr_line' id='line_1_95' title="bbox 163 3262 1670 3316; baseline -0.011 -8"><span class='ocrx_word' id='word_1_548' title='bbox 163 3273 197 3314; x_wconf 72' lang='lat' dir='ltr'>a)</span> <span class='ocrx_word' id='word_1_549' title='bbox 220 3275 344 3316; x_wconf 80' lang='lat' dir='ltr'>culpae</span> <span class='ocrx_word' id='word_1_550' title='bbox 366 3274 606 3316; x_wconf 62' lang='lat' dir='ltr'>plagiati-iorum</span> <span class='ocrx_word' id='word_1_551' title='bbox 628 3271 792 3304; x_wconf 70' lang='lat' dir='ltr'>derectum</span> <span class='ocrx_word' id='word_1_552' title='bbox 817 3269 910 3300; x_wconf 87' lang='lat' dir='ltr'>illum</span> <span class='ocrx_word' id='word_1_553' title='bbox 946 3268 1063 3299; x_wconf 83' lang='lat' dir='ltr'>tribuit</span> <span class='ocrx_word' id='word_1_554' title='bbox 1133 3269 1184 3300; x_wconf 80' lang='lat'>33.</span> <span class='ocrx_word' id='word_1_555' title='bbox 1210 3266 1346 3297; x_wconf 75' lang='lat' dir='ltr'>Bulaeus</span> <span class='ocrx_word' id='word_1_556' title='bbox 1363 3265 1497 3295; x_wconf 75' lang='lat' dir='ltr'>centur.</span> <span class='ocrx_word' id='word_1_557' title='bbox 1525 3265 1545 3294; x_wconf 93' lang='grc' dir='ltr'><strong>Ι.</strong></span> <span class='ocrx_word' id='word_1_558' title='bbox 1572 3269 1602 3292; x_wconf 79' lang='lat' dir='ltr'>e.</span> <span class='ocrx_word' id='word_1_559' title='bbox 1619 3262 1670 3292; x_wconf 70' lang='lat'>20.</span> 
     </span>
    </p>
   </div>
   <div class='ocr_carea' id='block_1_7' title="bbox 103 3325 1067 3413">
    <p class='ocr_par' dir='ltr' id='par_1_15' title="bbox 103 3325 1067 3413">
     <span class='ocr_line' id='line_1_96' title="bbox 103 3325 434 3365; baseline 0 -10"><span class='ocrx_word' id='word_1_560' title='bbox 103 3325 238 3357; x_wconf 78' lang='lat' dir='ltr'>vossius</span> <span class='ocrx_word' id='word_1_561' title='bbox 262 3333 338 3365; x_wconf 79' lang='lat' dir='ltr'>pag.</span> <span class='ocrx_word' id='word_1_562' title='bbox 360 3325 434 3356; x_wconf 87' lang='lat'><strong>658.</strong></span> 
     </span>
     <span class='ocr_line' id='line_1_97' title="bbox 161 3368 1067 3413; baseline -0.009 -7"><span class='ocrx_word' id='word_1_563' title='bbox 161 3374 198 3413; x_wconf 86' lang='lat' dir='ltr'>b)</span> <span class='ocrx_word' id='word_1_564' title='bbox 224 3374 310 3408; x_wconf 82' lang='lat' dir='ltr'>Gvil.</span> <span class='ocrx_word' id='word_1_565' title='bbox 335 3373 513 3406; x_wconf 84' lang='lat' dir='ltr'>Nicholson</span> <span class='ocrx_word' id='word_1_566' title='bbox 536 3371 619 3403; x_wconf 82' lang='lat' dir='ltr'>Bibl.</span> <span class='ocrx_word' id='word_1_567' title='bbox 635 3370 870 3402; x_wconf 82' lang='lat' dir='ltr'>historicorum</span> <span class='ocrx_word' id='word_1_568' title='bbox 885 3368 1021 3408; x_wconf 58' lang='lat' dir='ltr'>angliae</span> <span class='ocrx_word' id='word_1_569' title='bbox 1036 3376 1067 3405; x_wconf 88' lang='lat' dir='ltr'>p.</span> 
     </span>
    </p>
   </div>
   <div class='ocr_carea' id='block_1_8' title="bbox 1192 3311 1736 3402">
    <p class='ocr_par' dir='ltr' id='par_1_16' title="bbox 1192 3311 1736 3402">
     <span class='ocr_line' id='line_1_98' title="bbox 1195 3311 1708 3353; baseline -0.014 -5"><span class='ocrx_word' id='word_1_570' title='bbox 1195 3317 1225 3353; x_wconf 86' lang='lat' dir='ltr'>c)</span> <span class='ocrx_word' id='word_1_571' title='bbox 1250 3313 1396 3346; x_wconf 75' lang='lat' dir='ltr'>oudinus</span> <span class='ocrx_word' id='word_1_572' title='bbox 1419 3317 1486 3343; x_wconf 83' lang='lat' dir='ltr'>torn</span> <span class='ocrx_word' id='word_1_573' title='bbox 1523 3313 1542 3342; x_wconf 61' lang='lat'>*2</span> <span class='ocrx_word' id='word_1_574' title='bbox 1564 3320 1640 3351; x_wconf 74' lang='lat' dir='ltr'>pag.</span> <span class='ocrx_word' id='word_1_575' title='bbox 1656 3311 1708 3341; x_wconf 83' lang='lat'>75.</span> 
     </span>
     <span class='ocr_line' id='line_1_99' title="bbox 1192 3360 1736 3402; baseline -0.011 -6"><span class='ocrx_word' id='word_1_576' title='bbox 1192 3366 1225 3402; x_wconf 89' lang='lat' dir='ltr'>d)</span> <span class='ocrx_word' id='word_1_577' title='bbox 1251 3363 1329 3395; x_wconf 68' lang='lat' dir='ltr'>vnde</span> <span class='ocrx_word' id='word_1_578' title='bbox 1351 3364 1494 3393; x_wconf 76' lang='lat' dir='ltr'>caveum</span> <span class='ocrx_word' id='word_1_579' title='bbox 1518 3362 1558 3393; x_wconf 78' lang='lat' dir='ltr'>ad</span> <span class='ocrx_word' id='word_1_580' title='bbox 1582 3364 1641 3392; x_wconf 68' lang='lat' dir='ltr'>An.</span> <span class='ocrx_word' id='word_1_581' title='bbox 1663 3360 1736 3391; x_wconf 69' lang='lat'>020·</span> 
     </span>
    </p>
   </div>
  </div>
 </body>
</html>
