2533 4009
434 209 459 246 8
967 174 973 177 -
1329 208 1530 250 MAGO

433 279 603 324 ditionis,
616 278 946 332 etassiduitatein
964 277 1162 329 sopiendis
1183 278 1387 319 discordiis

435 342 535 378 inter
550 340 758 379 Monachos
772 341 869 378 ortis
880 339 1105 391 diligentiae
1120 352 1165 380 ac
1185 342 1386 393 integrita-

437 403 489 440 tis
513 403 733 453 opinionem
769 413 813 440 ac
851 401 994 440 samam
1015 404 1223 442 meruisse.
1254 404 1388 443 Refert

434 464 536 502 idem
552 475 594 502 se
610 464 894 515 praeterMagni
909 464 1026 514 liujus
1044 470 1083 503 et
1100 465 1389 505 CardinalisJo-

433 527 548 564 annis
564 525 612 564 de
632 527 930 565 Turrecremata
954 526 1150 578 Epistolas
1168 528 1310 566 missas
1331 528 1388 567 ul-

430 592 490 625 tro
518 589 694 636 citroque
713 616 720 631 .
736 587 936 625 evolvisse
955 590 1075 627 etiam
1092 588 1273 640 ejusdem
1300 594 1382 629 tra·

432 649 583 687 etatum
613 647 658 686 (le
688 647 824 687 devoto
857 649 965 688 modo
996 650 1155 690 vivendi
1183 650 1221 689 in
1259 652 1385 690 consi-

434 710 634 749 deratione
665 709 938 759 beneficiorum
962 713 1067 760 DEI,
1098 713 1247 752 seilicet
1275 725 1385 752 crea-

433 772 545 810 tionis
567 803 574 818 ,
599 771 846 812 redemtionis
876 778 914 812 et
954 775 1291 820 conservationis,
1332 779 1369 813 et

434 836 473 872 in
505 833 787 874 discussionem
830 837 1085 875 conscientiae
1132 849 1207 888 per
1247 849 1383 876 veram

431 896 698 935 contritionem
729 901 766 935 et
784 897 944 948 firmum
963 899 1212 949 propositum
1255 910 1382 936 emen-

432 956 554 995 dandi
581 962 618 996 et
645 959 850 1009 confitendi
875 959 921 998 (le
946 960 1121 1011 peccatis
1140 991 1149 1006 ,
1183 959 1237 998 arl
1273 960 1385 998 Chri-

434 1020 624 1058 stol'orum
643 1021 737 1058 DEI
745 1021 879 1071 qratia
896 1022 1046 1059 Daciae
1062 1052 1071 1067 ,
1091 1020 1265 1068 Sveciae,
1284 1021 1385 1058 Nor-

435 1081 584 1131 veyiae,
622 1084 878 1123 Sclavorum.
911 1082 1201 1133 Gotliorumque
1232 1084 1384 1133 Regem.

486 1144 505 1166 ³*
538 1145 743 1182 Diversum
782 1156 800 1181 a
850 1145 946 1182 libro
984 1146 1173 1195 inscripto
1217 1143 1266 1182 de
1305 1156 1385 1183 mo-

434 1205 483 1243 do
513 1205 671 1243 vivendi
702 1205 764 1244 hic
793 1217 814 1244 a
853 1206 1025 1245 Fabricio
1060 1206 1229 1245 indicato
1272 1207 1384 1246 illum

434 1278 522 1305 esse
551 1267 717 1305 arbitror
759 1267 934 1307 libellum
977 1268 1026 1307 de
1073 1268 1186 1307 modo
1226 1269 1384 1308 videndi

433 1329 481 1367 ab
509 1328 646 1367 eodem
678 1328 829 1368 editum
859 1330 1049 1378 authore,
1088 1342 1208 1381 quem
1241 1331 1387 1370 indicat

434 1393 608 1430 hiarium
628 1393 953 1441 Wastenensead
971 1405 1032 1432 an.
1052 1395 1164 1432 4454.
1192 1395 1264 1433 Est
1279 1395 1385 1433 enim

433 1454 529 1493 liber
559 1454 621 1492 ille
652 1453 812 1492 vivendi
858 1456 992 1505 regula
1034 1468 1055 1494 a
1105 1456 1316 1502 fratribus,
1346 1461 1386 1495 et

434 1516 671 1555 monialibus
695 1518 733 1556 S.
772 1519 959 1568 Birgittae
1000 1521 1241 1570 praescripta
1271 1520 1388 1558 Com-

433 1580 541 1617 muni
567 1579 731 1618 fratrum
759 1580 913 1618 illorum
933 1584 973 1618 et
997 1591 1178 1620 sororum
1195 1582 1386 1632 approba-

433 1642 535 1679 tione
560 1645 600 1678 et
623 1642 751 1691 sigillo
776 1647 966 1693 tanquam
993 1643 1154 1680 vivendi
1181 1644 1314 1695 regula
1338 1644 1385 1683 ab

430 1703 613 1742 omnibus
656 1703 854 1743 servanda
895 1705 1089 1743 firmatus.
1135 1707 1235 1745 [laec
1278 1707 1383 1744 enirn

432 1765 516 1815 lego
543 1766 579 1803 in
605 1765 725 1804 diario
752 1766 840 1804 illo:
869 1765 1081 1818 Confessor
1105 1779 1274 1819 maynus
1314 1769 1384 1807 isto

433 1831 601 1878 tempore
625 1826 850 1880 compilavit
871 1828 1028 1867 modum
1047 1829 1207 1869 vivendi
1236 1835 1271 1869 et
1304 1835 1385 1870 sta-

433 1893 512 1927 tum
536 1902 649 1940 quem
673 1893 849 1929 tenerent
868 1889 1094 1943 familiares
1119 1892 1159 1931 in
1179 1894 1308 1942 curia,
1333 1893 1386 1932 si-

431 1964 478 1991 ‘ve
500 1951 652 2005 fratres
681 1956 718 1991 et
744 1964 919 2003 sorores,
949 1953 1019 1993 sed
1037 1958 1171 2005 postea
1198 1967 1272 2006 per
1294 1967 1386 1994 eun-

433 2014 519 2053 dem
544 2018 603 2053 est
624 2014 663 2053 in
678 2013 878 2066 aliquibus
897 2016 1055 2067 punctis
1080 2017 1323 2067 immutatus,
1355 2021 1391 2056 et

433 2077 478 2116 (le
530 2089 625 2116 novo
655 2076 795 2128 siyillis
837 2082 1094 2117 conventuum
1136 2078 1392 2132 approbatus.

432 2140 574 2178 Obitus
594 2141 679 2178 eius
700 2139 785 2178 dics
803 2146 841 2178 et
858 2152 988 2179 annus
1006 2141 1194 2180 delinitur
1215 2142 1262 2180 ibi
1288 2141 1390 2181 4470

434 2203 635 2240 Dominica
665 2203 764 2241 infra
785 2207 967 2242 octavam
989 2205 1029 2242 B.
1058 2205 1257 2242 Laurentii
1284 2204 1392 2242 addi-

435 2269 518 2302 tur:
544 2263 617 2302 Hic
638 2261 718 2316 fuit
740 2263 1001 2305 baccalareus
1031 2266 1070 2304 S.
1108 2265 1331 2317 Theoloqz'ae
1358 2269 1396 2305 et

434 2324 543 2363 ultra
554 2326 616 2364 XX
624 2337 747 2364 annos
765 2330 851 2365 erat
871 2326 1070 2379 confessor
1083 2327 1281 2378 ⁸‹yeneralis
1299 2330 1394 2367 Vaz-

434 2387 641 2426 ztenensis.
666 2387 818 2427 Habuit
833 2389 951 2428 etiam
972 2389 1115 2429 multos
1142 2389 1297 2429 labores
1314 2402 1392 2442 pro

434 2451 729 2489 conservatione
749 2450 900 2490 ordinis
925 2455 1005 2490 tam
1038 2453 1078 2490 in
1111 2453 1227 2491 curia
1252 2455 1392 2492 Roma-

435 2524 508 2560 na,
524 2523 644 2563 quam
660 2512 701 2551 in
715 2514 966 2553 monasteriis
982 2515 1112 2554 nostri
1132 2515 1293 2554 ordinis.
1307 2517 1392 2567 Ipse

434 2574 552 2612 etiam
570 2575 808 2626 procuravit
831 2575 941 2615 nobis
961 2575 1226 2630 defensoriam
1265 2589 1387 2630 super

435 2635 692 2676 revelationes
707 2636 887 2677 coelestes
904 2639 1046 2678 matris
1063 2643 1223 2679 nostrae
1243 2641 1281 2680 S.
1303 2640 1392 2678 Bir-

433 2699 556 2749 yittae
578 2703 716 2737 contra
738 2699 997 2741 adversarios
1035 2705 1072 2739 et
1095 2701 1389 2753 impuqnatores

438 2761 619 2811 ipsarum
647 2760 944 2802 revelationum.
977 2762 1082 2802 Obiit
1099 2767 1231 2802 autem
1269 2776 1332 2803 an.
1365 2776 1391 2803 a

433 2822 678 2875 professione
700 2834 776 2861 sua
797 2823 977 2875 requlari
1001 2824 1062 2864 35.
1094 2825 1113 2847 ³¹*

488 2884 627 2923 MAGO
656 2886 870 2924 Monachus
900 2892 939 2924 et
968 2887 1208 2936 Presbyter,
1240 2898 1290 2925 ex
1321 2898 1388 2926 cu-

436 2947 504 2998 jus
524 2952 616 2986 ante
636 2949 953 2998 quinquennium
971 2953 1055 2987 tum
1076 2947 1250 2987 defuncti
1271 2949 1384 2987 sche-

440 3008 499 3047 dis
534 3008 826 3048 RUDOLPHUS
872 3010 1092 3049 monachus
1141 3009 1381 3054 Fuldensis‚

437 3069 552 3120 jussu
581 3071 726 3109 Rabani
757 3073 905 3121 Mauri,
936 3072 1098 3111 Abbatis
1129 3072 1188 3109 sui
1230 3072 1388 3122 scripsit

444 3131 566 3168 Vitam
589 3134 626 3169 S.
660 3131 800 3172 Liobae
832 3135 999 3183 Virginis
1029 3139 1069 3172 et
1111 3134 1345 3172 Abbatissao
1369 3164 1379 3182 ,

442 3193 586 3232 editam
618 3204 638 3230 a
670 3194 783 3233 Surio
813 3197 875 3234 28,
907 3197 1015 3246 Sept.

498 3336 514 3357 a
554 3329 682 3357 ¹”cnuto
706 3326 912 3359 Maillardum
927 3332 959 3359 et
973 3329 1271 3369 Barlcttumjungit
1286 3331 1391 3359 Fran-

1522 279 1775 329 Antiquiores
1804 286 1898 320 sunt
1926 293 2045 332 quam
2072 287 2116 322 ut
2146 284 2182 322 in
2223 296 2390 336 praesen

1460 346 1541 380 tem
1570 352 1736 380 censum
1768 342 1988 383 referantur
2023 344 2162 384 MAGO
2201 345 2406 397 Ayrimen-

1461 414 1541 452 sor,
1571 415 1621 442 ex
1651 402 1767 453 cujus
1797 403 1906 442 libris
1933 405 2152 457 fragmenta
2185 408 2287 446 inter
2310 410 2406 447 scri-

1463 471 1595 517 ptores
1618 466 1673 504 rei
1688 466 1862 516 agrariae
1879 476 1965 517 pag.
1986 469 2075 508 255.
2092 479 2175 519 seq.
2194 468 2289 508 edit.
2308 470 2408 510 Goe-

1462 529 1623 566 sianae:
1652 531 1692 565 et
1720 526 1862 566 MAGO
1890 527 2253 581 Carthaginiensis,
2282 543 2403 583 quem

1456 588 1726 629 rusticationis
1744 592 1952 640 parentem
1976 593 2146 631 maxime
2172 604 2215 632 se
2239 604 2404 634 venera-

1460 651 1493 689 ri
1524 653 1578 690 ait
1607 652 1853 700 Columella,
1883 655 2056 691 testatus
2097 654 2185 705 ejus
2228 657 2408 695 xxvlll.

1461 713 1661 751 volumina
1691 724 1740 752 ex
1758 714 1931 752 Senatus
1959 715 2141 754 consulto
2161 717 2200 755 in
2218 718 2401 757 Latinum

1457 785 1682 812 sermonem
1707 786 1756 813 ex
1785 774 1933 813 Punico
1958 787 2152 816 conversa
2176 779 2327 828 affuisse.
2352 780 2408 818 De

1457 835 1530 873 hoc
1556 836 1593 873 in
1625 836 1719 874 Bibl.
1752 838 1889 876 Latina
1919 838 1984 876 lib.
2014 840 2051 877 4.
2080 849 2165 890 cap.
2194 840 2230 879 2.

1510 895 1734 935 Richardus
1762 896 1808 936 de
1837 898 2124 939 MAIDESTON
2149 929 2157 948 ,
2190 901 2408 952 (Madston,

1457 956 1682 996 Maidstone
1700 959 1715 1007 )
1735 958 1914 1009 Anglus,
1944 961 2061 1010 cujus
2090 973 2230 1012 poema
2253 962 2300 1002 de
2323 975 2411 1003 con-

1458 1019 1596 1058 cordia
1636 1021 1737 1059 inter
1770 1023 1910 1071 Reqem
1938 1022 2182 1063 Richardum
2211 1028 2248 1063 et
2298 1026 2412 1066 Cives

1459 1081 1721 1122 Londinenses
1759 1082 1833 1122 An.
1867 1084 1968 1122 4393
2004 1090 2188 1125 servatur
2216 1088 2411 1126 Manuscr.

1463 1145 1498 1182 in
1524 1144 1779 1183 Bibliothecis
1800 1145 1976 1195 Angliae,
2002 1147 2105 1186 sicut
2129 1149 2246 1187 etiam
2269 1148 2413 1187 Lectio-

1455 1217 1524 1244 nes
1553 1206 1641 1257 ejus
1661 1212 1701 1245 et
1720 1208 1976 1257 Quaestiones
1995 1221 2086 1248 cum
2114 1210 2413 1250 Determinatio-

1459 1267 1589 1307 nibus.
1620 1270 1698 1308 Nec
1729 1281 1805 1308 non
1837 1271 1960 1310 liber:
1993 1272 2279 1312 Protectorium
2312 1285 2415 1326 pau-

1455 1330 1594 1381 peris,
1621 1332 1658 1369 in
1690 1331 1832 1371 Codice
1847 1332 2066 1372 Bodleiano
2092 1334 2194 1374 3629
2218 1337 2324 1374 varia
2348 1348 2415 1374 va-

1462 1394 1610 1432 riorum
1655 1395 1891 1445 scriptorum
1932 1396 2131 1446 Opuscula
2159 1398 2414 1446 continente,

1461 1456 1524 1493 cui
1554 1456 1724 1495 titulus:
1755 1457 1984 1496 Fasciculus
2015 1459 2260 1498 zizaniorum
2299 1460 2416 1510 Magi-

1461 1519 1532 1555 stri
1561 1519 1619 1556 Jo.
1651 1518 1807 1558 Wiclefi
1837 1531 1927 1558 cum
1961 1521 2103 1559 tritico.
2141 1520 2282 1560 Nescio
2311 1521 2416 1561 unde

1459 1581 1684 1619 constiterit
1713 1581 1869 1620 Oudino
1892 1586 1920 1619 t.
1947 1582 1982 1620 3.
2013 1594 2049 1634 p.
2073 1582 2189 1622 4470.
2204 1583 2325 1635 hujus
2363 1584 2416 1622 fa-

1461 1642 1597 1681 sciculi
1626 1643 1877 1682 collectorem
1908 1644 2031 1683 fuisse
2074 1645 2264 1685 Thomam
2312 1646 2420 1685 Wal-

1459 1704 1625 1743 densem
1653 1716 1723 1744 seu
1751 1707 1976 1747 Netterum.
2000 1707 2135 1758 Neque
2152 1708 2257 1746 enim
2282 1708 2354 1747 hoc
2378 1709 2417 1746 in

1460 1768 1647 1818 Catalogo
1671 1769 2031 1820 Manuscriptorum
2067 1769 2233 1821 Angliae
2266 1782 2302 1821 p.
2328 1769 2416 1810 474.

1460 1830 1731 1880 significatur,
1763 1831 1800 1868 in
1826 1842 1903 1881 quo
1934 1843 2021 1882 pag.
2051 1831 2101 1871 82
2125 1832 2244 1870 etiam
2271 1842 2420 1870 memo-

1461 1897 1574 1931 ratur
1599 1892 1821 1931 Maidstonii
1853 1897 2052 1932 tractatus
2082 1892 2127 1933 de
2149 1891 2279 1932 anule.

1513 1954 1710 1995 Oliverius
1762 1954 1984 1994 MAILARD
2001 1987 2010 2005 ,
2065 1955 2224 1995 Ordinis
2281 1955 2416 1995 Minor.

1469 2017 1646 2056 Vicarius
1676 2018 1907 2067 Generalis,
1933 2017 2145 2057 defunctus
2169 2029 2232 2057 an.
2251 2018 2353 2058 4502
2368 2017 2417 2057 de

1468 2090 1546 2129 qno
1578 2079 1827 2131 Waddingus
1851 2091 1937 2130 pag.
1959 2080 2049 2119 270.
2074 2079 2224 2119 Auctor
2247 2080 2310 2119 ille
2333 2079 2420 2131 plu-

1469 2142 1570 2180 rium
1601 2152 1859 2190 sermonum,
1889 2143 2027 2193 quales
2055 2143 2089 2193 a)
2117 2142 2315 2182 Michaelis
2341 2144 2420 2182 Me-

1468 2204 1577 2252 noti,
1608 2204 1801 2242 Gabrielis
1844 2205 2017 2243 Barlette
2046 2208 2085 2243 et
2121 2205 2336 2244 similium:
2367 2216 2417 2243 ex

1468 2267 1617 2305 minore
1646 2268 1869 2315 Britannia,
1900 2267 2123 2318 Theologus
2159 2267 2417 2317 Parisiensis,

1467 2328 1505 2365 in
1521 2329 1666 2378 quibus
1685 2334 1727 2368 ut
1744 2329 1945 2368 abundare
1966 2329 2203 2381 quandoque
2219 2340 2262 2368 se
2281 2333 2415 2368 osten-

1466 2389 1566 2429 dunt
1605 2392 1786 2442 ingenio,
1817 2393 1869 2430 ita
1899 2393 1921 2431 a
1961 2393 2156 2443 gravitate
2193 2390 2417 2443 Apostolica

1466 2453 1623 2504 longius
1648 2455 1796 2505 passim
1821 2453 2034 2503 recedunt,
2057 2458 2097 2493 et
2116 2453 2165 2492 de
2186 2456 2330 2492 misero
2350 2465 2420 2504 gu-

1468 2520 1577 2555 statu
1607 2515 1797 2567 statuq‘ue
1821 2526 1985 2555 suorum
2010 2520 2234 2567 temporum
2257 2516 2419 2568 insigni-

1466 2582 1550 2616 tum
1578 2578 1786 2628 perhibent
1806 2579 2091 2627 testimonium,
2117 2581 2162 2617 ut
2185 2581 2272 2629 post
2301 2579 2419 2617 chr.

1467 2639 1716 2690 Stephanum
1748 2641 1785 2678 in
1811 2639 1990 2691 pluribus
2013 2640 2107 2678 locis
2123 2639 2331 2690 Apologiae
2347 2650 2416 2690 pro

1464 2700 1684 2751 Herodoto,
1715 2707 1904 2741 notavere
1933 2712 2059 2752 nuper
2097 2700 2318 2751 Theologus
2344 2701 2417 2739 Ba-

1464 2763 1647 2801 sileensis
1690 2763 1859 2802 celebris
1902 2765 2042 2802 Petrus
2083 2763 2242 2813 Roques
2270 2762 2310 2800 in
2346 2763 2416 2801 Pa-

1462 2828 1568 2862 store
1596 2825 1837 2875 Evangelico
1867 2824 2015 2863 Gallice
2040 2823 2145 2863 edito
2169 2824 2284 2863 Basil.
2311 2823 2415 2864 4723

1461 2886 1501 2923 4.
1528 2897 1615 2936 pag.
1646 2886 1721 2924 433
1747 2896 1831 2936 seq.
1856 2890 1898 2924 et
1926 2886 1969 2924 C.
1995 2885 2040 2924 E.
2066 2884 2264 2925 Jordanus
2288 2886 2325 2923 in
2356 2885 2414 2924 hi-

1460 2948 1580 2985 storia
1610 2948 1763 2986 itineris
1785 2949 1845 2986 sui
1870 2948 2073 2995 litterarii,
2099 2947 2235 2986 itidem
2257 2947 2409 2998 vulgati

1460 3008 1605 3047 Gallice
1628 3038 1636 3057 ,
1668 3011 1795 3060 llagae
1819 3010 1929 3049 Com.
1957 3009 2059 3049 4735
2082 3010 2117 3048 8.
2149 3021 2185 3061 p.
2218 3009 2292 3048 462
2322 3020 2404 3059 seq.

1514 3071 1719 3109 Sermones
1742 3070 1788 3109 de
1811 3071 2014 3121 Adventu,
2041 3072 2162 3111 habiti
2199 3082 2262 3110 an.
2293 3071 2408 3110 4494.

1460 3134 1497 3171 in
1523 3134 1670 3184 templo
1695 3136 1732 3173 S.
1763 3136 1925 3172 Joannis
1955 3134 2003 3172 de
2032 3135 2200 3180 Gravia,
2230 3131 2407 3183 prodiere

1460 3196 1579 3233 Paris.
1613 3196 1712 3234 4507
1742 3200 1781 3234 et
1819 3197 1920 3235 4545
1950 3196 1987 3234 8.
2023 3206 2113 3235 cum
2154 3194 2403 3234 sermonibus

1454 3329 1561 3360 ciscus
1585 3329 1817 3362 Crucimanius
1836 3338 1856 3368 p
1887 3329 1960 3361 527.
1977 3323 2200 3360 Bibliothecae
2217 3326 2372 3359 Gallicae.
