2533 4009
428 222 506 260 332

483 291 495 327 Ι
532 289 584 325 De
623 281 985 322 I’raedestinatione
1021 279 1218 318 adversus
1258 279 1379 318 Gocle-

425 349 623 390 schalctcm
636 342 832 396 Epistolae
853 341 1001 388 tres‚ad
1020 340 1377 391 Notingu‘rnEpisc.

424 414 719 450 veronensem,
751 409 789 441 et
819 402 1118 441 Ileberhardum
1150 403 1328 449 Ducem,
1356 413 1378 440 a

424 475 502 510 Jac.
529 465 734 507 Sirmondo
759 464 887 502 editae
909 464 1028 501 Paris.
1055 462 1170 501 4647.
1203 464 1237 500 8.
1270 468 1310 500 et
1341 464 1378 500 in

425 530 617 581 Operibus
635 525 875 574 conjunctim
902 524 1019 564 editis
1040 529 1135 563 tom.
1160 525 1205 563 Il.
1231 536 1267 575 p.
1289 525 1377 563 985.

425 595 460 629 in
495 589 644 639 [ghelli
676 587 782 625 Italia
808 597 918 625 saera
959 591 1055 625 tom.
1085 587 1149 625 III.
1181 586 1274 624 edit.
1314 597 1382 624 no-

425 663 497 690 vae
527 663 562 700 p.
603 648 692 688 592.
739 648 827 686 608.
861 650 898 686 in
930 648 1170 686 Auctoribus
1213 647 1378 686 Gilberti

420 713 616 761 Mauguini
662 710 710 748 de
755 709 1127 748 Praedestinatione
1164 713 1204 748 et.
1252 710 1378 760 gratia

424 780 527 813 tomo
558 774 583 810 1.
617 777 715 822 part.
748 773 774 810 1.

475 836 512 873 2.
536 832 653 872 Liber
677 836 817 871 contra
840 832 1013 871 Juclaeos
1035 863 1042 880 ‚
1067 844 1087 870 a
1112 834 1216 870 Petr.
1241 833 1379 870 Franc.

421 897 618 937 Chiffletio
648 895 781 933 editus
811 896 976 933 Divione
1008 894 1122 933 4656.
1147 894 1180 942 a)
1209 892 1384 943 Agobar-

422 959 458 996 di
489 969 578 996 osse
609 959 750 996 statuit
778 957 1025 995 Mabillonius
1056 957 1093 993 in
1119 957 1263 994 Itinere
1288 956 1385 994 Bur-

421 1019 591 1071 gundico
620 1030 657 1069 p.
697 1020 758 1057 49.
790 1018 863 1055 Alii
899 1023 1033 1056 tamen
1064 1017 1249 1055 Amuloni
1279 1015 1387 1066 Lug-

422 1081 593 1120 dunensi
637 1080 803 1117 tribunt.
834 1079 949 1117 Plura
980 1079 1099 1117 habet
1137 1079 1386 1116 Mabillonius

421 1145 459 1181 in
487 1143 621 1192 Elogio
650 1141 797 1180 Rabani
822 1152 858 1191 p.
900 1141 963 1177 39.
997 1140 1128 1178 Alium
1168 1140 1387 1190 genuinum

423 1205 584 1243 Rabani.
609 1208 747 1242 contra
776 1201 951 1241 Judaeos
991 1202 1135 1241 librum
1179 1200 1391 1240 ediderunt

421 1268 597 1305 Martene
621 1271 661 1304 et
683 1265 845 1304 Durand
870 1265 1074 1303 Thesauro
1104 1265 1254 1302 noviss.
1294 1267 1390 1301 tom.

423 1329 449 1366 I.
477 1340 512 1379 p.
535 1327 699 1366 lto-594.

480 1392 516 1429 3·
548 1387 749 1441 Opuscula
778 1387 883 1435 duo,
913 1398 1037 1425 unum
1061 1386 1107 1425 do
1139 1385 1392 1438 Chorepisco-

424 1452 509 1503 pis,
548 1450 720 1489 alterum
758 1448 804 1487 cle
840 1449 1065 1487 reverentia
1091 1447 1268 1498 filiorum
1297 1459 1394 1498 erpa

423 1516 613 1564 parentes
642 1515 681 1549 et
707 1509 957 1550 subditorum
982 1520 1079 1560 erya
1116 1520 1256 1559 reyes,
1287 1509 1393 1547 edita

427 1580 523 1614 sunt
544 1586 565 1612 a
590 1574 750 1612 Baluzio
775 1572 823 1611 ad
847 1572 997 1610 calcem
1023 1583 1187 1621 operum
1214 1572 1315 1609 Petri
1348 1571 1395 1608 de

433 1639 560 1676 Marcei
592 1640 688 1673 torn.
719 1635 745 1671 Ι.
777 1646 814 1684 p.
844 1633 934 1671 285.
966 1634 1033 1670 Hic
1058 1633 1155 1670 liber
1179 1643 1199 1670 a
1232 1631 1397 1670 Rudolfo

434 1697 698 1737 Collectarum
739 1695 972 1745 appellatur.
1004 1695 1117 1732 Prius
1156 1694 1395 1743 opusculum

430 1760 553 1798 habes
577 1759 697 1796 etiam
729 1762 808 1795 tom
836 1757 877 1794 V.
904 1756 1175 1794 Conciliorum
1207 1755 1396 1794 Harduini

430 1832 515 1872 pag.
544 1819 658 1859 4417.

486 1883 521 1920 4.
545 1879 724 1932 Epistola
746 1879 801 1918 ad
824 1877 1108 1930 Reqinbaldum
1140 1878 1397 1929 Clzorepisco-

431 1954 554 1995 pum,
580 1954 613 1981 a.
641 1943 732 1980 848.
754 1945 791 1979 et
814 1939 1054 1991 Opusculum
1081 1940 1126 1979 de
1146 1939 1398 1991 Chorepisco-

431 2016 574 2057 porum
615 2001 932 2041 ordinationibus
961 2007 1123 2040 exstant
1161 2006 1255 2040 tom.
1296 2003 1394 2040 VIII.

436 2066 702 2105 Conciliorum
728 2077 765 2115 p.
791 2064 905 2104 1845.
932 2064 1023 2102 edit.
1050 2065 1218 2114 Regiae,
1241 2068 1281 2101 et
1304 2068 1399 2101 tom.

438 2129 483 2165 V.
507 2126 695 2166 Harduini
728 2139 764 2177 p.
793 2127 910 2165 4444.
935 2127 972 2163 in
1005 2126 1299 2176 Capitularibus
1328 2127 1400 2163 Ba-

439 2190 531 2228 luzii
557 2194 663 2227 tomo
686 2189 717 2226 lI
758 2199 794 2238 p.
823 2187 936 2226 4378.

491 2251 527 2290 5.
561 2251 745 2288 Ροὲηιαῑα
769 2248 990 2300 quaedam,
1016 2249 1064 2288 ab
1089 2248 1229 2287 eodem
1254 2248 1393 2287 Misell.

439 2318 532 2350 tom.
564 2313 625 2350 IV.
653 2324 688 2362 p.
715 2312 804 2349 553.

492 2374 530 2412 6.
565 2371 681 2411 Liber
706 2372 752 2410 de
777 2373 965 2424 Computo
987 2371 1202 2423 (liyitorum
1221 2401 1231 2416 ,
1254 2371 1398 2410 ibidem

447 2435 522 2474 sub
549 2436 705 2473 initium
728 2439 823 2473 tom.
849 2436 875 2473 I.
907 2435 1043 2474 Codex
1072 2436 1148 2474 MS.
1179 2436 1333 2473 auctior
1360 2438 1400 2472 et

447 2497 626 2537 iconibus
672 2498 895 2535 necessaris
931 2497 1156 2535 illustratus
1184 2501 1246 2534 est
1277 2495 1398 2546 Lugd.

380 2588 384 2591 .
445 2561 580 2597 Batav.
607 2558 725 2608 apud.
744 2558 975 2596 Federicum
997 2559 1181 2607 Faciam,
1207 2557 1402 2598 edendus.

444 2627 487 2660 ut
508 2622 710 2659 Fabricius
742 2624 877 2658 noster
904 2621 1083 2668 notavit,
1109 2631 1129 2658 a
1160 2619 1316 2658 Gabriel
1348 2618 1401 2657 du

445 2685 577 2730 Mont,
603 2682 866 2721 Roterodami.

500 2744 538 2782 7.
562 2745 608 2781 In
630 2742 776 2782 librum
792 2744 939 2781 Josuae
961 2742 1080 2782 libros
1103 2743 1175 2780 III.
1193 2742 1405 2781 ediderunt

446 2808 621 2844 Martene
635 2810 676 2844 et.
690 2805 852 2844 Durand
869 2804 1121 2843 Collectionis
1136 2805 1405 2855 amplissimae

446 2874 542 2906 tom.
566 2869 634 2907 IX.
658 2879 693 2917 p.
719 2866 808 2905 667.
831 2878 955 2915 quum
981 2866 1172 2904 Rudolfus
1197 2865 1407 2915 presbyter

451 2931 488 2966 in
516 2931 597 2967 vita
622 2928 770 2968 Rabani
801 2939 833 2966 c.
865 2929 902 2966 9.
933 2930 1133 2978 quatuor,
1163 2927 1407 2964 Trithemius

450 3000 544 3028 vero
580 2993 616 3028 in
657 2989 796 3029 eadem
824 2991 905 3027 vita
943 2990 1006 3027 III.
1047 2990 1082 3026 3.
1121 2988 1220 3027 duos
1250 2991 1405 3026 tantum

456 3057 658 3089 memoret.

507 3114 542 3150 8.
570 3112 744 3164 Epistola
768 3113 822 3151 ad
845 3112 1044 3164 qu‘lonem
1068 3112 1114 3151 de
1140 3110 1409 3158 Eucharistia,

457 3173 557 3221 apud
605 3176 869 3214 mabillonium
916 3176 1001 3214 Sec.
1047 3176 1111 3214 IV.
1153 3173 1410 3213 Benedictino

368 3277 379 3285 l
460 3238 556 3281 part.
582 3235 617 3270 2.
649 3248 683 3284 p.
710 3238 798 3275 594.

516 3309 548 3346 a)
572 3311 699 3347 litigius
721 3313 758 3343 de
783 3315 993 3346 Bibliothecis
1012 3317 1073 3347 PP.
1098 3324 1133 3354 p.
1160 3314 1234 3346 684.

1251 206 1596 247 RABANUS

1506 277 1541 313 9.
1569 275 1809 327 Opusculum
1833 276 1878 315 de
1904 276 2087 328 passione
2113 274 2295 320 Domini,
2337 274 2418 313 edi—

1452 342 1539 374 tum
1565 341 1658 374 tom.
1684 337 1745 375 IV.
1783 337 1973 376 Thesauri
2005 337 2213 376 novissimi
2251 336 2405 375 Peziani

1457 402 1555 448 part.
1580 398 1618 437 2.
1639 409 1674 447 p.
1707 399 1769 436 47.

1511 457 1573 495 10.
1604 455 1854 495 Glossarium
1877 457 2308 504 Latino-Theotimum,
2337 466 2416 494 non

1458 520 1493 556 in
1521 522 1600 556 tota
1617 518 1762 565 Biblia‚
1783 522 1827 556 ut
1849 519 1989 557 volunt
2007 519 2240 559 Lambecius
2261 523 2302 558 et
2322 518 2419 558 Nes-

1459 580 1608 626 selius‚
1645 579 1715 618 sed
1756 580 1792 617 in
1830 580 1979 618 multas
2017 581 2344 628 vocesssiblicas
2378 583 2419 617 et

1457 642 1625 680 aliorum
1657 651 1815 691 quoque
1837 641 2070 679 Auctorum.
2094 642 2305 692 specimen
2330 640 2418 692 ejus

1454 707 1591 741 exstat
1621 702 1725 753 apud
1754 702 2005 740 Lambecium
2027 701 2076 739 de
2099 703 2199 741 Bibl.
2222 702 2418 740 Vindobo—

1455 765 1569 802 nensi
1600 765 1644 801 II.
1671 776 1706 814 p.
1735 763 1823 802 445.
1846 762 1972 810 Majus
1996 761 2196 813 Spectmen
2219 762 2328 801 dedit
2356 764 2416 800 Jo.

1456 826 1728 863 Diecmannus
1749 854 1757 873 ‚
1778 824 2049 863 Ecclesiarum
2073 824 2350 861 Bremensium
2375 833 2420 861 ao

1457 886 1722 925 Verdensium
1753 883 2124 936 Superintendens,
2160 883 2267 934 quod
2300 884 2420 922 etiam

1461 948 1759 986 Commentario
1779 958 1854 985 non
1875 945 2169 985 contemnendo
2195 945 2423 991 illustravit,

1461 1011 1628 1048 Bremae
1661 1008 1776 1047 1724.
1798 1006 1833 1045 [ι.
1860 1009 2062 1058 Integrum
2095 1018 2190 1046 vero
2213 1006 2337 1046 edidit
2360 1007 2419 1044 Jo.

1463 1069 1658 1120 Georgius
1683 1068 1887 1108 Eccardus
1917 1080 2051 1107 rerum
2081 1069 2362 1107 Francicarum
2393 1072 2420 1105 t.

1466 1134 1511 1171 II.
1539 1144 1627 1183 pag.
1649 1131 1839 1170 950—976.

1526 1196 1587 1233 41.
1619 1194 1829 1231 'l'ractatus
1858 1190 1905 1229 de
1928 1192 2188 1231 Sao-ramento
2227 1188 2429 1228 Euchari-

1467 1256 1566 1295 stiae
1590 1256 1700 1294 libris
1733 1255 1842 1294 LVII.
1872 1258 2089 1302 constans,
2120 1252 2252 1291 editus
2281 1255 2344 1290 est
2372 1261 2423 1289 ex

1469 1318 1679 1357 Cuthberti
1710 1315 1897 1355 Tonstalli
1920 1344 1928 1364 ,
1955 1314 2237 1353 Dunelmensis
2265 1314 2429 1364 Episco—

1470 1381 1531 1430 pi,
1571 1378 1811 1418 Bibliotheca
1848 1376 2011 1426 ‚Colon.
2042 1375 2149 1427 apud
2178 1375 2222 1413 Jo
2253 1375 2429 1421 Quente-

1471 1443 1568 1480 lium
1610 1441 1726 1480 4551.
1758 1439 1926 1477 docente
1949 1438 2104 1476 Oleario
2141 1437 2238 1476 Bibl.
2276 1437 2428 1476 Eccles.

1476 1503 1520 1540 II.
1547 1514 1584 1551 p.
1616 1502 1704 1540 442.

1528 1564 1589 1602 12.
1622 1561 1840 1601 Versiculos
1864 1560 1918 1599 acl
1938 1559 2191 1599 Grimaldum
2209 1559 2333 1600 edidit
2355 1562 2431 1600 Ma-

1473 1626 1657 1664 billonius
1682 1624 1859 1662 Analect.
1890 1628 1983 1661 tom.
2010 1624 2072 1662 lV.
2097 1634 2184 1673 pag.
2214 1623 2303 1663 326.
2334 1622 2427 1661 edit.

1476 1698 1602 1725 novae
1633 1698 1669 1736 p.
1703 1687 1777 1725 449

1529 1751 1589 1788 43.
1622 1746 1802 1798 Epistola
1827 1746 2035 1798 Synoclalis
2067 1747 2280 1797 prolixior,
2305 1757 2327 1785 a
2351 1746 2435 1785 Sir-

1476 1811 1620 1849 mondo
1650 1810 1756 1848 edita
1776 1815 1838 1848 cst
1862 1821 1896 1848 a.
1928 1809 2042 1848 4647.
2070 1809 2166 1848 Vide
2195 1812 2351 1848 tomum
2381 1809 2431 1847 ll.

1475 1875 1650 1924 Operum
1677 1884 1713 1922 p⁴
1749 1872 1863 1911 4295.
1889 1882 2014 1921 quum
2035 1869 2166 1909 altera
2199 1870 2356 1909 brevior
2386 1869 2435 1908 ad

1474 1937 1729 1973 llincmarum
1753 1936 1992 1973 Remensem
2013 1937 2106 1972 ante
2137 1933 2175 1971 in
2201 1934 2320 1972 tomis
2335 1933 2438 1973 Con-

1476 1997 1654 2035 ciliorum
1687 1996 1791 2034 edita
1824 1997 1952 2034 fuerit.

1801 2056 1931 2107 Opera
1957 2055 2118 2094 inedita.

1535 2122 1568 2158 4.
1595 2119 1918 2159 Commentarius
1950 2119 1990 2157 in
2014 2119 2114 2157 Acta
2138 2116 2435 2169 Apostolorum‚

1479 2183 1516 2219 in
1549 2182 1645 2219 Bibl.
1676 2182 1840 2231 Collegii
1869 2181 2120 2220 Balliolensis
2149 2181 2275 2220 Oxon.

1532 2245 1567 2283 2.
1599 2245 1653 2282 De
1681 2243 1765 2282 vila
1789 2244 1829 2283 S.
1852 2242 2008 2282 Mariae
2031 2240 2290 2293 Mayclalenae
2315 2239 2430 2289 liber,

1479 2307 1514 2344 in
1546 2306 1709 2356 collegio
1739 2306 2033 2356 Magdalenensi
2063 2304 2190 2342 Oxon.

1532 2368 1566 2406 3.
1600 2367 1808 2418 Eoepositio
1838 2365 1884 2404 cle
1917 2364 2109 2404 paschate
2137 2367 2175 2403 et
2208 2363 2318 2416 Aqno
2365 2365 2440 2402 Pa-

1471 2429 1622 2477 sclzali,
1656 2431 1692 2467 in
1724 2429 1895 2479 Collegio
1926 2429 1964 2467 S.
1996 2426 2197 2465 Benedicti
2229 2426 2415 2467 Cantabr.

1532 2494 1566 2530 4.
1598 2489 1843 2541 Eoeplanatio
1874 2489 1914 2528 in
1933 2488 2109 2528 Jesaz‘am
2131 2518 2139 2537 ‚
2167 2489 2203 2526 in
2228 2487 2326 2526 Bibl.
2362 2499 2442 2526 mo·
2466 2485 2474 2490 ’

1478 2554 1638 2593 nasterii
1671 2552 2025 2591 Heilsbrunnensis
2060 2551 2098 2588 in
2121 2551 2359 2598 Franconia,
2385 2554 2442 2588 te-

1477 2621 1538 2655 ste
1569 2615 1743 2655 IIockero
1774 2616 1811 2652 in
1843 2614 2029 2663 Catalogo
2056 2612 2162 2651 illius
2192 2612 2288 2650 Bibl.
2312 2623 2350 2662 p.
2378 2612 2438 2650 44.

1531 2679 1569 2718 5.
1599 2679 1712 2717 Liber
1740 2677 1789 2716 ad
1816 2675 2061 2714 Ludovicum
2084 2675 2184 2724 Imp.
2207 2672 2254 2712 de
2278 2671 2440 2712 oblatio-

1479 2753 1525 2780 ne
1554 2750 1773 2791 puerorum
1797 2735 2015 2776 secundum
2039 2734 2229 2787 Reyulam
2260 2736 2300 2775 S.
2324 2735 2444 2774 Bene·-

1481 2802 1587 2842 dicti.
1617 2802 1694 2841 MS.
1725 2803 1761 2839 in
1795 2798 2037 2838 Bibliotheca
2067 2798 2283 2837 Mellicensi

1536 2866 1572 2903 6.
1592 2861 1769 2914 Epistola
1784 2858 2046 2899 consolatoria
2061 2858 2116 2897 ad
2131 2858 2322 2898 Eundem.
2337 2860 2440 2898 Haec

1483 2927 1561 2965 duo
1592 2928 1785 2964 memorat
1815 2922 2008 2964 liudolfus
2038 2922 2075 2959 in
2108 2922 2189 2960 vita
2217 2921 2378 2960 Rabani.

1538 2988 1574 3025 7.
1607 2985 1894 3025 Commentarii
1919 2985 1960 3022 in
1987 2984 2152 3022 Josuam
2175 3012 2184 3031 ‚
2214 2980 2387 3021 Esdram
2404 2985 2443 3020 et

1485 3049 1739 3096 Nehemzam‚
1774 3046 1962 3094 Tobz‘am‚
2005 3043 2103 3094 Job,
2147 3043 2440 3093 Ecclesiasten,

1485 3117 1524 3150 et
1555 3112 1728 3161 reliquos
1745 3110 1880 3149 Libros
1896 3108 2083 3147 bibliocos
2098 3137 2108 3155 ,
2125 3107 2193 3157 qui
2210 3117 2331 3157 supra
2350 3116 2445 3144 non-
2515 3157 2523 3165 ι

1486 3173 1581 3213 dum
1600 3173 1827 3211 adfuerunt.

1541 3236 1576 3273 8.
1608 3236 1661 3272 De
1691 3232 1810 3272 rebus
1827 3232 1949 3281 qestis
1964 3243 1989 3269 a
2011 3228 2220 3276 Lotharz'o,
2247 3226 2439 3266 Ludovico
