2533 4009
465 212 541 246 508

462 280 523 313 est
551 284 640 311 cum
670 262 1203 314 StephanoArchiepiscopo
1230 259 1401 295 Antiba—

464 340 584 379 rensi,
613 337 660 370 de
681 341 756 378 quo
777 327 966 365 Biblioth.
988 325 1126 361 noster
1144 323 1230 368 jam
1259 322 1403 367 egerat

461 399 641 444 superius
672 394 718 427 V.
752 389 984 438 Stephanus
1013 384 1320 429 Antibarensis,
1357 384 1404 418 ut

458 470 505 496 ex
525 459 642 494 titulo
663 452 868 489 Sermonis
888 457 1007 495 quem
1038 455 1160 492 supra
1189 445 1402 490 descripsi,

457 522 502 558 de
521 519 610 565 fida
639 515 786 552 eontra
822 511 998 547 Tarcas.

507 575 804 616 STEPHANUS
839 571 1118 609 Tor-nacensis
1160 570 1401 615 Episcopus,

459 643 589 689 patria
618 636 942 681 Aurelianensis,
987 630 1167 681 primum
1207 642 1242 670 3.
1288 629 1405 666 1165.

454 703 626 739 Aureliae
657 702 699 736 in
731 697 978 734 monasterio
1010 696 1048 732 S.
1081 694 1244 730 Evurtii
1270 694 1404 729 Cano-

453 767 565 801 nicus
586 761 820 808 Regularis,
842 759 935 805 post
955 759 1104 795 Abbas.
1129 766 1163 792 a.
1188 755 1305 792 1177.
1328 755 1401 791 Ab.

451 828 521 863 bas
544 826 582 861 S.
605 825 832 860 Genovevae
854 822 1038 865 Parisiis,
1060 830 1096 856 a.
1122 819 1239 855 1190.
1259 826 1397 854 comes

453 888 630 934 Philippi
653 885 831 932 Augusti
861 885 903 919 111
920 885 1076 919 terram
1109 881 1312 923 sanctam,
1347 888 1382 913 a.

453 952 553 988 1192
569 951 794 996 Episcopus
809 946 1094 989 Tornacensis,
1110 942 1213 980 obiit
1238 951 1273 976 a.
1296 940 1400 976 1200

457 1014 662 1050 Habemus
706 1011 794 1055 ejus
846 1008 1057 1055 Epistolas
1107 1002 1402 1042 CCXXXVIII.

448 1084 548 1122 quas
576 1075 611 1109 J.
643 1073 684 1108 B.
716 1073 926 1108 Massonus
957 1070 1115 1115 primus
1155 1066 1264 1103 eruit
1304 1065 1403 1111 Epi-

449 1138 566 1174 stolis
594 1134 778 1172 Ger-berti
806 1133 847 1170 et
876 1131 1048 1167 Joannis
1080 1127 1402 1165 sarisburiensis

448 1199 575 1236 edidit
603 1198 732 1234 Paris.
766 1195 881 1231 1611.
914 1195 950 1229 4.
981 1193 1074 1229 inde
1106 1193 1149 1228 111
1181 1190 1280 1228 Bibl.
1325 1190 1399 1225 ΡΡ.

450 1259 664 1306 aliquoties
694 1258 791 1294 sunt
820 1256 1035 1303 repetitae:
1067 1253 1172 1301 post.
1195 1253 1278 1289 XL.
1310 1253 1401 1288 ine-

451 1324 551 1359 ditis
581 1319 847 1367 locupletavit
875 1319 916 1355 et
945 1318 1080 1354 denuo
1110 1315 1241 1352 edidit
1281 1313 1403 1350 Clau-

449 1385 540 1420 dius
569 1384 622 1419 du
654 1381 834 1427 Molinet,
863 1380 991 1416 Paris.
1026 1377 1143 1414 1682.
1175 1377 1211 1412 8.
1235 1376 1404 1423 Episto-

451 1447 532 1482 lam
564 1453 690 1481 anam.
720 1443 771 1479 ad
800 1441 1071 1478 Willielmum
1094 1439 1205 1484 AEp.
1229 1437 1405 1473 Remen-

452 1517 539 1543 sem
567 1505 698 1542 edidit
719 1503 860 1550 Steph.
891 1502 1080 1538 Baluzius
1101 1501 1211 1536 Misc.
1238 1501 1350 1535 tomo
1374 1498 1404 1533 1.

456 1578 551 1615 pag.
582 1567 672 1603 420.

507 1630 619 1665 Alias
649 1630 784 1674 plures
812 1627 973 1663 Miraeus
1003 1635 1072 1662 seu
1103 1624 1240 1671 potius
1262 1623 1404 1660 Conti-

456 1691 598 1727 nuator
629 1691 756 1734 illius,
789 1689 888 1735 Opp.
911 1689 1080 1734 diplom.
1102 1688 1201 1724 tom.
1234 1686 1283 1722 ΙΙ.
1309 1695 1403 1732 pag.

453 1754 544 1789 888.
592 1752 682 1788 981.
727 1751 843 1788 1197.
888 1751 1002 1786 1200.
1044 1750 1161 1786 1201.
1201 1749 1286 1785 tom
1338 1747 1404 1783 ΙΙΙ.

458 1825 553 1862 pag.
585 1814 674 1850 364.
695 1813 786 1850 579.

515 1877 659 1913 Sermo
688 1876 735 1912 ae
770 1875 812 1912 S.
852 1874 1044 1920 Geraldo,
1085 1873 1241 1910 Abbate
1285 1872 1408 1909 Silvae

462 1939 630 1974 maioris
660 1938 696 1973 ie
726 1937 960 1982 Aquitania,
992 1945 1064 1982 pro
1092 1935 1214 1971 officii
1255 1935 1411 1980 proprii

457 2000 699 2036 lectionibus
728 1999 997 2044 compositus,
1027 1997 1166 2034 exstat
1206 1998 1249 2032 iu
1290 1996 1408 2032 Actis

458 2061 696 2096 Sanctorum
725 2061 823 2095 tom.
857 2060 886 2094 I.
917 2061 1046 2106 April.
1079 2070 1115 2105 p.
1147 2059 1236 2096 430.

510 2122 570 2157 Ad
590 2123 744 2158 inedita
767 2122 972 2167 pertinent
989 2120 1207 2158 Sermones
1230 2123 1268 2158 et
1296 2121 1410 2158 Com-

456 2187 576 2222 ment.
609 2186 651 2221 in
674 2186 895 2222 Decretum
921 2183 1135 2228 Gratiani,
1158 2193 1246 2229 quae
1268 2184 1407 2220 Claud.

452 2248 503 2283 du
534 2247 701 2281 Molinet
727 2246 907 2282 editione
938 2246 1113 2291 indigna
1139 2246 1313 2290 judicat.

508 2309 627 2343 Plura
657 2308 746 2343 vide
779 2307 888 2353 apud
920 2307 1104 2343 Caveum
1135 2318 1173 2352 p.
1207 2306 1298 2343 600.
1328 2307 1408 2343 Bu-

456 2372 575 2405 larum
597 2369 695 2404 hist.
719 2368 944 2405 Universit.
969 2369 1212 2405 parisiensis
1232 2369 1333 2405 tom.
1356 2369 1406 2405 II.

454 2441 549 2476 pag.
592 2431 681 2466 774.
725 2431 801 2466 Val
843 2431 1051 2466 Andream
1094 2430 1197 2467 Bibl.
1238 2432 1407 2478 Belgica

457 2503 492 2537 p.
525 2492 615 2528 817.
648 2492 852 2528 Oudinum
883 2492 996 2529 tomo
1026 2493 1076 2528 II.
1109 2503 1147 2538 p.
1181 2492 1298 2529 1647.

506 2555 806 2590 STEPHANUS
837 2556 1078 2591 monasterii
1114 2555 1156 2592 S.
1195 2555 1406 2594 Tradonis

463 2617 697 2661 monachus,
728 2618 1064 2664 congregationis
1111 2618 1407 2665 Cluniacensis,

460 2679 563 2712 vixit
594 2680 668 2714 sub
698 2678 822 2715 finem
864 2681 991 2716 seculi
1030 2680 1099 2715 XI.
1141 2682 1408 2726 consignavit

454 2739 664 2776 Miraczcla
688 2750 767 2786 per
790 2741 833 2777 S.
865 2741 1098 2778 Tradonem
1116 2743 1157 2778 in
1180 2743 1404 2779 memorato

460 2802 642 2837 cfflnobio
664 2803 771 2837 sacta
791 2804 842 2839 ab
861 2813 899 2838 a.
935 2803 1047 2840 1055.
1077 2805 1127 2839 ad
1152 2805 1266 2841 1082.
1299 2807 1404 2842 Vos-

454 2866 536 2898 sius
566 2864 614 2899 de
646 2864 796 2899 Histor.
829 2865 987 2901 Latinis
1017 2876 1053 2912 p.
1085 2866 1177 2902 380.

506 2924 804 2961 STEPHANUS
819 2926 865 2963 cle
885 2927 1094 2972 Vernesia,
1115 2928 1247 2964 dict-us
1276 2929 1403 2966 etiam

454 2986 850 3032 Autissiodorensis,
903 2988 997 3024 Ord.
1053 2990 1401 3037 Praedicatorum,

455 3045 686 3092 'I'heologize
718 3048 917 3094 Magister
946 3051 1155 3087 Parisinus
1190 3063 1253 3089 an.
1285 3054 1401 3090 1248.

456 3107 624 3151 Scripsit
657 3109 874 3148 Sermones
894 3113 1063 3158 aliquot.
1087 3114 1169 3149 Jac.
1194 3115 1334 3158 Quetlf
1352 3117 1402 3153 de

459 3166 725 3211 Seriptoribusv
758 3171 849 3208 Ord.
894 3174 1209 3212 Praedicatorum
1239 3176 1338 3214 tom.
1372 3178 1399 3213 Ι.

467 3236 558 3270 pag.
593 3229 680 3264 120,

514 3287 807 3327 STEPHANUS
845 3296 1116 3342 Ventus-atus,
1161 3300 1400 3348 patavinus,

1288 189 1591 227 STEPHANUS

1473 256 1747 304 Philosophus
1767 256 1809 294 et
1831 257 1970 306 Poeta,
1993 259 2134 296 Scriba
2155 256 2335 306 Capituli
2365 267 2434 296 ec·

1472 321 1609 357 clesiae
1622 320 1882 357 Cathedralis
1902 323 1945 358 in
1965 323 2063 359 urbe
2084 320 2234 367 patria.
2267 320 2435 367 scripsit

1472 382 1650 419 Annales
1663 382 1710 419 de
1725 382 1848 419 rebus
1863 384 1901 420 et
1913 385 2044 431 qestis
2063 382 2234 421 Patavii
2254 383 2306 420 ab
2325 392 2434 419 anno

1478 444 1596 480 1184.
1629 443 1746 481 1523.
1775 453 1876 490 quos
1918 445 2187 483 Scardeonius
2226 444 2432 492 possedit:

1481 506 1699 543 Orationes
1728 507 1900 552 multas,
1929 516 2102 553 quarum
2131 508 2219 545 tres
2255 506 2437 545 celebrat

1476 569 1698 614 Pignorius
1727 568 1925 605 adversus
1945 570 2217 607 Aristotelem
2237 581 2311 617 pro
2341 571 2436 607 Pla-

1473 630 1582 676 tone,
1624 629 1936 668 Commentaria
1976 632 2023 668 in
2067 640 2202 669 omnes
2244 632 2436 670 Platonis

1474 695 1680 741 Dialoqos,
1702 694 1741 730 et
1762 694 1807 730 in
1820 693 2086 730 Periarolion
2103 693 2312 741 Ormeni-s,
2332 692 2438 731 Gar·-

1472 766 1564 794 men
1594 757 1806 794 keroioam
1834 756 2106 802 inscriptam,
2127 755 2316 792 Platonis
2333 755 2438 803 Apo-

1471 820 1636 864 theosis,
1667 819 1707 855 et
1736 818 2064 866 Epiqrammata
2103 818 2250 856 multa.
2293 816 2437 854 Italice

1470 882 1691 928 Dialoqam
1721 881 1769 918 de
1810 881 1935 928 officio
1978 879 2158 918 Scribae
2203 880 2437 918 Praetorii.

1472 943 1583 981 Obiit
1606 943 1775 988 juvenis
1804 952 1840 978 3.
1875 940 1991 979 1528.
2023 941 2172 979 Confer
2194 941 2439 979 Scardeonii

1473 1005 1755 1052 Antiquitates
1785 1005 2008 1041 Patavinas
2039 1003 2088 1040 11.
2112 1005 2177 1041 10.
2208 1015 2248 1052 p.
2278 1005 2372 1042 241.
2396 1005 2439 1042 et

1477 1068 1631 1105 Nicolai
1661 1067 1858 1104 Comneni
1887 1067 2142 1114 Papadopuli
2170 1067 2277 1104 Hist.
2307 1066 2440 1115 Gym-

1475 1131 1583 1168 nasii
1623 1131 1814 1166 Patavini
1843 1129 1956 1166 tomo
1986 1129 2036 1166 11.
2066 1140 2106 1176 p.
2140 1129 2231 1167 190.

1555 1192 1859 1230 STEPHANUS
1892 1192 2186 1240 Vieomeroato,
2217 1192 2312 1230 vide
2345 1193 2440 1231 Ste-

1468 1254 1733 1302 phanardas.

1530 1317 1838 1354 STEPHANUS
1868 1317 1916 1355 de
1940 1317 1985 1355 S.
2012 1318 2177 1356 Victore
2208 1317 2440 1355 eanonicus

1481 1380 1703 1426 Regularis
1733 1380 1976 1418 monasterii
2019 1381 2059 1417 S.
2102 1380 2284 1418 Victoris
2312 1391 2439 1428 prope

1477 1441 1702 1488 Lutetiam,
1735 1442 1843 1478 vixit
1872 1452 1952 1479 sec.
1985 1444 2063 1480 XII
2082 1444 2126 1481 et
2155 1443 2270 1482 dedit
2303 1445 2440 1482 Vitam

1478 1506 1517 1542 et
1529 1506 1743 1542 miracala
1761 1505 1805 1542 S.
1820 1506 1941 1543 Petri
1963 1507 2011 1544 de
2037 1505 2267 1554 Chananon„
2292 1506 2439 1544 funda-

1478 1566 1581 1603 toris
1596 1576 1643 1603 ac
1657 1567 1780 1613 primi
1795 1567 2012 1613 Praepositi
2025 1569 2222 1606 Ecclesiae
2238 1569 2278 1606 S.
2299 1569 2439 1606 Mariae

1478 1630 1527 1666 de
1557 1629 1749 1675 Piperaco
1791 1631 1835 1666 in
1875 1630 2126 1677 Episcopatu
2168 1631 2206 1667 S.
2248 1630 2360 1668 Flori
2397 1631 2441 1667 in

1479 1692 1697 1738 Arvernia,
1727 1691 1820 1729 Ord.
1843 1691 2139 1729 Canonicorum
2171 1692 2441 1739 Regularium

1482 1755 1520 1791 S.
1552 1754 1796 1801 Augustini,
1828 1754 1979 1791 Exstat
2012 1755 2054 1791 ia
2079 1754 2193 1791 tomo
2225 1754 2276 1790 11.
2309 1754 2441 1801 Spici-

1480 1817 1582 1863 legii
1610 1816 1856 1853 Dacheriani
1885 1827 1923 1863 p.
1947 1815 2036 1853 155.

1528 1879 1831 1915 STEPHANUS
1875 1879 2211 1926 Ulyssz‘ponensis
2249 1879 2442 1916 Ecclesiae

1482 1941 1728 1986 Praecentor,
1760 1942 1835 1978 sub
1865 1941 1989 1977 finem
2019 1950 2098 1977 sec.
2142 1940 2234 1977 XII.
2275 1941 2443 1987 scripsit

1480 2001 1694 2040 Miraoala
1738 2002 1781 2039 S.
1840 2003 2046 2040 Vincentii
2086 2004 2130 2039 in
2169 2003 2441 2041 translatione

1483 2055 1573 2100 ejus
1603 2066 1639 2091 a.
1685 2055 1801 2092 1173.
1846 2056 2011 2102 patrata
2050 2057 2206 2093 Extant
2246 2058 2288 2093 in
2328 2056 2443 2093 Actis

1483 2119 1726 2155 Sanctorum
1756 2119 1855 2154 tom.
1887 2118 1922 2153 11
1952 2118 2043 2155 Jan.
2074 2129 2111 2166 p.
2144 2119 2234 2156 408.

1537 2182 1838 2219 STEPHANUS
1858 2181 2137 2220 Wittebiensis
2157 2183 2200 2218 in
2219 2181 2442 2218 Northum-

1487 2245 1577 2282 bria
1606 2244 1851 2281 monasterli
1881 2243 2106 2280 monachus
2127 2243 2222 2280 Ord.
2244 2243 2284 2280 S.
2312 2243 2443 2281 Bene-

1479 2307 1592 2353 dicti,
1625 2306 1717 2353 post
1748 2307 1906 2352 primus
1937 2306 2075 2343 Abbas
2093 2305 2265 2343 Eboraci
2285 2306 2330 2342 in
2349 2315 2440 2342 mo-

1479 2369 1661 2406 nasterio
1679 2370 1718 2405 b.
1739 2369 1878 2404 Mariae
1901 2367 2254 2416 congregationis
2273 2368 2441 2405 Clunia—

1478 2431 1614 2467 censis
1642 2431 1752 2467 circa
1781 2440 1935 2466 annum
1967 2430 2083 2467 1080.
2108 2430 2282 2478 Scripsit
2301 2431 2351 2469 de
2372 2440 2442 2468 re-

1473 2494 1628 2541 parato
1658 2493 1907 2530 monachata
1937 2494 1977 2530 et
2006 2494 2054 2531 de
2064 2492 2322 2540 fundatione
2350 2502 2440 2531 eoe-

1479 2555 1592 2592 nobii
1621 2556 1702 2592 sai.
1723 2554 1887 2591 Balteus
1916 2555 2084 2591 Centur.
2116 2554 2167 2590 11.
2188 2554 2254 2591 57.
2275 2554 2439 2592 Pitseus

1477 2626 1510 2652 c.
1543 2616 1633 2653 170.
1665 2617 1849 2654 Oudinus
1879 2617 1994 2654 tomo
2029 2617 2080 2652 ΙΙ.
2113 2627 2152 2663 p.
2183 2615 2276 2653 753.

1534 2679 1839 2716 STEPHANUS
1884 2679 2296 2727 Wittemberyensis,
2326 2679 2440 2715 Prior

1478 2745 1804 2791 Raynolbiensis
1824 2744 1998 2780 coenobii
2022 2743 2175 2791 (nescio
2194 2740 2328 2790 qu'us)
2343 2742 2437 2779 Ord.

1480 2807 1518 2843 S.
1548 2808 1792 2854 Augustini,
1829 2806 2202 2854 Quadrayesimale
2241 2813 2438 2852 maenam

1478 2870 1659 2915 scripsit,
1690 2869 1796 2916 quod
1819 2869 2024 2906 Monachii
2045 2867 2300 2913 asservatur,
2321 2866 2439 2903 Felix

1476 2932 1687 2967 Milensius
1719 2932 1762 2967 iu
1792 2931 2034 2977 Alphabeto
2054 2931 2212 2968 ordinis
2242 2930 2377 2966 Erem.
2401 2929 2437 2965 S.

1477 2993 1704 3038 Augustini
1735 3004 1772 3040 p.
1806 2994 1843 3031 2.
1869 2992 1961 3029 263.
1991 2993 2084 3031 286.
2446 2985 2448 2987 ’

1532 3055 1850 3102 STEPHANUS,
1881 3055 2107 3092 monachus
2135 3055 2187 3092 ad
2219 3054 2257 3091 S.
2281 3054 2437 3091 Trudo-

1478 3127 1587 3163 nem,
1631 3119 1705 3155 sub
1748 3119 2009 3156 Guntramno
2053 3119 2097 3155 et
2135 3117 2338 3154 Adelardo
2384 3116 2434 3152 11.

1476 3179 1731 3227 Abbatibus,
1774 3190 1853 3217 sec.
1896 3181 1966 3216 XI.
2009 3181 2178 3227 scripsit
2222 3179 2360 3217 Vitam
2389 3177 2435 3216 S.

1482 3242 1707 3288 Tradonis,
1737 3243 1923 3279 Molanus
1953 3243 2004 3279 ad
2032 3241 2268 3279 Usuardum
2296 3240 2336 3276 d.
2367 3238 2433 3276 23.

1475 3303 1575 3339 Nov.
1608 3304 1701 3339 Haec
1731 3304 1822 3340 Val.
1854 3304 2039 3341 Andreas
2067 3305 2112 3340 in
2131 3303 2236 3340 Bibl.
2265 3301 2436 3348 Belgica
