<?xml version="1.0" encoding="UTF-8"?>
<!DOCTYPE html PUBLIC "-//W3C//DTD XHTML 1.0 Transitional//EN"
    "http://www.w3.org/TR/xhtml1/DTD/xhtml1-transitional.dtd">
<html xmlns="http://www.w3.org/1999/xhtml" xml:lang="en" lang="en">
 <head>
  <title>
</title>
<meta http-equiv="Content-Type" content="text/html;charset=utf-8" />
  <meta name='ocr-system' content='tesseract 3.04.00' />
  <meta name='ocr-capabilities' content='ocr_page ocr_carea ocr_par ocr_line ocrx_word'/>
</head>
<body>
  <div class='ocr_page' id='page_1' title='image "./bibliothecalatin05fabruoft_0193.png"; bbox 0 0 2517 4009; ppageno 0'>
   <div class='ocr_carea' id='block_1_1' title="bbox 886 251 1308 293">
    <p class='ocr_par' dir='ltr' id='par_1_1' title="bbox 886 251 1308 293">
     <span class='ocr_line' id='line_1_1' title="bbox 886 251 1308 293; baseline -0.007 0"><span class='ocrx_word' id='word_1_1' title='bbox 886 251 1308 293; x_wconf 71' lang='lat' dir='ltr'><strong>PASCHALIS</strong></span> 
     </span>
    </p>
   </div>
   <div class='ocr_carea' id='block_1_2' title="bbox 91 322 1064 1618">
    <p class='ocr_par' dir='ltr' id='par_1_2' title="bbox 91 322 1058 622">
     <span class='ocr_line' id='line_1_2' title="bbox 102 322 1052 376; baseline 0.001 -14"><span class='ocrx_word' id='word_1_2' title='bbox 102 324 269 362; x_wconf 81' lang='lat' dir='ltr'><em>centiam</em></span> <span class='ocrx_word' id='word_1_3' title='bbox 298 323 408 376; x_wconf 83' lang='lat' dir='ltr'><strong>facta</strong></span> <span class='ocrx_word' id='word_1_4' title='bbox 437 322 693 362; x_wconf 73' lang='lat' dir='ltr'><strong>inveniuntur</strong></span> <span class='ocrx_word' id='word_1_5' title='bbox 712 324 823 375; x_wconf 83' lang='lat' dir='ltr'><strong>apud</strong></span> <span class='ocrx_word' id='word_1_6' title='bbox 846 326 1052 365; x_wconf 85' lang='lat' dir='ltr'><strong>AEmilium</strong></span> 
     </span>
     <span class='ocr_line' id='line_1_3' title="bbox 105 385 1056 440; baseline 0.001 -15"><span class='ocrx_word' id='word_1_7' title='bbox 105 386 411 425; x_wconf 85' lang='lat' dir='ltr'><strong>Parthenianum</strong></span> <span class='ocrx_word' id='word_1_8' title='bbox 432 414 439 432; x_wconf 87' lang='lat'><strong>,</strong></span> <span class='ocrx_word' id='word_1_9' title='bbox 464 385 535 436; x_wconf 84' lang='lat' dir='ltr'><strong>quz&#39;</strong></span> <span class='ocrx_word' id='word_1_10' title='bbox 550 385 803 436; x_wconf 82' lang='lat' dir='ltr'><strong>affectatores</strong></span> <span class='ocrx_word' id='word_1_11' title='bbox 833 387 1056 440; x_wconf 74' lang='lat' dir='ltr'><em>tyrannidis</em></span> 
     </span>
     <span class='ocr_line' id='line_1_4' title="bbox 91 446 1058 498; baseline 0.002 -12"><span class='ocrx_word' id='word_1_12' title='bbox 91 447 181 498; x_wconf 86' lang='lat' dir='ltr'><strong>jam</strong></span> <span class='ocrx_word' id='word_1_13' title='bbox 205 447 293 486; x_wconf 82' lang='lat' dir='ltr'><strong>mde</strong></span> <span class='ocrx_word' id='word_1_14' title='bbox 315 448 341 486; x_wconf 78' lang='grc' dir='ltr'><strong><em>ὰ</em></strong></span> <span class='ocrx_word' id='word_1_15' title='bbox 356 446 557 486; x_wconf 79' lang='lat' dir='ltr'><strong>veteribus</strong></span> <span class='ocrx_word' id='word_1_16' title='bbox 573 447 761 489; x_wconf 64' lang='lat' dir='ltr'><strong>historiae</strong></span> <span class='ocrx_word' id='word_1_17' title='bbox 786 449 964 489; x_wconf 78' lang='lat' dir='ltr'><em>tradidit.</em></span> <span class='ocrx_word' id='word_1_18' title='bbox 989 450 1058 489; x_wconf 69' lang='grc' dir='ltr'><strong>ΑΞ-</strong></span> 
     </span>
     <span class='ocr_line' id='line_1_5' title="bbox 99 510 1057 563; baseline 0.005 -16"><span class='ocrx_word' id='word_1_19' title='bbox 99 510 251 548; x_wconf 85' lang='lat' dir='ltr'><strong>milium</strong></span> <span class='ocrx_word' id='word_1_20' title='bbox 268 511 549 548; x_wconf 86' lang='lat' dir='ltr'><strong>Paternianum</strong></span> <span class='ocrx_word' id='word_1_21' title='bbox 577 517 692 550; x_wconf 82' lang='lat' dir='ltr'><strong>vocat</strong></span> <span class='ocrx_word' id='word_1_22' title='bbox 708 513 912 552; x_wconf 86' lang='lat' dir='ltr'><strong>Gesnerus</strong></span> <span class='ocrx_word' id='word_1_23' title='bbox 932 514 967 551; x_wconf 91' lang='lat' dir='ltr'><strong>in</strong></span> <span class='ocrx_word' id='word_1_24' title='bbox 990 524 1057 563; x_wconf 85' lang='lat' dir='ltr'><strong>ap-</strong></span> 
     </span>
     <span class='ocr_line' id='line_1_6' title="bbox 103 571 394 622; baseline -0.003 -12"><span class='ocrx_word' id='word_1_25' title='bbox 103 571 269 622; x_wconf 88' lang='lat' dir='ltr'><strong>pendice</strong></span> <span class='ocrx_word' id='word_1_26' title='bbox 299 572 394 611; x_wconf 90' lang='lat' dir='ltr'><strong>Bibl.</strong></span> 
     </span>
    </p>

    <p class='ocr_par' dir='ltr' id='par_1_3' title="bbox 99 633 1061 859">
     <span class='ocr_line' id='line_1_7' title="bbox 156 633 1058 676; baseline 0.003 -4"><span class='ocrx_word' id='word_1_27' title='bbox 156 633 350 673; x_wconf 79' lang='lat' dir='ltr'><strong>Antonius</strong></span> <span class='ocrx_word' id='word_1_28' title='bbox 374 634 690 676; x_wconf 79' lang='lat' dir='ltr'><strong>PARTllENlUS</strong></span> <span class='ocrx_word' id='word_1_29' title='bbox 720 637 902 675; x_wconf 79' lang='lat' dir='ltr'><strong>Laszcius</strong></span> <span class='ocrx_word' id='word_1_30' title='bbox 940 637 1058 676; x_wconf 86' lang='lat' dir='ltr'><strong>Vero—</strong></span> 
     </span>
     <span class='ocr_line' id='line_1_8' title="bbox 103 697 1061 746; baseline 0.004 -13"><span class='ocrx_word' id='word_1_31' title='bbox 103 697 252 744; x_wconf 79' lang='lat' dir='ltr'><strong>nensis,</strong></span> <span class='ocrx_word' id='word_1_32' title='bbox 268 697 385 746; x_wconf 88' lang='lat' dir='ltr'><strong>cujus</strong></span> <span class='ocrx_word' id='word_1_33' title='bbox 405 698 686 737; x_wconf 82' lang='lat' dir='ltr'><strong>Commentarii</strong></span> <span class='ocrx_word' id='word_1_34' title='bbox 705 699 740 737; x_wconf 91' lang='lat' dir='ltr'><strong>in</strong></span> <span class='ocrx_word' id='word_1_35' title='bbox 758 699 957 738; x_wconf 82' lang='lat' dir='ltr'><strong>Catullum</strong></span> <span class='ocrx_word' id='word_1_36' title='bbox 976 710 1061 737; x_wconf 85' lang='lat' dir='ltr'><strong>sae-</strong></span> 
     </span>
     <span class='ocr_line' id='line_1_9' title="bbox 99 757 1060 810; baseline 0.004 -15"><span class='ocrx_word' id='word_1_37' title='bbox 99 758 191 808; x_wconf 91' lang='lat' dir='ltr'><strong>pius</strong></span> <span class='ocrx_word' id='word_1_38' title='bbox 214 757 308 796; x_wconf 84' lang='lat' dir='ltr'><strong>editi</strong></span> <span class='ocrx_word' id='word_1_39' title='bbox 330 763 418 809; x_wconf 89' lang='lat' dir='ltr'><strong>post</strong></span> <span class='ocrx_word' id='word_1_40' title='bbox 442 761 610 810; x_wconf 84' lang='lat' dir='ltr'><strong>primam</strong></span> <span class='ocrx_word' id='word_1_41' title='bbox 635 760 846 800; x_wconf 77' lang='lat' dir='ltr'><strong>editionem</strong></span> <span class='ocrx_word' id='word_1_42' title='bbox 869 762 1060 800; x_wconf 87' lang='lat' dir='ltr'><strong>Venetam</strong></span> 
     </span>
     <span class='ocr_line' id='line_1_10' title="bbox 104 820 316 859; baseline 0 -1"><span class='ocrx_word' id='word_1_43' title='bbox 104 820 223 859; x_wconf 90' lang='grc'><strong>4487.</strong></span> <span class='ocrx_word' id='word_1_44' title='bbox 252 820 316 859; x_wconf 84' lang='lat' dir='ltr'><strong>fol.</strong></span> 
     </span>
    </p>

    <p class='ocr_par' dir='ltr' id='par_1_4' title="bbox 98 883 1064 1618">
     <span class='ocr_line' id='line_1_11' title="bbox 152 883 1061 925; baseline 0.001 -4"><span class='ocrx_word' id='word_1_45' title='bbox 152 883 428 924; x_wconf 84' lang='lat' dir='ltr'><strong>PASCHALIS</strong></span> <span class='ocrx_word' id='word_1_46' title='bbox 451 886 478 924; x_wconf 94' lang='grc' dir='ltr'><strong>Ι.</strong></span> <span class='ocrx_word' id='word_1_47' title='bbox 504 886 706 924; x_wconf 85' lang='lat' dir='ltr'><strong>Romanus</strong></span> <span class='ocrx_word' id='word_1_48' title='bbox 727 897 774 924; x_wconf 72' lang='lat' dir='ltr'><strong>ex</strong></span> <span class='ocrx_word' id='word_1_49' title='bbox 795 885 887 924; x_wconf 87' lang='lat' dir='ltr'><strong>Ord.</strong></span> <span class='ocrx_word' id='word_1_50' title='bbox 914 884 1061 925; x_wconf 88' lang='lat' dir='ltr'><strong>Bened.</strong></span> 
     </span>
     <span class='ocr_line' id='line_1_12' title="bbox 102 945 1056 1001; baseline -0.001 -17"><span class='ocrx_word' id='word_1_51' title='bbox 102 945 204 996; x_wconf 85' lang='lat' dir='ltr'><strong>Papa</strong></span> <span class='ocrx_word' id='word_1_52' title='bbox 224 946 272 984; x_wconf 89' lang='lat' dir='ltr'><strong>ab</strong></span> <span class='ocrx_word' id='word_1_53' title='bbox 295 945 337 985; x_wconf 68' lang='lat' dir='ltr'><strong>A.</strong></span> <span class='ocrx_word' id='word_1_54' title='bbox 357 948 399 986; x_wconf 89' lang='grc'><strong>84</strong></span> <span class='ocrx_word' id='word_1_55' title='bbox 411 947 446 986; x_wconf 93' lang='grc'><strong>7.</strong></span> <span class='ocrx_word' id='word_1_56' title='bbox 467 949 555 986; x_wconf 73' lang='lat' dir='ltr'><strong>Jan.</strong></span> <span class='ocrx_word' id='word_1_57' title='bbox 572 947 636 986; x_wconf 98' lang='grc'><strong>28.</strong></span> <span class='ocrx_word' id='word_1_58' title='bbox 656 947 703 987; x_wconf 87' lang='lat' dir='ltr'><strong>ad</strong></span> <span class='ocrx_word' id='word_1_59' title='bbox 721 949 751 987; x_wconf 88' lang='grc' dir='ltr'>Α</span> <span class='ocrx_word' id='word_1_60' title='bbox 774 948 866 987; x_wconf 80' lang='grc'><strong>824.</strong></span> <span class='ocrx_word' id='word_1_61' title='bbox 883 948 968 1001; x_wconf 83' lang='lat' dir='ltr'><strong>Maji</strong></span> <span class='ocrx_word' id='word_1_62' title='bbox 994 949 1056 987; x_wconf 83' lang='grc'><strong>44.</strong></span> 
     </span>
     <span class='ocr_line' id='line_1_13' title="bbox 107 1007 1058 1062; baseline 0.003 -16"><span class='ocrx_word' id='word_1_63' title='bbox 107 1007 156 1046; x_wconf 91' lang='lat' dir='ltr'><strong>de</strong></span> <span class='ocrx_word' id='word_1_64' title='bbox 180 1020 258 1059; x_wconf 92' lang='lat' dir='ltr'><strong>quo</strong></span> <span class='ocrx_word' id='word_1_65' title='bbox 281 1008 380 1049; x_wconf 84' lang='lat' dir='ltr'><strong>Acta</strong></span> <span class='ocrx_word' id='word_1_66' title='bbox 405 1012 585 1049; x_wconf 83' lang='lat' dir='ltr'><strong>Sanctor.</strong></span> <span class='ocrx_word' id='word_1_67' title='bbox 614 1015 706 1049; x_wconf 81' lang='lat' dir='ltr'><strong>tom.</strong></span> <span class='ocrx_word' id='word_1_68' title='bbox 732 1011 768 1050; x_wconf 90' lang='grc'><strong>3.</strong></span> <span class='ocrx_word' id='word_1_69' title='bbox 793 1011 880 1061; x_wconf 84' lang='lat' dir='ltr'><strong>Maji</strong></span> <span class='ocrx_word' id='word_1_70' title='bbox 903 1023 938 1062; x_wconf 90' lang='lat' dir='ltr'><strong>p.</strong></span> <span class='ocrx_word' id='word_1_71' title='bbox 970 1012 1058 1051; x_wconf 89' lang='grc'><strong>394.</strong></span> 
     </span>
     <span class='ocr_line' id='line_1_14' title="bbox 103 1070 1060 1123; baseline 0.004 -15"><span class='ocrx_word' id='word_1_72' title='bbox 103 1080 186 1121; x_wconf 91' lang='lat' dir='ltr'><strong>seq.</strong></span> <span class='ocrx_word' id='word_1_73' title='bbox 204 1071 266 1110; x_wconf 82' lang='lat' dir='ltr'><strong>Ex</strong></span> <span class='ocrx_word' id='word_1_74' title='bbox 281 1070 369 1123; x_wconf 89' lang='lat' dir='ltr'><strong>ejus</strong></span> <span class='ocrx_word' id='word_1_75' title='bbox 389 1071 574 1123; x_wconf 73' lang='lat' dir='ltr'><strong>Epistolis</strong></span> <span class='ocrx_word' id='word_1_76' title='bbox 589 1084 689 1123; x_wconf 88' lang='lat' dir='ltr'><strong>quas</strong></span> <span class='ocrx_word' id='word_1_77' title='bbox 707 1074 743 1111; x_wconf 90' lang='lat' dir='ltr'><strong>in</strong></span> <span class='ocrx_word' id='word_1_78' title='bbox 762 1074 944 1112; x_wconf 74' lang='lat' dir='ltr'><strong>Vaticana</strong></span> <span class='ocrx_word' id='word_1_79' title='bbox 961 1074 1060 1112; x_wconf 90' lang='lat' dir='ltr'><strong>Bibl.</strong></span> 
     </span>
     <span class='ocr_line' id='line_1_15' title="bbox 102 1134 1053 1186; baseline 0.003 -16"><span class='ocrx_word' id='word_1_80' title='bbox 102 1134 254 1171; x_wconf 85' lang='lat' dir='ltr'><strong>servari</strong></span> <span class='ocrx_word' id='word_1_81' title='bbox 279 1138 389 1172; x_wconf 87' lang='lat' dir='ltr'><strong>notat</strong></span> <span class='ocrx_word' id='word_1_82' title='bbox 414 1134 510 1173; x_wconf 92' lang='lat' dir='ltr'><strong>Lud.</strong></span> <span class='ocrx_word' id='word_1_83' title='bbox 535 1135 704 1174; x_wconf 89' lang='lat' dir='ltr'><strong>Jacobus</strong></span> <span class='ocrx_word' id='word_1_84' title='bbox 728 1146 812 1186; x_wconf 90' lang='lat' dir='ltr'><strong>pag.</strong></span> <span class='ocrx_word' id='word_1_85' title='bbox 840 1136 930 1174; x_wconf 89' lang='grc'><strong>468.</strong></span> <span class='ocrx_word' id='word_1_86' title='bbox 956 1135 1053 1174; x_wconf 88' lang='lat' dir='ltr'><strong>Bibl.</strong></span> 
     </span>
     <span class='ocr_line' id='line_1_16' title="bbox 100 1194 1064 1246; baseline 0.003 -14"><span class='ocrx_word' id='word_1_87' title='bbox 100 1194 353 1242; x_wconf 86' lang='lat' dir='ltr'><strong>Pontificiae,</strong></span> <span class='ocrx_word' id='word_1_88' title='bbox 379 1207 454 1234; x_wconf 92' lang='lat' dir='ltr'><strong>non</strong></span> <span class='ocrx_word' id='word_1_89' title='bbox 472 1196 610 1246; x_wconf 89' lang='lat' dir='ltr'><strong>plures</strong></span> <span class='ocrx_word' id='word_1_90' title='bbox 626 1201 787 1234; x_wconf 80' lang='lat' dir='ltr'><strong>exstant</strong></span> <span class='ocrx_word' id='word_1_91' title='bbox 813 1198 849 1235; x_wconf 90' lang='lat' dir='ltr'><strong>in</strong></span> <span class='ocrx_word' id='word_1_92' title='bbox 872 1198 1064 1236; x_wconf 88' lang='lat' dir='ltr'><strong>Concilio-</strong></span> 
     </span>
     <span class='ocr_line' id='line_1_17' title="bbox 102 1257 1063 1307; baseline 0.002 -12"><span class='ocrx_word' id='word_1_93' title='bbox 102 1269 192 1296; x_wconf 92' lang='lat' dir='ltr'><strong>rum</strong></span> <span class='ocrx_word' id='word_1_94' title='bbox 218 1259 337 1295; x_wconf 89' lang='lat' dir='ltr'><strong>tomis</strong></span> <span class='ocrx_word' id='word_1_95' title='bbox 361 1268 479 1307; x_wconf 86' lang='lat' dir='ltr'><strong>quam</strong></span> <span class='ocrx_word' id='word_1_96' title='bbox 508 1260 588 1296; x_wconf 77' lang='lat' dir='ltr'><strong>tres</strong></span> <span class='ocrx_word' id='word_1_97' title='bbox 605 1287 612 1306; x_wconf 88' lang='lat'><strong>,</strong></span> <span class='ocrx_word' id='word_1_98' title='bbox 632 1258 663 1304; x_wconf 86' lang='grc'><strong>4)</strong></span> <span class='ocrx_word' id='word_1_99' title='bbox 692 1257 740 1296; x_wconf 93' lang='lat' dir='ltr'><strong>de</strong></span> <span class='ocrx_word' id='word_1_100' title='bbox 765 1259 1063 1297; x_wconf 83' lang='lat' dir='ltr'><strong>confirmatione</strong></span> 
     </span>
     <span class='ocr_line' id='line_1_18' title="bbox 100 1317 1060 1368; baseline 0.002 -14"><span class='ocrx_word' id='word_1_101' title='bbox 100 1317 399 1368; x_wconf 88' lang='lat' dir='ltr'><strong>privilegiorum</strong></span> <span class='ocrx_word' id='word_1_102' title='bbox 421 1317 741 1355; x_wconf 85' lang='lat' dir='ltr'><strong>Ravennatensis</strong></span> <span class='ocrx_word' id='word_1_103' title='bbox 757 1318 958 1356; x_wconf 79' lang='lat' dir='ltr'><strong>Ecclesiae</strong></span> <span class='ocrx_word' id='word_1_104' title='bbox 976 1347 984 1362; x_wconf 88' lang='lat'><strong>,</strong></span> <span class='ocrx_word' id='word_1_105' title='bbox 1009 1329 1060 1356; x_wconf 76' lang='lat' dir='ltr'><strong>ex</strong></span> 
     </span>
     <span class='ocr_line' id='line_1_19' title="bbox 98 1378 1063 1429; baseline 0.001 -13"><span class='ocrx_word' id='word_1_106' title='bbox 98 1378 251 1429; x_wconf 88' lang='lat' dir='ltr'><strong>Ughelli</strong></span> <span class='ocrx_word' id='word_1_107' title='bbox 277 1382 371 1416; x_wconf 91' lang='lat' dir='ltr'><strong>tom.</strong></span> <span class='ocrx_word' id='word_1_108' title='bbox 398 1379 421 1417; x_wconf 90' lang='grc'><strong>2</strong></span> <span class='ocrx_word' id='word_1_109' title='bbox 449 1378 581 1417; x_wconf 88' lang='lat' dir='ltr'><strong>ltaliae</strong></span> <span class='ocrx_word' id='word_1_110' title='bbox 605 1389 767 1427; x_wconf 87' lang='lat' dir='ltr'><strong>sacrae,</strong></span> <span class='ocrx_word' id='word_1_111' title='bbox 792 1380 830 1429; x_wconf 84' lang='grc'><strong>2)</strong></span> <span class='ocrx_word' id='word_1_112' title='bbox 848 1379 897 1417; x_wconf 90' lang='lat' dir='ltr'><strong>de</strong></span> <span class='ocrx_word' id='word_1_113' title='bbox 924 1381 1063 1418; x_wconf 90' lang='lat' dir='ltr'><strong>inven-</strong></span> 
     </span>
     <span class='ocr_line' id='line_1_20' title="bbox 99 1441 1061 1492; baseline 0.002 -14"><span class='ocrx_word' id='word_1_114' title='bbox 99 1441 207 1479; x_wconf 89' lang='lat' dir='ltr'><strong>tione</strong></span> <span class='ocrx_word' id='word_1_115' title='bbox 233 1441 489 1492; x_wconf 80' lang='lat' dir='ltr'><strong>reliquiarum</strong></span> <span class='ocrx_word' id='word_1_116' title='bbox 516 1442 555 1481; x_wconf 90' lang='lat' dir='ltr'><strong>S.</strong></span> <span class='ocrx_word' id='word_1_117' title='bbox 579 1441 773 1480; x_wconf 79' lang='lat' dir='ltr'><strong>Ceeciliae</strong></span> <span class='ocrx_word' id='word_1_118' title='bbox 791 1471 800 1488; x_wconf 89' lang='lat'><strong>,</strong></span> <span class='ocrx_word' id='word_1_119' title='bbox 825 1453 874 1481; x_wconf 81' lang='lat' dir='ltr'><strong>ex</strong></span> <span class='ocrx_word' id='word_1_120' title='bbox 897 1443 1061 1481; x_wconf 83' lang='lat' dir='ltr'><strong>Baronio</strong></span> 
     </span>
     <span class='ocr_line' id='line_1_21' title="bbox 100 1503 1062 1554; baseline 0 -11"><span class='ocrx_word' id='word_1_121' title='bbox 100 1503 147 1543; x_wconf 85' lang='lat' dir='ltr'><strong>ad</strong></span> <span class='ocrx_word' id='word_1_122' title='bbox 173 1503 219 1543; x_wconf 83' lang='lat' dir='ltr'><strong>A.</strong></span> <span class='ocrx_word' id='word_1_123' title='bbox 241 1504 332 1544; x_wconf 88' lang='grc'><strong>824.</strong></span> <span class='ocrx_word' id='word_1_124' title='bbox 359 1516 469 1543; x_wconf 89' lang='lat' dir='ltr'><strong>num.</strong></span> <span class='ocrx_word' id='word_1_125' title='bbox 486 1504 522 1542; x_wconf 90' lang='grc'><strong>4.</strong></span> <span class='ocrx_word' id='word_1_126' title='bbox 539 1504 578 1554; x_wconf 86' lang='lat'><strong>3)</strong></span> <span class='ocrx_word' id='word_1_127' title='bbox 603 1504 651 1549; x_wconf 86' lang='lat' dir='ltr'><strong>ad</strong></span> <span class='ocrx_word' id='word_1_128' title='bbox 677 1504 923 1545; x_wconf 89' lang='lat' dir='ltr'><strong>Bernardum</strong></span> <span class='ocrx_word' id='word_1_129' title='bbox 945 1506 1062 1544; x_wconf 87' lang='lat' dir='ltr'><strong>Vien-</strong></span> 
     </span>
     <span class='ocr_line' id='line_1_22' title="bbox 98 1566 1057 1618; baseline 0.003 -14"><span class='ocrx_word' id='word_1_130' title='bbox 98 1577 265 1604; x_wconf 90' lang='lat' dir='ltr'><strong>nensem</strong></span> <span class='ocrx_word' id='word_1_131' title='bbox 295 1566 649 1618; x_wconf 89' lang='lat' dir='ltr'><strong>Archiepiscopum</strong></span> <span class='ocrx_word' id='word_1_132' title='bbox 675 1578 724 1605; x_wconf 81' lang='lat' dir='ltr'><strong>ex</strong></span> <span class='ocrx_word' id='word_1_133' title='bbox 749 1568 916 1606; x_wconf 89' lang='lat' dir='ltr'><strong>Baronio</strong></span> <span class='ocrx_word' id='word_1_134' title='bbox 939 1569 987 1607; x_wconf 88' lang='lat' dir='ltr'><strong>ad</strong></span> <span class='ocrx_word' id='word_1_135' title='bbox 1013 1569 1057 1607; x_wconf 82' lang='grc' dir='ltr'><strong>Α.</strong></span> 
     </span>
    </p>
   </div>
   <div class='ocr_carea' id='block_1_3' title="bbox 30 1628 342 1668">
    <p class='ocr_par' dir='ltr' id='par_1_5' title="bbox 30 1628 342 1668">
     <span class='ocr_line' id='line_1_23' title="bbox 30 1628 342 1668; baseline 0.003 -1"><span class='ocrx_word' id='word_1_136' title='bbox 30 1628 34 1633; x_wconf 82' lang='grc'><strong>’</strong></span> <span class='ocrx_word' id='word_1_137' title='bbox 99 1629 191 1668; x_wconf 84' lang='grc'><strong>847.</strong></span> <span class='ocrx_word' id='word_1_138' title='bbox 216 1641 254 1667; x_wconf 94' lang='grc'><strong>0.</strong></span> <span class='ocrx_word' id='word_1_139' title='bbox 281 1630 342 1668; x_wconf 92' lang='grc'><strong>49.</strong></span> 
     </span>
    </p>
   </div>
   <div class='ocr_carea' id='block_1_4' title="bbox 97 1691 1065 3182">
    <p class='ocr_par' dir='ltr' id='par_1_6' title="bbox 97 1691 1063 2932">
     <span class='ocr_line' id='line_1_24' title="bbox 153 1691 1060 1744; baseline 0.004 -15"><span class='ocrx_word' id='word_1_140' title='bbox 153 1691 176 1715; x_wconf 67' lang='grc'>*</span> <span class='ocrx_word' id='word_1_141' title='bbox 204 1692 274 1730; x_wconf 91' lang='lat' dir='ltr'><strong>lvo</strong></span> <span class='ocrx_word' id='word_1_142' title='bbox 303 1692 342 1730; x_wconf 92' lang='lat' dir='ltr'><strong>in</strong></span> <span class='ocrx_word' id='word_1_143' title='bbox 372 1694 540 1731; x_wconf 87' lang='lat' dir='ltr'><strong>Decreto</strong></span> <span class='ocrx_word' id='word_1_144' title='bbox 558 1704 593 1744; x_wconf 90' lang='lat' dir='ltr'><strong>p.</strong></span> <span class='ocrx_word' id='word_1_145' title='bbox 612 1693 737 1744; x_wconf 68' lang='grc'><strong>2030.</strong></span> <span class='ocrx_word' id='word_1_146' title='bbox 770 1694 832 1731; x_wconf 85' lang='grc'><strong>84.</strong></span> <span class='ocrx_word' id='word_1_147' title='bbox 863 1693 1060 1744; x_wconf 79' lang='lat' dir='ltr'><strong>quaedam</strong></span> 
     </span>
     <span class='ocr_line' id='line_1_25' title="bbox 97 1754 1063 1806; baseline 0 -12"><span class='ocrx_word' id='word_1_148' title='bbox 97 1754 212 1794; x_wconf 82' lang='lat' dir='ltr'><strong>affert</strong></span> <span class='ocrx_word' id='word_1_149' title='bbox 239 1766 287 1794; x_wconf 85' lang='lat' dir='ltr'><strong>ex</strong></span> <span class='ocrx_word' id='word_1_150' title='bbox 335 1755 515 1794; x_wconf 81' lang='lat' dir='ltr'><strong>Decretis</strong></span> <span class='ocrx_word' id='word_1_151' title='bbox 559 1756 759 1794; x_wconf 77' lang='lat' dir='ltr'><strong>paschalis</strong></span> <span class='ocrx_word' id='word_1_152' title='bbox 788 1757 934 1806; x_wconf 88' lang='lat' dir='ltr'><strong>Papae,</strong></span> <span class='ocrx_word' id='word_1_153' title='bbox 965 1767 1063 1806; x_wconf 87' lang='lat' dir='ltr'><strong>quo-</strong></span> 
     </span>
     <span class='ocr_line' id='line_1_26' title="bbox 101 1817 1062 1857; baseline 0 -1"><span class='ocrx_word' id='word_1_154' title='bbox 101 1829 189 1856; x_wconf 92' lang='lat' dir='ltr'><strong>rum</strong></span> <span class='ocrx_word' id='word_1_155' title='bbox 237 1817 444 1856; x_wconf 80' lang='lat' dir='ltr'><strong>exordium</strong></span> <span class='ocrx_word' id='word_1_156' title='bbox 476 1822 550 1856; x_wconf 90' lang='lat' dir='ltr'><strong>est.</strong></span> <span class='ocrx_word' id='word_1_157' title='bbox 590 1818 787 1857; x_wconf 80' lang='lat' dir='ltr'><strong>Aeternae</strong></span> <span class='ocrx_word' id='word_1_158' title='bbox 816 1819 957 1857; x_wconf 65' lang='lat' dir='ltr'><strong>Mortis</strong></span> <span class='ocrx_word' id='word_1_159' title='bbox 985 1818 1062 1857; x_wconf 85' lang='lat' dir='ltr'><strong>cri-</strong></span> 
     </span>
     <span class='ocr_line' id='line_1_27' title="bbox 97 1880 1063 1920; baseline 0.003 -3"><span class='ocrx_word' id='word_1_160' title='bbox 97 1889 196 1918; x_wconf 78' lang='lat' dir='ltr'><strong>men.</strong></span> <span class='ocrx_word' id='word_1_161' title='bbox 228 1881 332 1918; x_wconf 84' lang='lat' dir='ltr'><strong>Haec</strong></span> <span class='ocrx_word' id='word_1_162' title='bbox 363 1880 444 1919; x_wconf 82' lang='lat' dir='ltr'><strong>fere</strong></span> <span class='ocrx_word' id='word_1_163' title='bbox 474 1882 607 1920; x_wconf 89' lang='lat' dir='ltr'><strong>omnia</strong></span> <span class='ocrx_word' id='word_1_164' title='bbox 637 1882 845 1920; x_wconf 79' lang='lat' dir='ltr'><strong>transtulit</strong></span> <span class='ocrx_word' id='word_1_165' title='bbox 879 1882 1063 1920; x_wconf 86' lang='lat' dir='ltr'><strong>Gerhous</strong></span> 
     </span>
     <span class='ocr_line' id='line_1_28' title="bbox 97 1943 1061 1995; baseline 0.002 -15"><span class='ocrx_word' id='word_1_166' title='bbox 97 1943 135 1980; x_wconf 94' lang='lat' dir='ltr'><strong>in</strong></span> <span class='ocrx_word' id='word_1_167' title='bbox 153 1944 484 1982; x_wconf 83' lang='lat' dir='ltr'><strong>commentarium</strong></span> <span class='ocrx_word' id='word_1_168' title='bbox 504 1948 540 1981; x_wconf 93' lang='lat' dir='ltr'><strong>in</strong></span> <span class='ocrx_word' id='word_1_169' title='bbox 559 1944 704 1983; x_wconf 88' lang='lat' dir='ltr'><strong>Psalm.</strong></span> <span class='ocrx_word' id='word_1_170' title='bbox 736 1945 846 1983; x_wconf 88' lang='lat' dir='ltr'><strong>XXV</strong></span> <span class='ocrx_word' id='word_1_171' title='bbox 866 1944 1061 1995; x_wconf 86' lang='lat' dir='ltr'><strong>quaedam</strong></span> 
     </span>
     <span class='ocr_line' id='line_1_29' title="bbox 100 2004 1063 2059; baseline 0.002 -17"><span class='ocrx_word' id='word_1_172' title='bbox 100 2004 314 2044; x_wconf 82' lang='lat' dir='ltr'><strong>Gratianus</strong></span> <span class='ocrx_word' id='word_1_173' title='bbox 335 2007 372 2043; x_wconf 92' lang='lat' dir='ltr'><strong>in</strong></span> <span class='ocrx_word' id='word_1_174' title='bbox 392 2008 488 2045; x_wconf 90' lang='lat' dir='ltr'><strong>Can.</strong></span> <span class='ocrx_word' id='word_1_175' title='bbox 503 2007 539 2046; x_wconf 79' lang='lat' dir='ltr'><strong>si</strong></span> <span class='ocrx_word' id='word_1_176' title='bbox 554 2006 643 2059; x_wconf 80' lang='lat' dir='ltr'><strong>quis</strong></span> <span class='ocrx_word' id='word_1_177' title='bbox 667 2005 900 2046; x_wconf 71' lang='lat' dir='ltr'><strong>obiecerim.</strong></span> <span class='ocrx_word' id='word_1_178' title='bbox 920 2011 1063 2057; x_wconf 87' lang='lat' dir='ltr'><strong>quaest</strong></span> 
     </span>
     <span class='ocr_line' id='line_1_30' title="bbox 98 2069 1060 2120; baseline 0.001 -13"><span class='ocrx_word' id='word_1_179' title='bbox 98 2069 134 2107; x_wconf 90' lang='lat'><strong>3.</strong></span> <span class='ocrx_word' id='word_1_180' title='bbox 178 2069 282 2107; x_wconf 86' lang='lat' dir='ltr'><strong>Haec</strong></span> <span class='ocrx_word' id='word_1_181' title='bbox 312 2069 397 2119; x_wconf 88' lang='lat' dir='ltr'><strong>ipsa</strong></span> <span class='ocrx_word' id='word_1_182' title='bbox 427 2081 499 2120; x_wconf 89' lang='lat' dir='ltr'><strong>ego</strong></span> <span class='ocrx_word' id='word_1_183' title='bbox 544 2075 687 2109; x_wconf 86' lang='lat' dir='ltr'><strong>nactus</strong></span> <span class='ocrx_word' id='word_1_184' title='bbox 731 2082 822 2110; x_wconf 90' lang='lat' dir='ltr'><strong>sum</strong></span> <span class='ocrx_word' id='word_1_185' title='bbox 854 2071 894 2109; x_wconf 89' lang='lat' dir='ltr'><strong>in</strong></span> <span class='ocrx_word' id='word_1_186' title='bbox 925 2070 1060 2109; x_wconf 80' lang='lat' dir='ltr'><strong>codiee</strong></span> 
     </span>
     <span class='ocr_line' id='line_1_31' title="bbox 97 2131 1060 2183; baseline 0.001 -13"><span class='ocrx_word' id='word_1_187' title='bbox 97 2131 176 2170; x_wconf 92' lang='lat' dir='ltr'><strong>MS.</strong></span> <span class='ocrx_word' id='word_1_188' title='bbox 219 2132 389 2170; x_wconf 85' lang='lat' dir='ltr'><strong>Lucensi</strong></span> <span class='ocrx_word' id='word_1_189' title='bbox 434 2132 590 2172; x_wconf 87' lang='lat' dir='ltr'><strong>Saeculi</strong></span> <span class='ocrx_word' id='word_1_190' title='bbox 620 2134 675 2172; x_wconf 87' lang='lat' dir='ltr'><strong>XI</strong></span> <span class='ocrx_word' id='word_1_191' title='bbox 707 2134 743 2170; x_wconf 90' lang='lat' dir='ltr'><strong>in</strong></span> <span class='ocrx_word' id='word_1_192' title='bbox 776 2144 854 2183; x_wconf 89' lang='lat' dir='ltr'><strong>quo</strong></span> <span class='ocrx_word' id='word_1_193' title='bbox 896 2133 1060 2183; x_wconf 79' lang='lat' dir='ltr'><strong>perinde</strong></span> 
     </span>
     <span class='ocr_line' id='line_1_32' title="bbox 100 2192 1061 2246; baseline 0.002 -15"><span class='ocrx_word' id='word_1_194' title='bbox 100 2192 198 2232; x_wconf 86' lang='lat' dir='ltr'><strong>haec</strong></span> <span class='ocrx_word' id='word_1_195' title='bbox 241 2194 510 2241; x_wconf 84' lang='lat' dir='ltr'><strong>exhihentur,</strong></span> <span class='ocrx_word' id='word_1_196' title='bbox 540 2199 747 2246; x_wconf 85' lang='lat' dir='ltr'><strong>tamquam</strong></span> <span class='ocrx_word' id='word_1_197' title='bbox 779 2197 812 2234; x_wconf 88' lang='lat' dir='ltr'><strong>si</strong></span> <span class='ocrx_word' id='word_1_198' title='bbox 841 2200 950 2234; x_wconf 88' lang='lat' dir='ltr'><strong>esset</strong></span> <span class='ocrx_word' id='word_1_199' title='bbox 979 2198 1061 2246; x_wconf 81' lang='lat' dir='ltr'><strong>epi-</strong></span> 
     </span>
     <span class='ocr_line' id='line_1_33' title="bbox 99 2256 1060 2310; baseline 0.002 -17"><span class='ocrx_word' id='word_1_200' title='bbox 99 2256 200 2294; x_wconf 88' lang='lat' dir='ltr'><strong>stola</strong></span> <span class='ocrx_word' id='word_1_201' title='bbox 229 2256 436 2296; x_wconf 79' lang='lat' dir='ltr'><strong>Paschalz&#39;s</strong></span> <span class='ocrx_word' id='word_1_202' title='bbox 464 2256 519 2296; x_wconf 87' lang='lat' dir='ltr'><strong>ad</strong></span> <span class='ocrx_word' id='word_1_203' title='bbox 545 2256 893 2310; x_wconf 78' lang='lat' dir='ltr'><strong>Archz‘episcopum</strong></span> <span class='ocrx_word' id='word_1_204' title='bbox 916 2258 1060 2297; x_wconf 79' lang='lat' dir='ltr'><strong>Medio-</strong></span> 
     </span>
     <span class='ocr_line' id='line_1_34' title="bbox 101 2317 1058 2371; baseline 0.002 -15"><span class='ocrx_word' id='word_1_205' title='bbox 101 2317 312 2358; x_wconf 81' lang='lat' dir='ltr'><strong>lanensem.</strong></span> <span class='ocrx_word' id='word_1_206' title='bbox 341 2321 403 2358; x_wconf 82' lang='lat' dir='ltr'><strong>Ex</strong></span> <span class='ocrx_word' id='word_1_207' title='bbox 434 2320 506 2359; x_wconf 89' lang='lat' dir='ltr'><strong>hoc</strong></span> <span class='ocrx_word' id='word_1_208' title='bbox 537 2322 657 2371; x_wconf 91' lang='lat' dir='ltr'><strong>igitur</strong></span> <span class='ocrx_word' id='word_1_209' title='bbox 686 2321 820 2360; x_wconf 88' lang='lat' dir='ltr'><strong>codice</strong></span> <span class='ocrx_word' id='word_1_210' title='bbox 863 2321 1058 2371; x_wconf 85' lang='lat' dir='ltr'><strong>integram</strong></span> 
     </span>
     <span class='ocr_line' id='line_1_35' title="bbox 100 2381 1060 2434; baseline 0.004 -16"><span class='ocrx_word' id='word_1_211' title='bbox 100 2381 206 2420; x_wconf 89' lang='lat' dir='ltr'><strong>illam</strong></span> <span class='ocrx_word' id='word_1_212' title='bbox 236 2383 443 2432; x_wconf 85' lang='lat' dir='ltr'><strong>epistolam</strong></span> <span class='ocrx_word' id='word_1_213' title='bbox 473 2383 564 2421; x_wconf 91' lang='lat' dir='ltr'><strong>dedi</strong></span> <span class='ocrx_word' id='word_1_214' title='bbox 586 2384 622 2421; x_wconf 92' lang='lat' dir='ltr'><strong>in</strong></span> <span class='ocrx_word' id='word_1_215' title='bbox 649 2384 929 2434; x_wconf 89' lang='lat' dir='ltr'><strong>supplemento</strong></span> <span class='ocrx_word' id='word_1_216' title='bbox 959 2384 1060 2422; x_wconf 92' lang='lat' dir='ltr'><strong>Con-</strong></span> 
     </span>
     <span class='ocr_line' id='line_1_36' title="bbox 100 2443 1060 2495; baseline 0.003 -16"><span class='ocrx_word' id='word_1_217' title='bbox 100 2443 162 2480; x_wconf 90' lang='lat' dir='ltr'><strong>cil.</strong></span> <span class='ocrx_word' id='word_1_218' title='bbox 193 2448 287 2481; x_wconf 88' lang='lat' dir='ltr'><strong>tom.</strong></span> <span class='ocrx_word' id='word_1_219' title='bbox 320 2446 353 2482; x_wconf 95' lang='grc'><strong>4.</strong></span> <span class='ocrx_word' id='word_1_220' title='bbox 384 2455 470 2494; x_wconf 86' lang='lat' dir='ltr'><strong>pag.</strong></span> <span class='ocrx_word' id='word_1_221' title='bbox 508 2445 599 2483; x_wconf 88' lang='lat'><strong>803.</strong></span> <span class='ocrx_word' id='word_1_222' title='bbox 643 2446 815 2495; x_wconf 87' lang='lat' dir='ltr'><strong>Insuper</strong></span> <span class='ocrx_word' id='word_1_223' title='bbox 857 2445 1060 2484; x_wconf 83' lang='lat' dir='ltr'><strong>Paschalis</strong></span> 
     </span>
     <span class='ocr_line' id='line_1_37' title="bbox 101 2503 1060 2557; baseline 0.002 -15"><span class='ocrx_word' id='word_1_224' title='bbox 101 2503 156 2542; x_wconf 87' lang='lat' dir='ltr'><strong>ad</strong></span> <span class='ocrx_word' id='word_1_225' title='bbox 175 2503 454 2543; x_wconf 80' lang='lat' dir='ltr'><strong>Petronacium</strong></span> <span class='ocrx_word' id='word_1_226' title='bbox 477 2505 831 2557; x_wconf 82' lang='lat' dir='ltr'><strong>Archiepiscopum</strong></span> <span class='ocrx_word' id='word_1_227' title='bbox 855 2508 1060 2545; x_wconf 76' lang='lat' dir='ltr'><strong>Ravenna-</strong></span> 
     </span>
     <span class='ocr_line' id='line_1_38' title="bbox 103 2566 1061 2618; baseline 0.001 -14"><span class='ocrx_word' id='word_1_228' title='bbox 103 2569 178 2605; x_wconf 87' lang='lat' dir='ltr'><strong>tem</strong></span> <span class='ocrx_word' id='word_1_229' title='bbox 208 2566 394 2618; x_wconf 79' lang='lat' dir='ltr'><strong>epislola‚</strong></span> <span class='ocrx_word' id='word_1_230' title='bbox 425 2579 544 2617; x_wconf 87' lang='lat' dir='ltr'><strong>quam</strong></span> <span class='ocrx_word' id='word_1_231' title='bbox 575 2567 685 2606; x_wconf 88' lang='lat' dir='ltr'><strong>dedit</strong></span> <span class='ocrx_word' id='word_1_232' title='bbox 718 2568 897 2606; x_wconf 88' lang='lat' dir='ltr'><strong>Labbeus</strong></span> <span class='ocrx_word' id='word_1_233' title='bbox 927 2580 1061 2606; x_wconf 77' lang='lat' dir='ltr'><strong>emen-</strong></span> 
     </span>
     <span class='ocr_line' id='line_1_39' title="bbox 102 2629 1063 2680; baseline 0.001 -13"><span class='ocrx_word' id='word_1_234' title='bbox 102 2629 292 2668; x_wconf 88' lang='lat' dir='ltr'><strong>datiorem</strong></span> <span class='ocrx_word' id='word_1_235' title='bbox 310 2660 320 2676; x_wconf 90' lang='lat'>‚</span> <span class='ocrx_word' id='word_1_236' title='bbox 349 2634 390 2668; x_wconf 86' lang='lat' dir='ltr'><strong>et.</strong></span> <span class='ocrx_word' id='word_1_237' title='bbox 418 2629 466 2668; x_wconf 90' lang='lat' dir='ltr'><strong>ad</strong></span> <span class='ocrx_word' id='word_1_238' title='bbox 502 2631 631 2680; x_wconf 89' lang='lat' dir='ltr'><strong>ipsum</strong></span> <span class='ocrx_word' id='word_1_239' title='bbox 657 2630 857 2669; x_wconf 69' lang='lat' dir='ltr'><strong>paschalis</strong></span> <span class='ocrx_word' id='word_1_240' title='bbox 882 2634 1063 2679; x_wconf 87' lang='lat' dir='ltr'><strong>autogra-</strong></span> 
     </span>
     <span class='ocr_line' id='line_1_40' title="bbox 102 2691 1061 2743; baseline -0.001 -13"><span class='ocrx_word' id='word_1_241' title='bbox 102 2691 227 2743; x_wconf 87' lang='lat' dir='ltr'><strong>phum</strong></span> <span class='ocrx_word' id='word_1_242' title='bbox 256 2691 462 2731; x_wconf 82' lang='lat' dir='ltr'><strong>Mediolani</strong></span> <span class='ocrx_word' id='word_1_243' title='bbox 494 2696 701 2731; x_wconf 88' lang='lat' dir='ltr'><strong>servatum</strong></span> <span class='ocrx_word' id='word_1_244' title='bbox 738 2697 919 2730; x_wconf 82' lang='lat' dir='ltr'><strong>exactam</strong></span> <span class='ocrx_word' id='word_1_245' title='bbox 951 2692 1061 2730; x_wconf 81' lang='lat' dir='ltr'><strong>dedit</strong></span> 
     </span>
     <span class='ocr_line' id='line_1_41' title="bbox 102 2754 1059 2794; baseline -0.002 0"><span class='ocrx_word' id='word_1_246' title='bbox 102 2755 341 2794; x_wconf 89' lang='lat' dir='ltr'><strong>Muratorius</strong></span> <span class='ocrx_word' id='word_1_247' title='bbox 370 2756 408 2793; x_wconf 93' lang='lat' dir='ltr'><strong>in</strong></span> <span class='ocrx_word' id='word_1_248' title='bbox 441 2760 535 2793; x_wconf 83' lang='lat' dir='ltr'><strong>tom.</strong></span> <span class='ocrx_word' id='word_1_249' title='bbox 567 2756 631 2794; x_wconf 90' lang='lat'><strong>111.</strong></span> <span class='ocrx_word' id='word_1_250' title='bbox 662 2756 750 2793; x_wconf 87' lang='lat' dir='ltr'><strong>Rer.</strong></span> <span class='ocrx_word' id='word_1_251' title='bbox 783 2754 905 2793; x_wconf 84' lang='lat' dir='ltr'><strong>Italic.</strong></span> <span class='ocrx_word' id='word_1_252' title='bbox 942 2759 982 2792; x_wconf 83' lang='lat' dir='ltr'><strong>et</strong></span> <span class='ocrx_word' id='word_1_253' title='bbox 1011 2766 1059 2792; x_wconf 82' lang='lat' dir='ltr'><strong>ex</strong></span> 
     </span>
     <span class='ocr_line' id='line_1_42' title="bbox 104 2817 1062 2868; baseline -0.002 -13"><span class='ocrx_word' id='word_1_254' title='bbox 104 2817 177 2856; x_wconf 88' lang='lat' dir='ltr'><strong>hac</strong></span> <span class='ocrx_word' id='word_1_255' title='bbox 206 2817 436 2856; x_wconf 84' lang='lat' dir='ltr'><strong>recensione</strong></span> <span class='ocrx_word' id='word_1_256' title='bbox 465 2828 537 2868; x_wconf 84' lang='lat' dir='ltr'><strong>ego</strong></span> <span class='ocrx_word' id='word_1_257' title='bbox 562 2819 599 2856; x_wconf 90' lang='lat' dir='ltr'><strong>in</strong></span> <span class='ocrx_word' id='word_1_258' title='bbox 627 2829 714 2856; x_wconf 85' lang='lat' dir='ltr'><strong>meo</strong></span> <span class='ocrx_word' id='word_1_259' title='bbox 734 2817 944 2856; x_wconf 88' lang='lat' dir='ltr'><strong>Concilior.</strong></span> <span class='ocrx_word' id='word_1_260' title='bbox 969 2828 1062 2867; x_wconf 78' lang='lat' dir='ltr'><strong>sup-</strong></span> 
     </span>
     <span class='ocr_line' id='line_1_43' title="bbox 104 2880 740 2932; baseline 0 -14"><span class='ocrx_word' id='word_1_261' title='bbox 104 2880 305 2931; x_wconf 88' lang='lat' dir='ltr'><strong>plemento</strong></span> <span class='ocrx_word' id='word_1_262' title='bbox 336 2884 433 2918; x_wconf 85' lang='lat' dir='ltr'><strong>tom.</strong></span> <span class='ocrx_word' id='word_1_263' title='bbox 465 2881 501 2919; x_wconf 95' lang='grc'><strong>4.</strong></span> <span class='ocrx_word' id='word_1_264' title='bbox 530 2892 618 2932; x_wconf 90' lang='lat' dir='ltr'><strong>pag.</strong></span> <span class='ocrx_word' id='word_1_265' title='bbox 648 2880 740 2919; x_wconf 85' lang='lat'><strong>799.</strong></span> 
     </span>
    </p>

    <p class='ocr_par' dir='ltr' id='par_1_7' title="bbox 100 2942 1065 3182">
     <span class='ocr_line' id='line_1_44' title="bbox 160 2942 1064 2983; baseline -0.002 -1"><span class='ocrx_word' id='word_1_266' title='bbox 160 2942 434 2983; x_wconf 82' lang='lat' dir='ltr'><strong>PASCHALIS</strong></span> <span class='ocrx_word' id='word_1_267' title='bbox 450 2943 498 2981; x_wconf 91' lang='lat' dir='ltr'><strong>ll.</strong></span> <span class='ocrx_word' id='word_1_268' title='bbox 513 2947 629 2982; x_wconf 87' lang='lat' dir='ltr'><strong>antea</strong></span> <span class='ocrx_word' id='word_1_269' title='bbox 648 2943 862 2982; x_wconf 76' lang='lat' dir='ltr'><strong>Rainerius</strong></span> <span class='ocrx_word' id='word_1_270' title='bbox 885 2944 969 2982; x_wconf 88' lang='lat' dir='ltr'><strong>sive</strong></span> <span class='ocrx_word' id='word_1_271' title='bbox 988 2945 1064 2982; x_wconf 66' lang='lat' dir='ltr'><strong>Ila-</strong></span> 
     </span>
     <span class='ocr_line' id='line_1_45' title="bbox 100 3004 1061 3056; baseline 0 -13"><span class='ocrx_word' id='word_1_272' title='bbox 100 3004 306 3056; x_wconf 80' lang='lat' dir='ltr'><strong>9in9erz&#39;us</strong></span> <span class='ocrx_word' id='word_1_273' title='bbox 322 3004 521 3044; x_wconf 86' lang='lat' dir='ltr'><strong>Bledanus</strong></span> <span class='ocrx_word' id='word_1_274' title='bbox 534 3036 546 3054; x_wconf 85' lang='lat'><strong>,</strong></span> <span class='ocrx_word' id='word_1_275' title='bbox 564 3017 611 3044; x_wconf 85' lang='lat' dir='ltr'><strong>ex</strong></span> <span class='ocrx_word' id='word_1_276' title='bbox 631 3005 782 3044; x_wconf 82' lang='lat' dir='ltr'><strong>Abbate</strong></span> <span class='ocrx_word' id='word_1_277' title='bbox 807 3005 900 3045; x_wconf 86' lang='lat' dir='ltr'><strong>Ord.</strong></span> <span class='ocrx_word' id='word_1_278' title='bbox 916 3005 1061 3044; x_wconf 81' lang='lat' dir='ltr'><strong>Bened.</strong></span> 
     </span>
     <span class='ocr_line' id='line_1_46' title="bbox 107 3067 1065 3118; baseline 0 -11"><span class='ocrx_word' id='word_1_279' title='bbox 107 3068 330 3107; x_wconf 88' lang='lat' dir='ltr'><strong>Cardinalis</strong></span> <span class='ocrx_word' id='word_1_280' title='bbox 347 3071 467 3117; x_wconf 86' lang='lat' dir='ltr'><strong>atque</strong></span> <span class='ocrx_word' id='word_1_281' title='bbox 493 3067 583 3106; x_wconf 86' lang='lat' dir='ltr'><strong>inde</strong></span> <span class='ocrx_word' id='word_1_282' title='bbox 602 3069 702 3118; x_wconf 81' lang='lat' dir='ltr'><strong>Papa</strong></span> <span class='ocrx_word' id='word_1_283' title='bbox 721 3069 770 3107; x_wconf 87' lang='lat' dir='ltr'><strong>ab</strong></span> <span class='ocrx_word' id='word_1_284' title='bbox 784 3068 828 3106; x_wconf 79' lang='lat' dir='ltr'><strong>A.</strong></span> <span class='ocrx_word' id='word_1_285' title='bbox 850 3069 965 3107; x_wconf 91' lang='grc'><strong>4099.</strong></span> <span class='ocrx_word' id='word_1_286' title='bbox 985 3067 1065 3107; x_wconf 85' lang='lat' dir='ltr'><strong>Au-</strong></span> 
     </span>
     <span class='ocr_line' id='line_1_47' title="bbox 106 3129 1063 3182; baseline -0.001 -12"><span class='ocrx_word' id='word_1_287' title='bbox 106 3135 212 3182; x_wconf 86' lang='lat' dir='ltr'><strong>gust.</strong></span> <span class='ocrx_word' id='word_1_288' title='bbox 239 3130 301 3170; x_wconf 88' lang='grc'><strong>42.</strong></span> <span class='ocrx_word' id='word_1_289' title='bbox 326 3129 373 3169; x_wconf 87' lang='lat' dir='ltr'><strong>ad</strong></span> <span class='ocrx_word' id='word_1_290' title='bbox 398 3129 442 3168; x_wconf 90' lang='lat' dir='ltr'><strong>A.</strong></span> <span class='ocrx_word' id='word_1_291' title='bbox 474 3130 590 3169; x_wconf 90' lang='grc'><strong>4448.</strong></span> <span class='ocrx_word' id='word_1_292' title='bbox 613 3131 698 3169; x_wconf 82' lang='lat' dir='ltr'><strong>Jan.</strong></span> <span class='ocrx_word' id='word_1_293' title='bbox 726 3131 786 3170; x_wconf 92' lang='grc'><strong>48.</strong></span> <span class='ocrx_word' id='word_1_294' title='bbox 812 3131 910 3180; x_wconf 83' lang='lat' dir='ltr'><strong>Ejus</strong></span> <span class='ocrx_word' id='word_1_295' title='bbox 941 3132 1063 3169; x_wconf 84' lang='lat' dir='ltr'><strong>vitam</strong></span> 
     </span>
    </p>
   </div>
   <div class='ocr_carea' id='block_1_5' title="bbox 98 3235 1072 3386">
    <p class='ocr_par' dir='ltr' id='par_1_8' title="bbox 98 3235 1071 3386">
     <span class='ocr_line' id='line_1_48' title="bbox 158 3235 1071 3284; baseline -0.002 -6"><span class='ocrx_word' id='word_1_296' title='bbox 158 3246 192 3284; x_wconf 76' lang='lat' dir='ltr'><strong>a)</strong></span> <span class='ocrx_word' id='word_1_297' title='bbox 214 3235 404 3278; x_wconf 78' lang='lat' dir='ltr'><strong>Ptolomne&#39;o</strong></span> <span class='ocrx_word' id='word_1_298' title='bbox 427 3246 568 3276; x_wconf 85' lang='lat' dir='ltr'><strong>Lucensi</strong></span> <span class='ocrx_word' id='word_1_299' title='bbox 599 3244 640 3276; x_wconf 87' lang='lat' dir='ltr'><strong>ad</strong></span> <span class='ocrx_word' id='word_1_300' title='bbox 673 3248 710 3277; x_wconf 83' lang='grc' dir='ltr'><strong>Α.</strong></span> <span class='ocrx_word' id='word_1_301' title='bbox 736 3244 828 3277; x_wconf 84' lang='grc'><strong>1101.</strong></span> <span class='ocrx_word' id='word_1_302' title='bbox 853 3248 952 3277; x_wconf 79' lang='lat' dir='ltr'><strong>Petro</strong></span> <span class='ocrx_word' id='word_1_303' title='bbox 979 3246 1071 3277; x_wconf 83' lang='lat' dir='ltr'><strong>Blae</strong></span> 
     </span>
     <span class='ocr_line' id='line_1_49' title="bbox 98 3294 1072 3337; baseline -0.001 -9"><span class='ocrx_word' id='word_1_304' title='bbox 98 3297 186 3328; x_wconf 79' lang='lat' dir='ltr'><strong>sensi</strong></span> <span class='ocrx_word' id='word_1_305' title='bbox 202 3298 309 3337; x_wconf 84' lang='lat' dir='ltr'><strong>Epist.</strong></span> <span class='ocrx_word' id='word_1_306' title='bbox 326 3295 383 3327; x_wconf 82' lang='grc'><strong>48.</strong></span> <span class='ocrx_word' id='word_1_307' title='bbox 403 3294 538 3336; x_wconf 82' lang='lat' dir='ltr'><strong>ughello</strong></span> <span class='ocrx_word' id='word_1_308' title='bbox 561 3295 715 3335; x_wconf 80' lang='lat' dir='ltr'><strong>aliisque.</strong></span> <span class='ocrx_word' id='word_1_309' title='bbox 738 3296 894 3327; x_wconf 84' lang='lat' dir='ltr'><strong>Giornale</strong></span> <span class='ocrx_word' id='word_1_310' title='bbox 912 3296 962 3327; x_wconf 86' lang='lat' dir='ltr'><strong>de&#39;</strong></span> <span class='ocrx_word' id='word_1_311' title='bbox 977 3296 1072 3328; x_wconf 79' lang='lat' dir='ltr'><strong>lette-</strong></span> 
     </span>
     <span class='ocr_line' id='line_1_50' title="bbox 107 3346 703 3386; baseline -0.003 -8"><span class='ocrx_word' id='word_1_312' title='bbox 107 3347 171 3378; x_wconf 82' lang='lat' dir='ltr'><strong>rati</strong></span> <span class='ocrx_word' id='word_1_313' title='bbox 194 3346 225 3379; x_wconf 81' lang='lat' dir='ltr'><strong>d&#39;</strong></span> <span class='ocrx_word' id='word_1_314' title='bbox 242 3346 336 3378; x_wconf 84' lang='lat' dir='ltr'><strong>ltalia</strong></span> <span class='ocrx_word' id='word_1_315' title='bbox 363 3350 443 3378; x_wconf 82' lang='lat' dir='ltr'><strong>tom.</strong></span> <span class='ocrx_word' id='word_1_316' title='bbox 469 3348 505 3376; x_wconf 81' lang='lat' dir='ltr'><strong>x.</strong></span> <span class='ocrx_word' id='word_1_317' title='bbox 530 3354 604 3386; x_wconf 88' lang='lat' dir='ltr'><strong>pag.</strong></span> <span class='ocrx_word' id='word_1_318' title='bbox 630 3346 703 3376; x_wconf 76' lang='lat'><strong>575.</strong></span> 
     </span>
    </p>
   </div>
   <div class='ocr_carea' id='block_1_6' title="bbox 167 3395 1069 3436">
    <p class='ocr_par' dir='ltr' id='par_1_9' title="bbox 167 3395 1069 3436">
     <span class='ocr_line' id='line_1_51' title="bbox 167 3395 1069 3436; baseline 0 -10"><span class='ocrx_word' id='word_1_319' title='bbox 167 3395 204 3436; x_wconf 91' lang='lat' dir='ltr'><strong>b)</strong></span> <span class='ocrx_word' id='word_1_320' title='bbox 219 3397 429 3435; x_wconf 79' lang='lat' dir='ltr'><strong>Bergomensi</strong></span> <span class='ocrx_word' id='word_1_321' title='bbox 449 3398 488 3427; x_wconf 80' lang='lat' dir='ltr'><strong>ad</strong></span> <span class='ocrx_word' id='word_1_322' title='bbox 507 3399 541 3426; x_wconf 78' lang='grc' dir='ltr'><strong>Α.</strong></span> <span class='ocrx_word' id='word_1_323' title='bbox 567 3395 659 3426; x_wconf 88' lang='grc'><strong>1100.</strong></span> <span class='ocrx_word' id='word_1_324' title='bbox 677 3398 808 3427; x_wconf 60' lang='lat' dir='ltr'><strong>auctori</strong></span> <span class='ocrx_word' id='word_1_325' title='bbox 827 3396 997 3427; x_wconf 84' lang='lat' dir='ltr'><strong>annalium</strong></span> <span class='ocrx_word' id='word_1_326' title='bbox 1016 3398 1069 3426; x_wconf 77' lang='lat' dir='ltr'><strong>Pi-</strong></span> 
     </span>
    </p>
   </div>
   <div class='ocr_carea' id='block_1_7' title="bbox 1129 249 2102 3177">
    <p class='ocr_par' dir='ltr' id='par_1_10' title="bbox 1129 249 2102 1868">
     <span class='ocr_line' id='line_1_52' title="bbox 2012 249 2092 288; baseline 0 0"><span class='ocrx_word' id='word_1_327' title='bbox 2012 249 2092 288; x_wconf 79' lang='lat'><strong>187</strong></span> 
     </span>
     <span class='ocr_line' id='line_1_53' title="bbox 1129 320 2088 373; baseline -0.002 -13"><span class='ocrx_word' id='word_1_328' title='bbox 1129 334 1256 373; x_wconf 86' lang='lat' dir='ltr'><strong>nuper</strong></span> <span class='ocrx_word' id='word_1_329' title='bbox 1281 322 1465 361; x_wconf 81' lang='lat' dir='ltr'><strong>traditam</strong></span> <span class='ocrx_word' id='word_1_330' title='bbox 1492 322 1685 361; x_wconf 87' lang='lat' dir='ltr'><strong>habemus</strong></span> <span class='ocrx_word' id='word_1_331' title='bbox 1708 322 1729 360; x_wconf 71' lang='lat' dir='ltr'><strong>a</strong></span> <span class='ocrx_word' id='word_1_332' title='bbox 1754 321 1798 360; x_wconf 82' lang='lat' dir='ltr'><strong>V.</strong></span> <span class='ocrx_word' id='word_1_333' title='bbox 1823 321 1867 360; x_wconf 92' lang='lat' dir='ltr'><strong>C.</strong></span> <span class='ocrx_word' id='word_1_334' title='bbox 1890 322 1948 358; x_wconf 85' lang='lat' dir='ltr'><strong>Jo.</strong></span> <span class='ocrx_word' id='word_1_335' title='bbox 1970 320 2088 359; x_wconf 83' lang='lat' dir='ltr'><strong>Adol-</strong></span> 
     </span>
     <span class='ocr_line' id='line_1_54' title="bbox 1131 381 2093 435; baseline -0.002 -12"><span class='ocrx_word' id='word_1_336' title='bbox 1131 385 1208 435; x_wconf 90' lang='lat' dir='ltr'><strong>pho</strong></span> <span class='ocrx_word' id='word_1_337' title='bbox 1222 386 1687 435; x_wconf 47' lang='lat' dir='ltr'><strong>lleremannodlarpurg.</strong></span> <span class='ocrx_word' id='word_1_338' title='bbox 1709 384 1823 424; x_wconf 84' lang='grc'><strong>4728.</strong></span> <span class='ocrx_word' id='word_1_339' title='bbox 1843 384 1877 421; x_wconf 92' lang='grc'><strong>8.</strong></span> <span class='ocrx_word' id='word_1_340' title='bbox 1893 381 2093 435; x_wconf 82' lang='lat' dir='ltr'><strong>Epistolas</strong></span> 
     </span>
     <span class='ocr_line' id='line_1_55' title="bbox 1133 447 2091 499; baseline -0.002 -15"><span class='ocrx_word' id='word_1_341' title='bbox 1133 447 1307 499; x_wconf 79' lang='lat' dir='ltr'><strong>quinque</strong></span> <span class='ocrx_word' id='word_1_342' title='bbox 1331 447 1377 485; x_wconf 84' lang='lat' dir='ltr'><strong>ad</strong></span> <span class='ocrx_word' id='word_1_343' title='bbox 1419 449 1612 497; x_wconf 82' lang='lat' dir='ltr'><strong>Hispanos</strong></span> <span class='ocrx_word' id='word_1_344' title='bbox 1636 447 1798 486; x_wconf 78' lang='lat' dir='ltr'><strong>exhibet</strong></span> <span class='ocrx_word' id='word_1_345' title='bbox 1823 447 2032 498; x_wconf 84' lang='lat' dir='ltr'><strong>Agvirrius</strong></span> <span class='ocrx_word' id='word_1_346' title='bbox 2061 449 2091 482; x_wconf 86' lang='lat' dir='ltr'><strong>t.</strong></span> 
     </span>
     <span class='ocr_line' id='line_1_56' title="bbox 1135 509 2094 559; baseline -0.002 -12"><span class='ocrx_word' id='word_1_347' title='bbox 1135 510 1169 547; x_wconf 88' lang='lat'><strong>3.</strong></span> <span class='ocrx_word' id='word_1_348' title='bbox 1202 509 1348 549; x_wconf 87' lang='lat' dir='ltr'><strong>Concil.</strong></span> <span class='ocrx_word' id='word_1_349' title='bbox 1366 510 1526 559; x_wconf 86' lang='lat' dir='ltr'><strong>Hispan.</strong></span> <span class='ocrx_word' id='word_1_350' title='bbox 1546 520 1632 559; x_wconf 77' lang='lat' dir='ltr'><strong>pag.</strong></span> <span class='ocrx_word' id='word_1_351' title='bbox 1662 509 1752 548; x_wconf 90' lang='grc'><strong>314.</strong></span> <span class='ocrx_word' id='word_1_352' title='bbox 1776 520 1859 559; x_wconf 89' lang='lat' dir='ltr'><strong>seq.</strong></span> <span class='ocrx_word' id='word_1_353' title='bbox 1876 513 1915 546; x_wconf 84' lang='lat' dir='ltr'><strong>et</strong></span> <span class='ocrx_word' id='word_1_354' title='bbox 1931 510 2094 547; x_wconf 71' lang='lat' dir='ltr'><strong>sextam</strong></span> 
     </span>
     <span class='ocr_line' id='line_1_57' title="bbox 1135 569 2087 622; baseline -0.006 -11"><span class='ocrx_word' id='word_1_355' title='bbox 1135 583 1222 622; x_wconf 87' lang='lat' dir='ltr'><strong>pag.</strong></span> <span class='ocrx_word' id='word_1_356' title='bbox 1252 572 1342 610; x_wconf 85' lang='lat'><strong>330.</strong></span> <span class='ocrx_word' id='word_1_357' title='bbox 1367 573 1498 621; x_wconf 83' lang='lat' dir='ltr'><strong>Longe</strong></span> <span class='ocrx_word' id='word_1_358' title='bbox 1529 571 1665 620; x_wconf 84' lang='lat' dir='ltr'><strong>plures</strong></span> <span class='ocrx_word' id='word_1_359' title='bbox 1696 571 1895 609; x_wconf 79' lang='lat' dir='ltr'><strong>l&#39;aschalis</strong></span> <span class='ocrx_word' id='word_1_360' title='bbox 1922 569 2087 609; x_wconf 90' lang='lat' dir='ltr'><strong>secundi</strong></span> 
     </span>
     <span class='ocr_line' id='line_1_58' title="bbox 1133 633 2093 684; baseline -0.003 -12"><span class='ocrx_word' id='word_1_361' title='bbox 1133 633 1362 684; x_wconf 85' lang='lat' dir='ltr'><strong>Epistolae,</strong></span> <span class='ocrx_word' id='word_1_362' title='bbox 1387 636 1540 671; x_wconf 80' lang='lat' dir='ltr'><strong>centum</strong></span> <span class='ocrx_word' id='word_1_363' title='bbox 1565 636 1603 670; x_wconf 81' lang='lat' dir='ltr'><strong>et</strong></span> <span class='ocrx_word' id='word_1_364' title='bbox 1621 636 1762 684; x_wconf 81' lang='lat' dir='ltr'><strong>septem</strong></span> <span class='ocrx_word' id='word_1_365' title='bbox 1787 637 1949 671; x_wconf 84' lang='lat' dir='ltr'><strong>exstant</strong></span> <span class='ocrx_word' id='word_1_366' title='bbox 1972 634 2008 670; x_wconf 94' lang='lat' dir='ltr'><strong>in</strong></span> <span class='ocrx_word' id='word_1_367' title='bbox 2035 637 2093 669; x_wconf 83' lang='lat' dir='ltr'><strong>to-</strong></span> 
     </span>
     <span class='ocr_line' id='line_1_59' title="bbox 1136 695 2093 746; baseline -0.001 -12"><span class='ocrx_word' id='word_1_368' title='bbox 1136 698 1212 734; x_wconf 87' lang='lat' dir='ltr'><strong>mis</strong></span> <span class='ocrx_word' id='word_1_369' title='bbox 1237 696 1503 735; x_wconf 83' lang='lat' dir='ltr'><strong>Conciliorum</strong></span> <span class='ocrx_word' id='word_1_370' title='bbox 1521 725 1528 743; x_wconf 90' lang='lat'><strong>,</strong></span> <span class='ocrx_word' id='word_1_371' title='bbox 1548 706 1624 734; x_wconf 85' lang='lat' dir='ltr'><strong>una</strong></span> <span class='ocrx_word' id='word_1_372' title='bbox 1646 706 1735 734; x_wconf 88' lang='lat' dir='ltr'><strong>cum</strong></span> <span class='ocrx_word' id='word_1_373' title='bbox 1763 696 1995 746; x_wconf 75' lang='lat' dir='ltr'><strong>fragmentis</strong></span> <span class='ocrx_word' id='word_1_374' title='bbox 2019 695 2093 733; x_wconf 88' lang='lat' dir='ltr'><strong>De-</strong></span> 
     </span>
     <span class='ocr_line' id='line_1_60' title="bbox 1136 758 2094 797; baseline -0.002 -1"><span class='ocrx_word' id='word_1_375' title='bbox 1136 761 1333 797; x_wconf 83' lang='lat' dir='ltr'><strong>cretorum</strong></span> <span class='ocrx_word' id='word_1_376' title='bbox 1358 758 1379 797; x_wconf 75' lang='lat' dir='ltr'><strong>e</strong></span> <span class='ocrx_word' id='word_1_377' title='bbox 1408 758 1608 796; x_wconf 83' lang='lat' dir='ltr'><strong>Gratiano.</strong></span> <span class='ocrx_word' id='word_1_378' title='bbox 1634 758 1779 796; x_wconf 84' lang='lat' dir='ltr'><strong>Confer</strong></span> <span class='ocrx_word' id='word_1_379' title='bbox 1807 763 1901 796; x_wconf 90' lang='lat' dir='ltr'><strong>tom.</strong></span> <span class='ocrx_word' id='word_1_380' title='bbox 1933 758 1999 796; x_wconf 81' lang='lat' dir='ltr'><strong>Xl.</strong></span> <span class='ocrx_word' id='word_1_381' title='bbox 2031 758 2094 796; x_wconf 88' lang='lat' dir='ltr'><strong>Bi-</strong></span> 
     </span>
     <span class='ocr_line' id='line_1_61' title="bbox 1135 820 2095 871; baseline -0.001 -11"><span class='ocrx_word' id='word_1_382' title='bbox 1135 821 1186 860; x_wconf 91' lang='lat' dir='ltr'><strong>bl.</strong></span> <span class='ocrx_word' id='word_1_383' title='bbox 1216 821 1389 860; x_wconf 79' lang='lat' dir='ltr'><strong>Graecae</strong></span> <span class='ocrx_word' id='word_1_384' title='bbox 1425 832 1459 871; x_wconf 94' lang='lat' dir='ltr'><strong>p.</strong></span> <span class='ocrx_word' id='word_1_385' title='bbox 1491 820 1582 859; x_wconf 84' lang='grc'><strong>704.</strong></span> <span class='ocrx_word' id='word_1_386' title='bbox 1612 820 1811 871; x_wconf 83' lang='lat' dir='ltr'><strong>Epistolas</strong></span> <span class='ocrx_word' id='word_1_387' title='bbox 1840 821 1990 870; x_wconf 84' lang='lat' dir='ltr'><strong>aliquot</strong></span> <span class='ocrx_word' id='word_1_388' title='bbox 2020 820 2095 859; x_wconf 90' lang='lat' dir='ltr'><strong>hu-</strong></span> 
     </span>
     <span class='ocr_line' id='line_1_62' title="bbox 1138 882 2098 922; baseline 0 -2"><span class='ocrx_word' id='word_1_389' title='bbox 1138 884 1200 922; x_wconf 87' lang='lat' dir='ltr'><strong>ius</strong></span> <span class='ocrx_word' id='word_1_390' title='bbox 1231 884 1430 922; x_wconf 70' lang='lat' dir='ltr'><strong>Pontificis</strong></span> <span class='ocrx_word' id='word_1_391' title='bbox 1450 884 1630 921; x_wconf 86' lang='lat' dir='ltr'><strong>servavit</strong></span> <span class='ocrx_word' id='word_1_392' title='bbox 1652 882 1873 922; x_wconf 83' lang='lat' dir='ltr'><strong>Eadmerus</strong></span> <span class='ocrx_word' id='word_1_393' title='bbox 1894 883 1992 921; x_wconf 88' lang='lat' dir='ltr'><strong>libro</strong></span> <span class='ocrx_word' id='word_1_394' title='bbox 2019 887 2098 920; x_wconf 87' lang='lat' dir='ltr'><strong>ter-</strong></span> 
     </span>
     <span class='ocr_line' id='line_1_63' title="bbox 1137 945 2094 996; baseline -0.001 -13"><span class='ocrx_word' id='word_1_395' title='bbox 1137 947 1215 993; x_wconf 90' lang='lat' dir='ltr'><strong>tio,</strong></span> <span class='ocrx_word' id='word_1_396' title='bbox 1236 951 1390 996; x_wconf 73' lang='lat' dir='ltr'><strong>quarto,</strong></span> <span class='ocrx_word' id='word_1_397' title='bbox 1416 947 1636 995; x_wconf 87' lang='lat' dir='ltr'><strong>quintoque</strong></span> <span class='ocrx_word' id='word_1_398' title='bbox 1662 945 1872 994; x_wconf 77' lang='lat' dir='ltr'><strong>historiae,</strong></span> <span class='ocrx_word' id='word_1_399' title='bbox 1897 945 1943 984; x_wconf 90' lang='lat' dir='ltr'><strong>ad</strong></span> <span class='ocrx_word' id='word_1_400' title='bbox 1972 955 2094 995; x_wconf 90' lang='lat' dir='ltr'><strong>quem</strong></span> 
     </span>
     <span class='ocr_line' id='line_1_64' title="bbox 1137 1007 2093 1059; baseline 0.001 -15"><span class='ocrx_word' id='word_1_401' title='bbox 1137 1007 1332 1047; x_wconf 85' lang='lat' dir='ltr'><strong>videndae</strong></span> <span class='ocrx_word' id='word_1_402' title='bbox 1365 1007 1524 1046; x_wconf 85' lang='lat' dir='ltr'><strong>Seldeni</strong></span> <span class='ocrx_word' id='word_1_403' title='bbox 1556 1013 1670 1046; x_wconf 86' lang='lat' dir='ltr'><strong>notae</strong></span> <span class='ocrx_word' id='word_1_404' title='bbox 1700 1019 1787 1059; x_wconf 88' lang='lat' dir='ltr'><strong>pag.</strong></span> <span class='ocrx_word' id='word_1_405' title='bbox 1819 1009 1906 1047; x_wconf 82' lang='grc'><strong>432.</strong></span> <span class='ocrx_word' id='word_1_406' title='bbox 1936 1013 1976 1045; x_wconf 90' lang='lat' dir='ltr'><strong>et</strong></span> <span class='ocrx_word' id='word_1_407' title='bbox 2011 1008 2093 1045; x_wconf 85' lang='lat' dir='ltr'><strong>Wi—</strong></span> 
     </span>
     <span class='ocr_line' id='line_1_65' title="bbox 1136 1069 2095 1121; baseline -0.003 -12"><span class='ocrx_word' id='word_1_408' title='bbox 1136 1071 1308 1110; x_wconf 87' lang='lat' dir='ltr'><strong>lhelmus</strong></span> <span class='ocrx_word' id='word_1_409' title='bbox 1348 1070 1715 1110; x_wconf 86' lang='lat' dir='ltr'><strong>Malmesburiensis</strong></span> <span class='ocrx_word' id='word_1_410' title='bbox 1757 1082 1844 1121; x_wconf 88' lang='lat' dir='ltr'><strong>pag.</strong></span> <span class='ocrx_word' id='word_1_411' title='bbox 1884 1070 1973 1109; x_wconf 87' lang='grc'><strong>273.</strong></span> <span class='ocrx_word' id='word_1_412' title='bbox 2004 1069 2095 1108; x_wconf 88' lang='grc'><strong>274.</strong></span> 
     </span>
     <span class='ocr_line' id='line_1_66' title="bbox 1137 1133 2094 1183; baseline -0.001 -11"><span class='ocrx_word' id='word_1_413' title='bbox 1137 1133 1226 1173; x_wconf 77' lang='grc'><strong>275.</strong></span> <span class='ocrx_word' id='word_1_414' title='bbox 1257 1134 1364 1172; x_wconf 79' lang='lat' dir='ltr'><strong>Aliae</strong></span> <span class='ocrx_word' id='word_1_415' title='bbox 1395 1137 1558 1172; x_wconf 81' lang='lat' dir='ltr'><strong>exstant</strong></span> <span class='ocrx_word' id='word_1_416' title='bbox 1587 1133 1690 1183; x_wconf 86' lang='lat' dir='ltr'><strong>apud</strong></span> <span class='ocrx_word' id='word_1_417' title='bbox 1721 1133 1927 1172; x_wconf 90' lang='lat' dir='ltr'><strong>Baluzium</strong></span> <span class='ocrx_word' id='word_1_418' title='bbox 1960 1134 1995 1170; x_wconf 92' lang='lat' dir='ltr'><strong>in</strong></span> <span class='ocrx_word' id='word_1_419' title='bbox 2026 1144 2094 1183; x_wconf 89' lang='lat' dir='ltr'><strong>ap-</strong></span> 
     </span>
     <span class='ocr_line' id='line_1_67' title="bbox 1136 1194 2096 1246; baseline -0.002 -12"><span class='ocrx_word' id='word_1_420' title='bbox 1136 1195 1302 1246; x_wconf 89' lang='lat' dir='ltr'><strong>pendice</strong></span> <span class='ocrx_word' id='word_1_421' title='bbox 1321 1195 1368 1234; x_wconf 88' lang='lat' dir='ltr'><strong>ad</strong></span> <span class='ocrx_word' id='word_1_422' title='bbox 1394 1197 1561 1234; x_wconf 81' lang='lat' dir='ltr'><strong>Marcam</strong></span> <span class='ocrx_word' id='word_1_423' title='bbox 1590 1194 1846 1246; x_wconf 83' lang='lat' dir='ltr'><strong>Hispanicam</strong></span> <span class='ocrx_word' id='word_1_424' title='bbox 1873 1206 1958 1246; x_wconf 88' lang='lat' dir='ltr'><strong>pag.</strong></span> <span class='ocrx_word' id='word_1_425' title='bbox 1981 1195 2096 1232; x_wconf 85' lang='grc'><strong>4243.</strong></span> 
     </span>
     <span class='ocr_line' id='line_1_68' title="bbox 1137 1256 2094 1308; baseline -0.003 -12"><span class='ocrx_word' id='word_1_426' title='bbox 1137 1262 1176 1296; x_wconf 82' lang='lat' dir='ltr'><strong>et</strong></span> <span class='ocrx_word' id='word_1_427' title='bbox 1206 1259 1242 1294; x_wconf 91' lang='lat' dir='ltr'><strong>in</strong></span> <span class='ocrx_word' id='word_1_428' title='bbox 1274 1257 1491 1308; x_wconf 86' lang='lat' dir='ltr'><strong>appendice</strong></span> <span class='ocrx_word' id='word_1_429' title='bbox 1534 1256 1581 1295; x_wconf 88' lang='lat' dir='ltr'><strong>ad</strong></span> <span class='ocrx_word' id='word_1_430' title='bbox 1626 1258 1840 1308; x_wconf 86' lang='lat' dir='ltr'><strong>Regionem</strong></span> <span class='ocrx_word' id='word_1_431' title='bbox 1886 1269 1972 1307; x_wconf 85' lang='lat' dir='ltr'><strong>pag.</strong></span> <span class='ocrx_word' id='word_1_432' title='bbox 2005 1256 2094 1296; x_wconf 82' lang='grc'><strong>654.</strong></span> 
     </span>
     <span class='ocr_line' id='line_1_69' title="bbox 1137 1318 2098 1369; baseline -0.002 -12"><span class='ocrx_word' id='word_1_433' title='bbox 1137 1324 1258 1368; x_wconf 85' lang='lat' dir='ltr'><strong>atque</strong></span> <span class='ocrx_word' id='word_1_434' title='bbox 1287 1320 1324 1356; x_wconf 90' lang='lat' dir='ltr'><strong>in</strong></span> <span class='ocrx_word' id='word_1_435' title='bbox 1366 1323 1472 1356; x_wconf 91' lang='lat' dir='ltr'><strong>tomo</strong></span> <span class='ocrx_word' id='word_1_436' title='bbox 1511 1320 1590 1357; x_wconf 86' lang='lat' dir='ltr'><strong>VII.</strong></span> <span class='ocrx_word' id='word_1_437' title='bbox 1625 1318 1971 1357; x_wconf 82' lang='lat' dir='ltr'><strong>Miscellaneorum</strong></span> <span class='ocrx_word' id='word_1_438' title='bbox 2013 1329 2098 1369; x_wconf 89' lang='lat' dir='ltr'><strong>pag.</strong></span> 
     </span>
     <span class='ocr_line' id='line_1_70' title="bbox 1141 1381 2097 1432; baseline -0.003 -12"><span class='ocrx_word' id='word_1_439' title='bbox 1141 1382 1228 1420; x_wconf 88' lang='grc'><strong>434.</strong></span> <span class='ocrx_word' id='word_1_440' title='bbox 1259 1393 1341 1432; x_wconf 90' lang='lat' dir='ltr'><strong>seq.</strong></span> <span class='ocrx_word' id='word_1_441' title='bbox 1375 1381 1439 1419; x_wconf 92' lang='lat' dir='ltr'><strong>ubi</strong></span> <span class='ocrx_word' id='word_1_442' title='bbox 1469 1381 1672 1431; x_wconf 85' lang='lat' dir='ltr'><strong>Epistolae</strong></span> <span class='ocrx_word' id='word_1_443' title='bbox 1703 1382 1904 1431; x_wconf 86' lang='lat' dir='ltr'><strong>quinque,</strong></span> <span class='ocrx_word' id='word_1_444' title='bbox 1934 1386 1974 1418; x_wconf 89' lang='lat' dir='ltr'><strong>et</strong></span> <span class='ocrx_word' id='word_1_445' title='bbox 2004 1385 2097 1418; x_wconf 77' lang='lat' dir='ltr'><strong>tom.</strong></span> 
     </span>
     <span class='ocr_line' id='line_1_71' title="bbox 1144 1442 2098 1494; baseline -0.002 -13"><span class='ocrx_word' id='word_1_446' title='bbox 1144 1444 1168 1481; x_wconf 91' lang='grc'><strong>2</strong></span> <span class='ocrx_word' id='word_1_447' title='bbox 1197 1455 1283 1494; x_wconf 85' lang='lat' dir='ltr'><strong>pag.</strong></span> <span class='ocrx_word' id='word_1_448' title='bbox 1318 1443 1406 1481; x_wconf 88' lang='grc'><strong>474.</strong></span> <span class='ocrx_word' id='word_1_449' title='bbox 1439 1443 1527 1482; x_wconf 89' lang='grc'><strong>482.</strong></span> <span class='ocrx_word' id='word_1_450' title='bbox 1559 1443 1649 1482; x_wconf 91' lang='grc'><strong>483.</strong></span> <span class='ocrx_word' id='word_1_451' title='bbox 1680 1443 1768 1481; x_wconf 91' lang='grc'><strong>488.</strong></span> <span class='ocrx_word' id='word_1_452' title='bbox 1802 1443 1889 1481; x_wconf 77' lang='grc'><strong>492..</strong></span> <span class='ocrx_word' id='word_1_453' title='bbox 1920 1443 2011 1481; x_wconf 88' lang='grc'><strong>243.</strong></span> <span class='ocrx_word' id='word_1_454' title='bbox 2037 1442 2098 1481; x_wconf 90' lang='lat' dir='ltr'><strong>ubi</strong></span> 
     </span>
     <span class='ocr_line' id='line_1_72' title="bbox 1137 1504 2101 1556; baseline -0.003 -12"><span class='ocrx_word' id='word_1_455' title='bbox 1137 1518 1221 1544; x_wconf 77' lang='lat' dir='ltr'><strong>sex.</strong></span> <span class='ocrx_word' id='word_1_456' title='bbox 1267 1510 1308 1545; x_wconf 89' lang='lat' dir='ltr'><strong>et</strong></span> <span class='ocrx_word' id='word_1_457' title='bbox 1351 1511 1445 1544; x_wconf 87' lang='lat' dir='ltr'><strong>tom.</strong></span> <span class='ocrx_word' id='word_1_458' title='bbox 1478 1506 1519 1544; x_wconf 89' lang='lat' dir='ltr'><strong>V.</strong></span> <span class='ocrx_word' id='word_1_459' title='bbox 1552 1517 1638 1556; x_wconf 85' lang='lat' dir='ltr'><strong>pag.</strong></span> <span class='ocrx_word' id='word_1_460' title='bbox 1674 1505 1760 1544; x_wconf 89' lang='grc'><strong>488.</strong></span> <span class='ocrx_word' id='word_1_461' title='bbox 1793 1504 1884 1542; x_wconf 87' lang='grc'><strong>277.</strong></span> <span class='ocrx_word' id='word_1_462' title='bbox 1932 1515 2014 1554; x_wconf 84' lang='lat' dir='ltr'><strong>seq.</strong></span> <span class='ocrx_word' id='word_1_463' title='bbox 2060 1508 2101 1542; x_wconf 84' lang='lat' dir='ltr'><strong>et</strong></span> 
     </span>
     <span class='ocr_line' id='line_1_73' title="bbox 1134 1567 2091 1619; baseline -0.004 -12"><span class='ocrx_word' id='word_1_464' title='bbox 1134 1569 1232 1607; x_wconf 86' lang='lat' dir='ltr'><strong>aliae</strong></span> <span class='ocrx_word' id='word_1_465' title='bbox 1257 1573 1430 1619; x_wconf 87' lang='lat' dir='ltr'><strong>quatuor</strong></span> <span class='ocrx_word' id='word_1_466' title='bbox 1460 1570 1497 1606; x_wconf 93' lang='lat' dir='ltr'><strong>in</strong></span> <span class='ocrx_word' id='word_1_467' title='bbox 1528 1567 1729 1606; x_wconf 87' lang='lat' dir='ltr'><strong>Edmundi</strong></span> <span class='ocrx_word' id='word_1_468' title='bbox 1752 1568 1927 1605; x_wconf 87' lang='lat' dir='ltr'><strong>Martene</strong></span> <span class='ocrx_word' id='word_1_469' title='bbox 1958 1571 2055 1603; x_wconf 86' lang='lat' dir='ltr'><strong>tom.</strong></span> <span class='ocrx_word' id='word_1_470' title='bbox 2078 1568 2091 1604; x_wconf 98' lang='grc'><strong>4</strong></span> 
     </span>
     <span class='ocr_line' id='line_1_74' title="bbox 1135 1629 2098 1682; baseline -0.003 -13"><span class='ocrx_word' id='word_1_471' title='bbox 1135 1631 1476 1682; x_wconf 86' lang='lat' dir='ltr'><strong>anecdotorump.</strong></span> <span class='ocrx_word' id='word_1_472' title='bbox 1492 1632 1581 1671; x_wconf 91' lang='lat'><strong>336.</strong></span> <span class='ocrx_word' id='word_1_473' title='bbox 1604 1641 1688 1681; x_wconf 91' lang='lat' dir='ltr'><strong>seq.</strong></span> <span class='ocrx_word' id='word_1_474' title='bbox 1704 1629 1796 1668; x_wconf 86' lang='lat' dir='ltr'><strong>vide</strong></span> <span class='ocrx_word' id='word_1_475' title='bbox 1812 1634 1853 1668; x_wconf 90' lang='lat' dir='ltr'><strong>et</strong></span> <span class='ocrx_word' id='word_1_476' title='bbox 1868 1631 1925 1667; x_wconf 81' lang='lat' dir='ltr'><strong>Jo.</strong></span> <span class='ocrx_word' id='word_1_477' title='bbox 1943 1629 2098 1680; x_wconf 89' lang='lat' dir='ltr'><strong>Georgii</strong></span> 
     </span>
     <span class='ocr_line' id='line_1_75' title="bbox 1135 1692 2101 1744; baseline -0.004 -11"><span class='ocrx_word' id='word_1_478' title='bbox 1135 1693 1302 1733; x_wconf 88' lang='lat' dir='ltr'><strong>Eccardi</strong></span> <span class='ocrx_word' id='word_1_479' title='bbox 1333 1695 1487 1744; x_wconf 88' lang='lat' dir='ltr'><strong>Corpus</strong></span> <span class='ocrx_word' id='word_1_480' title='bbox 1511 1696 1750 1744; x_wconf 90' lang='lat' dir='ltr'><strong>scriptorum</strong></span> <span class='ocrx_word' id='word_1_481' title='bbox 1768 1692 1888 1730; x_wconf 89' lang='lat' dir='ltr'><strong>medii</strong></span> <span class='ocrx_word' id='word_1_482' title='bbox 1905 1693 1992 1730; x_wconf 90' lang='lat' dir='ltr'><strong>aevi</strong></span> <span class='ocrx_word' id='word_1_483' title='bbox 2012 1696 2039 1729; x_wconf 89' lang='lat' dir='ltr'><strong>t.</strong></span> <span class='ocrx_word' id='word_1_484' title='bbox 2065 1692 2101 1730; x_wconf 90' lang='grc'><strong>2.</strong></span> 
     </span>
     <span class='ocr_line' id='line_1_76' title="bbox 1139 1754 2102 1807; baseline -0.002 -13"><span class='ocrx_word' id='word_1_485' title='bbox 1139 1768 1173 1806; x_wconf 91' lang='lat' dir='ltr'><strong>p.</strong></span> <span class='ocrx_word' id='word_1_486' title='bbox 1206 1756 1297 1794; x_wconf 86' lang='grc'><strong>233.</strong></span> <span class='ocrx_word' id='word_1_487' title='bbox 1322 1767 1408 1807; x_wconf 90' lang='lat' dir='ltr'><strong>seq.</strong></span> <span class='ocrx_word' id='word_1_488' title='bbox 1438 1757 1515 1795; x_wconf 79' lang='grc'><strong>258</strong></span> <span class='ocrx_word' id='word_1_489' title='bbox 1546 1767 1628 1806; x_wconf 90' lang='lat' dir='ltr'><strong>seq.</strong></span> <span class='ocrx_word' id='word_1_490' title='bbox 1655 1754 1744 1794; x_wconf 88' lang='grc'><strong>270.</strong></span> <span class='ocrx_word' id='word_1_491' title='bbox 1775 1766 1860 1804; x_wconf 86' lang='lat' dir='ltr'><strong>seq.</strong></span> <span class='ocrx_word' id='word_1_492' title='bbox 1885 1758 1926 1792; x_wconf 89' lang='lat' dir='ltr'><strong>et</strong></span> <span class='ocrx_word' id='word_1_493' title='bbox 1950 1754 2102 1792; x_wconf 87' lang='lat' dir='ltr'><strong>Dache-</strong></span> 
     </span>
     <span class='ocr_line' id='line_1_77' title="bbox 1136 1817 2100 1868; baseline -0.002 -11"><span class='ocrx_word' id='word_1_494' title='bbox 1136 1819 1239 1857; x_wconf 86' lang='lat' dir='ltr'><strong>rium</strong></span> <span class='ocrx_word' id='word_1_495' title='bbox 1262 1818 1311 1857; x_wconf 89' lang='lat' dir='ltr'><strong>ad</strong></span> <span class='ocrx_word' id='word_1_496' title='bbox 1335 1819 1571 1858; x_wconf 90' lang='lat' dir='ltr'><strong>Guibertum</strong></span> <span class='ocrx_word' id='word_1_497' title='bbox 1602 1818 1911 1868; x_wconf 72' lang='lat' dir='ltr'><strong>Novigentinum</strong></span> <span class='ocrx_word' id='word_1_498' title='bbox 1943 1829 1977 1867; x_wconf 90' lang='lat' dir='ltr'><strong>p.</strong></span> <span class='ocrx_word' id='word_1_499' title='bbox 2010 1817 2100 1857; x_wconf 75' lang='lat'><strong>588.</strong></span> 
     </span>
    </p>

    <p class='ocr_par' dir='ltr' id='par_1_11' title="bbox 1134 1879 2101 2422">
     <span class='ocr_line' id='line_1_78' title="bbox 1191 1879 2098 1932; baseline -0.003 -12"><span class='ocrx_word' id='word_1_500' title='bbox 1191 1882 1212 1905; x_wconf 60' lang='lat'><strong>²*</strong></span> <span class='ocrx_word' id='word_1_501' title='bbox 1240 1881 1510 1932; x_wconf 86' lang='lat' dir='ltr'><strong>Epistolarum</strong></span> <span class='ocrx_word' id='word_1_502' title='bbox 1544 1881 1748 1919; x_wconf 75' lang='lat' dir='ltr'><strong>paschalis</strong></span> <span class='ocrx_word' id='word_1_503' title='bbox 1780 1879 2098 1930; x_wconf 83' lang='lat' dir='ltr'><strong>chronologicam</strong></span> 
     </span>
     <span class='ocr_line' id='line_1_79' title="bbox 1138 1942 2098 1995; baseline -0.005 -11"><span class='ocrx_word' id='word_1_504' title='bbox 1138 1945 1335 1984; x_wconf 77' lang='lat' dir='ltr'><strong>Sintaxim</strong></span> <span class='ocrx_word' id='word_1_505' title='bbox 1366 1956 1438 1995; x_wconf 86' lang='lat' dir='ltr'><strong>ego</strong></span> <span class='ocrx_word' id='word_1_506' title='bbox 1470 1946 1506 1981; x_wconf 91' lang='lat' dir='ltr'><strong>in</strong></span> <span class='ocrx_word' id='word_1_507' title='bbox 1541 1956 1629 1982; x_wconf 90' lang='lat' dir='ltr'><strong>meo</strong></span> <span class='ocrx_word' id='word_1_508' title='bbox 1670 1943 1869 1982; x_wconf 86' lang='lat' dir='ltr'><strong>concilior.</strong></span> <span class='ocrx_word' id='word_1_509' title='bbox 1903 1942 2098 1992; x_wconf 85' lang='lat' dir='ltr'><strong>supplem.</strong></span> 
     </span>
     <span class='ocr_line' id='line_1_80' title="bbox 1137 2005 2101 2057; baseline -0.004 -12"><span class='ocrx_word' id='word_1_510' title='bbox 1137 2013 1245 2046; x_wconf 88' lang='lat' dir='ltr'><strong>tomo</strong></span> <span class='ocrx_word' id='word_1_511' title='bbox 1274 2008 1309 2045; x_wconf 90' lang='grc'><strong>2.</strong></span> <span class='ocrx_word' id='word_1_512' title='bbox 1341 2007 1505 2046; x_wconf 77' lang='lat' dir='ltr'><strong>exhibui</strong></span> <span class='ocrx_word' id='word_1_513' title='bbox 1537 2006 1794 2057; x_wconf 88' lang='lat' dir='ltr'><strong>Spicilegium</strong></span> <span class='ocrx_word' id='word_1_514' title='bbox 1825 2005 1973 2055; x_wconf 84' lang='lat' dir='ltr'><strong>pariter</strong></span> <span class='ocrx_word' id='word_1_515' title='bbox 2008 2005 2101 2055; x_wconf 89' lang='lat' dir='ltr'><strong>Epi-</strong></span> 
     </span>
     <span class='ocr_line' id='line_1_81' title="bbox 1137 2066 2098 2119; baseline -0.003 -10"><span class='ocrx_word' id='word_1_516' title='bbox 1137 2071 1328 2109; x_wconf 86' lang='lat' dir='ltr'><strong>stolarum</strong></span> <span class='ocrx_word' id='word_1_517' title='bbox 1360 2069 1541 2108; x_wconf 86' lang='lat' dir='ltr'><strong>eiusdem</strong></span> <span class='ocrx_word' id='word_1_518' title='bbox 1572 2068 1723 2115; x_wconf 80' lang='lat' dir='ltr'><strong>adieci,</strong></span> <span class='ocrx_word' id='word_1_519' title='bbox 1754 2079 1856 2118; x_wconf 84' lang='lat' dir='ltr'><strong>quas</strong></span> <span class='ocrx_word' id='word_1_520' title='bbox 1893 2066 2098 2119; x_wconf 88' lang='lat' dir='ltr'><strong>desumpsi</strong></span> 
     </span>
     <span class='ocr_line' id='line_1_82' title="bbox 1135 2131 2098 2179; baseline -0.004 -7"><span class='ocrx_word' id='word_1_521' title='bbox 1135 2146 1185 2172; x_wconf 75' lang='lat' dir='ltr'><strong>ex</strong></span> <span class='ocrx_word' id='word_1_522' title='bbox 1213 2135 1389 2172; x_wconf 85' lang='lat' dir='ltr'><strong>Martene</strong></span> <span class='ocrx_word' id='word_1_523' title='bbox 1420 2145 1469 2172; x_wconf 80' lang='lat' dir='ltr'><strong>ex</strong></span> <span class='ocrx_word' id='word_1_524' title='bbox 1499 2132 1623 2171; x_wconf 89' lang='lat' dir='ltr'><strong>Gallia</strong></span> <span class='ocrx_word' id='word_1_525' title='bbox 1649 2131 1906 2179; x_wconf 83' lang='lat' dir='ltr'><strong>Christiana,</strong></span> <span class='ocrx_word' id='word_1_526' title='bbox 1936 2142 1985 2169; x_wconf 82' lang='lat' dir='ltr'><strong>ex</strong></span> <span class='ocrx_word' id='word_1_527' title='bbox 2023 2131 2098 2170; x_wconf 86' lang='lat' dir='ltr'><strong>Co-</strong></span> 
     </span>
     <span class='ocr_line' id='line_1_83' title="bbox 1134 2193 2097 2245; baseline -0.002 -12"><span class='ocrx_word' id='word_1_528' title='bbox 1134 2195 1220 2235; x_wconf 85' lang='lat' dir='ltr'><strong>dice</strong></span> <span class='ocrx_word' id='word_1_529' title='bbox 1250 2196 1422 2235; x_wconf 87' lang='lat' dir='ltr'><strong>Udalrici</strong></span> <span class='ocrx_word' id='word_1_530' title='bbox 1452 2195 1774 2245; x_wconf 85' lang='lat' dir='ltr'><strong>Bambergensis.</strong></span> <span class='ocrx_word' id='word_1_531' title='bbox 1804 2194 1983 2243; x_wconf 89' lang='lat' dir='ltr'><strong>Denique</strong></span> <span class='ocrx_word' id='word_1_532' title='bbox 2024 2193 2097 2232; x_wconf 87' lang='lat' dir='ltr'><strong>fra-</strong></span> 
     </span>
     <span class='ocr_line' id='line_1_84' title="bbox 1135 2255 2095 2309; baseline -0.004 -12"><span class='ocrx_word' id='word_1_533' title='bbox 1135 2263 1344 2309; x_wconf 87' lang='lat' dir='ltr'><strong>gmentum</strong></span> <span class='ocrx_word' id='word_1_534' title='bbox 1365 2262 1562 2296; x_wconf 85' lang='lat' dir='ltr'><strong>tractatus</strong></span> <span class='ocrx_word' id='word_1_535' title='bbox 1577 2258 1626 2295; x_wconf 91' lang='lat' dir='ltr'><strong>de</strong></span> <span class='ocrx_word' id='word_1_536' title='bbox 1649 2257 1940 2295; x_wconf 89' lang='lat' dir='ltr'><strong>Canonicorum</strong></span> <span class='ocrx_word' id='word_1_537' title='bbox 1958 2255 2095 2294; x_wconf 88' lang='lat' dir='ltr'><strong>ordine</strong></span> 
     </span>
     <span class='ocr_line' id='line_1_85' title="bbox 1134 2319 2097 2372; baseline -0.004 -12"><span class='ocrx_word' id='word_1_538' title='bbox 1134 2333 1254 2372; x_wconf 90' lang='lat' dir='ltr'><strong>quem</strong></span> <span class='ocrx_word' id='word_1_539' title='bbox 1278 2320 1631 2359; x_wconf 79' lang='lat' dir='ltr'><strong>exhibetGerhous</strong></span> <span class='ocrx_word' id='word_1_540' title='bbox 1650 2321 1688 2356; x_wconf 90' lang='lat' dir='ltr'><strong>in</strong></span> <span class='ocrx_word' id='word_1_541' title='bbox 1707 2320 1977 2369; x_wconf 75' lang='lat' dir='ltr'><strong>exspositione</strong></span> <span class='ocrx_word' id='word_1_542' title='bbox 1990 2319 2097 2357; x_wconf 81' lang='lat' dir='ltr'><strong>Psal-</strong></span> 
     </span>
     <span class='ocr_line' id='line_1_86' title="bbox 1137 2380 2093 2422; baseline -0.005 0"><span class='ocrx_word' id='word_1_543' title='bbox 1137 2385 1188 2422; x_wconf 92' lang='lat' dir='ltr'><strong>mi</strong></span> <span class='ocrx_word' id='word_1_544' title='bbox 1220 2384 1340 2422; x_wconf 90' lang='lat' dir='ltr'><strong>LXlV</strong></span> <span class='ocrx_word' id='word_1_545' title='bbox 1371 2394 1420 2421; x_wconf 83' lang='lat' dir='ltr'><strong>ex</strong></span> <span class='ocrx_word' id='word_1_546' title='bbox 1453 2382 1593 2421; x_wconf 91' lang='lat' dir='ltr'><strong>eodem</strong></span> <span class='ocrx_word' id='word_1_547' title='bbox 1609 2381 1764 2420; x_wconf 86' lang='lat' dir='ltr'><strong>Geroho</strong></span> <span class='ocrx_word' id='word_1_548' title='bbox 1785 2380 1929 2419; x_wconf 86' lang='lat' dir='ltr'><strong>ibidem</strong></span> <span class='ocrx_word' id='word_1_549' title='bbox 1961 2381 2093 2419; x_wconf 87' lang='lat' dir='ltr'><strong>retuli.</strong></span> 
     </span>
    </p>

    <p class='ocr_par' dir='ltr' id='par_1_12' title="bbox 1135 2441 2097 2865">
     <span class='ocr_line' id='line_1_87' title="bbox 1189 2441 2097 2488; baseline -0.007 -4"><span class='ocrx_word' id='word_1_550' title='bbox 1189 2444 1464 2484; x_wconf 85' lang='lat' dir='ltr'><strong>PASCHALlS</strong></span> <span class='ocrx_word' id='word_1_551' title='bbox 1488 2445 1553 2482; x_wconf 85' lang='grc' dir='ltr'><strong>ΙΙΙ.</strong></span> <span class='ocrx_word' id='word_1_552' title='bbox 1578 2449 1693 2482; x_wconf 83' lang='lat' dir='ltr'><strong>antea</strong></span> <span class='ocrx_word' id='word_1_553' title='bbox 1719 2441 1845 2481; x_wconf 90' lang='lat' dir='ltr'><strong>Guido</strong></span> <span class='ocrx_word' id='word_1_554' title='bbox 1865 2472 1876 2488; x_wconf 82' lang='lat'><strong>,</strong></span> <span class='ocrx_word' id='word_1_555' title='bbox 1909 2442 2097 2480; x_wconf 88' lang='lat' dir='ltr'><strong>Cremen-</strong></span> 
     </span>
     <span class='ocr_line' id='line_1_88' title="bbox 1136 2503 2092 2554; baseline -0.005 -8"><span class='ocrx_word' id='word_1_556' title='bbox 1136 2509 1191 2546; x_wconf 80' lang='lat' dir='ltr'><strong>sis</strong></span> <span class='ocrx_word' id='word_1_557' title='bbox 1222 2509 1306 2545; x_wconf 83' lang='lat' dir='ltr'><strong>sive</strong></span> <span class='ocrx_word' id='word_1_558' title='bbox 1336 2507 1561 2545; x_wconf 87' lang='lat' dir='ltr'><strong>Cremanus</strong></span> <span class='ocrx_word' id='word_1_559' title='bbox 1591 2507 1623 2554; x_wconf 88' lang='lat' dir='ltr'><strong>a)</strong></span> <span class='ocrx_word' id='word_1_560' title='bbox 1657 2516 1705 2543; x_wconf 91' lang='lat' dir='ltr'><strong>an</strong></span> <span class='ocrx_word' id='word_1_561' title='bbox 1737 2504 2030 2551; x_wconf 82' lang='lat' dir='ltr'><strong>Cremonensis,</strong></span> <span class='ocrx_word' id='word_1_562' title='bbox 2057 2503 2092 2549; x_wconf 88' lang='lat' dir='ltr'><strong>b)</strong></span> 
     </span>
     <span class='ocr_line' id='line_1_89' title="bbox 1137 2565 2093 2618; baseline -0.006 -11"><span class='ocrx_word' id='word_1_563' title='bbox 1137 2568 1333 2618; x_wconf 82' lang='lat' dir='ltr'><strong>Antipapa</strong></span> <span class='ocrx_word' id='word_1_564' title='bbox 1363 2567 1559 2606; x_wconf 82' lang='lat' dir='ltr'><strong>adversus</strong></span> <span class='ocrx_word' id='word_1_565' title='bbox 1588 2565 1859 2604; x_wconf 80' lang='lat' dir='ltr'><strong>Alexandrum</strong></span> <span class='ocrx_word' id='word_1_566' title='bbox 1891 2565 1955 2602; x_wconf 88' lang='lat' dir='ltr'><strong>Ill.</strong></span> <span class='ocrx_word' id='word_1_567' title='bbox 1981 2565 2029 2603; x_wconf 84' lang='lat' dir='ltr'><strong>ab</strong></span> <span class='ocrx_word' id='word_1_568' title='bbox 2048 2566 2093 2603; x_wconf 78' lang='lat' dir='ltr'><strong>A.</strong></span> 
     </span>
     <span class='ocr_line' id='line_1_90' title="bbox 1138 2626 2094 2680; baseline -0.005 -12"><span class='ocrx_word' id='word_1_569' title='bbox 1138 2630 1252 2668; x_wconf 90' lang='grc'><strong>4467.</strong></span> <span class='ocrx_word' id='word_1_570' title='bbox 1281 2630 1380 2680; x_wconf 86' lang='lat' dir='ltr'><strong>Aug.</strong></span> <span class='ocrx_word' id='word_1_571' title='bbox 1412 2629 1509 2679; x_wconf 88' lang='lat' dir='ltr'><strong>Ejus</strong></span> <span class='ocrx_word' id='word_1_572' title='bbox 1550 2626 1726 2679; x_wconf 80' lang='lat' dir='ltr'><strong>Epistola</strong></span> <span class='ocrx_word' id='word_1_573' title='bbox 1755 2626 1800 2665; x_wconf 87' lang='lat' dir='ltr'><strong>ad</strong></span> <span class='ocrx_word' id='word_1_574' title='bbox 1848 2626 2094 2665; x_wconf 86' lang='lat' dir='ltr'><strong>Ludovicum</strong></span> 
     </span>
     <span class='ocr_line' id='line_1_91' title="bbox 1135 2689 2092 2741; baseline -0.004 -12"><span class='ocrx_word' id='word_1_575' title='bbox 1135 2691 1216 2729; x_wconf 82' lang='lat' dir='ltr'><strong>Vll.</strong></span> <span class='ocrx_word' id='word_1_576' title='bbox 1266 2694 1528 2741; x_wconf 86' lang='lat' dir='ltr'><strong>cognomento</strong></span> <span class='ocrx_word' id='word_1_577' title='bbox 1570 2690 1797 2736; x_wconf 70' lang='lat' dir='ltr'><strong>Juniorem,</strong></span> <span class='ocrx_word' id='word_1_578' title='bbox 1846 2689 2092 2726; x_wconf 86' lang='lat' dir='ltr'><strong>Francorum</strong></span> 
     </span>
     <span class='ocr_line' id='line_1_92' title="bbox 1139 2749 2095 2802; baseline -0.003 -11"><span class='ocrx_word' id='word_1_579' title='bbox 1139 2753 1285 2802; x_wconf 87' lang='lat' dir='ltr'><strong>Regem</strong></span> <span class='ocrx_word' id='word_1_580' title='bbox 1316 2752 1420 2791; x_wconf 83' lang='lat' dir='ltr'><strong>edita</strong></span> <span class='ocrx_word' id='word_1_581' title='bbox 1445 2754 1466 2791; x_wconf 76' lang='lat' dir='ltr'><strong>a</strong></span> <span class='ocrx_word' id='word_1_582' title='bbox 1489 2753 1698 2790; x_wconf 85' lang='lat' dir='ltr'><strong>Francisco</strong></span> <span class='ocrx_word' id='word_1_583' title='bbox 1721 2749 1774 2789; x_wconf 92' lang='lat' dir='ltr'><strong>du</strong></span> <span class='ocrx_word' id='word_1_584' title='bbox 1800 2749 1958 2788; x_wconf 87' lang='lat' dir='ltr'><strong>Chesne</strong></span> <span class='ocrx_word' id='word_1_585' title='bbox 1983 2754 2008 2787; x_wconf 90' lang='lat' dir='ltr'><strong>t.</strong></span> <span class='ocrx_word' id='word_1_586' title='bbox 2035 2751 2095 2788; x_wconf 71' lang='lat' dir='ltr'><strong>lv.</strong></span> 
     </span>
     <span class='ocr_line' id='line_1_93' title="bbox 1136 2814 1719 2865; baseline -0.005 -12"><span class='ocrx_word' id='word_1_587' title='bbox 1136 2826 1269 2854; x_wconf 89' lang='lat' dir='ltr'><strong>rerum</strong></span> <span class='ocrx_word' id='word_1_588' title='bbox 1300 2816 1482 2853; x_wconf 84' lang='lat' dir='ltr'><strong>Francor.</strong></span> <span class='ocrx_word' id='word_1_589' title='bbox 1514 2825 1598 2865; x_wconf 87' lang='lat' dir='ltr'><strong>pag.</strong></span> <span class='ocrx_word' id='word_1_590' title='bbox 1629 2814 1719 2852; x_wconf 89' lang='grc'><strong>749.</strong></span> 
     </span>
    </p>

    <p class='ocr_par' dir='ltr' id='par_1_13' title="bbox 1136 2875 2096 3177">
     <span class='ocr_line' id='line_1_94' title="bbox 1190 2875 2095 2928; baseline -0.004 -12"><span class='ocrx_word' id='word_1_591' title='bbox 1190 2878 1472 2917; x_wconf 72' lang='lat' dir='ltr'><strong>PASCHALES</strong></span> <span class='ocrx_word' id='word_1_592' title='bbox 1491 2877 1693 2928; x_wconf 76' lang='lat' dir='ltr'><strong>Epistolae</strong></span> <span class='ocrx_word' id='word_1_593' title='bbox 1710 2907 1720 2924; x_wconf 82' lang='lat'><strong>,</strong></span> <span class='ocrx_word' id='word_1_594' title='bbox 1743 2877 1845 2914; x_wconf 87' lang='lat' dir='ltr'><strong>sicut</strong></span> <span class='ocrx_word' id='word_1_595' title='bbox 1870 2876 1908 2912; x_wconf 91' lang='lat' dir='ltr'><strong>in</strong></span> <span class='ocrx_word' id='word_1_596' title='bbox 1934 2875 2095 2913; x_wconf 77' lang='lat' dir='ltr'><strong>Oriente</strong></span> 
     </span>
     <span class='ocr_line' id='line_1_95' title="bbox 1136 2937 2096 2992; baseline -0.005 -12"><span class='ocrx_word' id='word_1_597' title='bbox 1136 2941 1185 2980; x_wconf 88' lang='lat' dir='ltr'><strong>ab</strong></span> <span class='ocrx_word' id='word_1_598' title='bbox 1224 2942 1430 2992; x_wconf 89' lang='lat' dir='ltr'><strong>Episcopis</strong></span> <span class='ocrx_word' id='word_1_599' title='bbox 1474 2939 1757 2979; x_wconf 78' lang='lat' dir='ltr'><strong>Alexandrinis</strong></span> <span class='ocrx_word' id='word_1_600' title='bbox 1800 2937 1846 2976; x_wconf 88' lang='lat' dir='ltr'><strong>ad</strong></span> <span class='ocrx_word' id='word_1_601' title='bbox 1898 2937 2096 2976; x_wconf 74' lang='lat' dir='ltr'><strong>Ecclesias</strong></span> 
     </span>
     <span class='ocr_line' id='line_1_96' title="bbox 1137 2999 2094 3051; baseline -0.005 -9"><span class='ocrx_word' id='word_1_602' title='bbox 1137 3003 1286 3042; x_wconf 87' lang='lat' dir='ltr'><strong>Graece</strong></span> <span class='ocrx_word' id='word_1_603' title='bbox 1317 3005 1461 3041; x_wconf 86' lang='lat' dir='ltr'><strong>missae</strong></span> <span class='ocrx_word' id='word_1_604' title='bbox 1491 3003 1582 3040; x_wconf 89' lang='lat' dir='ltr'><strong>olim</strong></span> <span class='ocrx_word' id='word_1_605' title='bbox 1614 3001 1829 3051; x_wconf 85' lang='lat' dir='ltr'><strong>quotannis</strong></span> <span class='ocrx_word' id='word_1_606' title='bbox 1857 2999 1904 3038; x_wconf 84' lang='lat' dir='ltr'><strong>ad</strong></span> <span class='ocrx_word' id='word_1_607' title='bbox 1932 3000 2094 3038; x_wconf 77' lang='lat' dir='ltr'><strong>solenne</strong></span> 
     </span>
     <span class='ocr_line' id='line_1_97' title="bbox 1139 3062 2094 3115; baseline -0.004 -11"><span class='ocrx_word' id='word_1_608' title='bbox 1139 3065 1340 3104; x_wconf 85' lang='lat' dir='ltr'><strong>Paschatis</strong></span> <span class='ocrx_word' id='word_1_609' title='bbox 1366 3069 1524 3115; x_wconf 84' lang='lat' dir='ltr'><strong>tempus</strong></span> <span class='ocrx_word' id='word_1_610' title='bbox 1555 3062 1807 3102; x_wconf 80' lang='lat' dir='ltr'><strong>indicendum</strong></span> <span class='ocrx_word' id='word_1_611' title='bbox 1833 3092 1839 3107; x_wconf 79' lang='lat'><strong>,</strong></span> <span class='ocrx_word' id='word_1_612' title='bbox 1861 3073 1909 3099; x_wconf 76' lang='lat' dir='ltr'><strong>ex</strong></span> <span class='ocrx_word' id='word_1_613' title='bbox 1935 3062 2094 3100; x_wconf 79' lang='lat' dir='ltr'><strong>decreto</strong></span> 
     </span>
     <span class='ocr_line' id='line_1_98' title="bbox 1137 3124 2094 3177; baseline -0.004 -12"><span class='ocrx_word' id='word_1_614' title='bbox 1137 3126 1285 3177; x_wconf 76' lang='lat' dir='ltr'><strong>Synodi</strong></span> <span class='ocrx_word' id='word_1_615' title='bbox 1309 3127 1500 3165; x_wconf 71' lang='lat' dir='ltr'><strong>Nicaenae</strong></span> <span class='ocrx_word' id='word_1_616' title='bbox 1530 3131 1562 3173; x_wconf 79' lang='lat' dir='ltr'><strong>c)</strong></span> <span class='ocrx_word' id='word_1_617' title='bbox 1596 3131 1635 3164; x_wconf 79' lang='lat' dir='ltr'><strong>ut</strong></span> <span class='ocrx_word' id='word_1_618' title='bbox 1666 3124 1866 3174; x_wconf 82' lang='lat' dir='ltr'><strong>Epistolae</strong></span> <span class='ocrx_word' id='word_1_619' title='bbox 1888 3125 2061 3173; x_wconf 67' lang='lat' dir='ltr'><strong>Dionysii</strong></span> <span class='ocrx_word' id='word_1_620' title='bbox 2084 3154 2094 3169; x_wconf 87' lang='lat'><strong>,</strong></span> 
     </span>
    </p>
   </div>
   <div class='ocr_carea' id='block_1_8' title="bbox 1132 3239 2099 3432">
    <p class='ocr_par' dir='ltr' id='par_1_14' title="bbox 1132 3239 2099 3330">
     <span class='ocr_line' id='line_1_99' title="bbox 1132 3239 2099 3277; baseline -0.003 -4.997"><span class='ocrx_word' id='word_1_621' title='bbox 1132 3250 1243 3273; x_wconf 84' lang='lat' dir='ltr'><strong>sanor.</strong></span> <span class='ocrx_word' id='word_1_622' title='bbox 1261 3241 1300 3271; x_wconf 84' lang='lat' dir='ltr'><strong>ad</strong></span> <span class='ocrx_word' id='word_1_623' title='bbox 1326 3243 1362 3272; x_wconf 55' lang='lat' dir='ltr'><strong>..A</strong></span> <span class='ocrx_word' id='word_1_624' title='bbox 1382 3240 1472 3271; x_wconf 77' lang='lat'><strong>1105.</strong></span> <span class='ocrx_word' id='word_1_625' title='bbox 1489 3241 1666 3271; x_wconf 83' lang='lat' dir='ltr'><strong>Francisco</strong></span> <span class='ocrx_word' id='word_1_626' title='bbox 1685 3240 1756 3270; x_wconf 72' lang='lat' dir='ltr'><strong>Aris</strong></span> <span class='ocrx_word' id='word_1_627' title='bbox 1743 3241 1818 3277; x_wconf 82' lang='grc'><strong>10,</strong></span> <span class='ocrx_word' id='word_1_628' title='bbox 1842 3239 2029 3270; x_wconf 83' lang='lat' dir='ltr'><strong>Cremonae</strong></span> <span class='ocrx_word' id='word_1_629' title='bbox 2048 3239 2099 3269; x_wconf 79' lang='lat' dir='ltr'><strong>lit-</strong></span> 
     </span>
     <span class='ocr_line' id='line_1_100' title="bbox 1134 3290 1650 3330; baseline -0.006 -8"><span class='ocrx_word' id='word_1_630' title='bbox 1134 3290 1388 3322; x_wconf 69' lang='lat' dir='ltr'><strong>teminorum-1</strong></span> <span class='ocrx_word' id='word_1_631' title='bbox 1415 3299 1488 3330; x_wconf 84' lang='lat' dir='ltr'><strong>pag.</strong></span> <span class='ocrx_word' id='word_1_632' title='bbox 1509 3290 1560 3320; x_wconf 87' lang='grc'><strong>78</strong></span> <span class='ocrx_word' id='word_1_633' title='bbox 1579 3298 1612 3320; x_wconf 74' lang='grc' dir='ltr'><strong>ευ</strong></span> <span class='ocrx_word' id='word_1_634' title='bbox 1598 3298 1650 3329; x_wconf 85' lang='lat' dir='ltr'><strong>q.</strong></span> 
     </span>
    </p>

    <p class='ocr_par' dir='ltr' id='par_1_15' title="bbox 1135 3306 2097 3432">
     <span class='ocr_line' id='line_1_101' title="bbox 1194 3306 2097 3380; baseline -0.002 -9"><span class='ocrx_word' id='word_1_635' title='bbox 1194 3339 1226 3379; x_wconf 90' lang='lat' dir='ltr'><strong>c)</strong></span> <span class='ocrx_word' id='word_1_636' title='bbox 1249 3342 1311 3370; x_wconf 82' lang='lat' dir='ltr'><strong>Leo</strong></span> <span class='ocrx_word' id='word_1_637' title='bbox 1337 3342 1511 3380; x_wconf 66' lang='grc' dir='ltr'><strong>.41.1;ρὶς.ῑ</strong></span> <span class='ocrx_word' id='word_1_638' title='bbox 1533 3338 1585 3371; x_wconf 74' lang='lat'><strong>94.</strong></span> <span class='ocrx_word' id='word_1_639' title='bbox 1613 3306 1793 3378; x_wconf 47' lang='grc'><strong>(01.04.).</strong></span> <span class='ocrx_word' id='word_1_640' title='bbox 1819 3338 1858 3369; x_wconf 84' lang='lat' dir='ltr'><strong>ad</strong></span> <span class='ocrx_word' id='word_1_641' title='bbox 1887 3339 2097 3377; x_wconf 75' lang='lat' dir='ltr'><strong>Marianum,</strong></span> 
     </span>
     <span class='ocr_line' id='line_1_102' title="bbox 1135 3388 2093 3432; baseline -0.006 -8"><span class='ocrx_word' id='word_1_642' title='bbox 1135 3392 1274 3430; x_wconf 77' lang='lat' dir='ltr'><strong>Cyrinus</strong></span> <span class='ocrx_word' id='word_1_643' title='bbox 1285 3389 1372 3422; x_wconf 64' lang='lat' dir='ltr'><strong>xlex.</strong></span> <span class='ocrx_word' id='word_1_644' title='bbox 1385 3389 2004 3432; x_wconf 76' lang='lat' dir='ltr'><strong>inprologocycliapudBuchei-iump.</strong></span> <span class='ocrx_word' id='word_1_645' title='bbox 2021 3388 2093 3419; x_wconf 77' lang='lat'><strong>481.</strong></span> 
     </span>
    </p>
   </div>
  </div>
 </body>
</html>
