2533 4009
458 237 536 275 216

458 317 549 344 cum
582 307 820 341 immortuus
857 297 1068 336 l’etrarclia
1113 296 1268 334 fuisset.
1313 298 1412 347 Sup-

452 366 687 417 plementnm
713 358 862 398 addidit
887 362 926 394 et
947 356 1074 394 eidem
1104 358 1293 394 Patavino
1318 358 1413 396 Duci

458 428 653 465 dedicavit
681 417 982 459 LOMBARDL'S
1008 416 1054 454 de
1076 416 1233 455 Siriclzo'
1258 419 1412 456 Patavi-

461 500 563 526 nus,
593 483 694 534 quod
725 479 924 530 capitibus
955 478 1064 517 XXl.
1095 478 1346 523 absolvitur,
1380 478 1413 526 4)

459 549 506 585 de
536 542 760 584 Alexandro
791 542 836 578 M.
863 540 899 587 2)
927 540 1078 589 l‘yrrlio
1103 540 1206 590 Rege
1237 540 1414 589 Epirota-

459 619 574 645 rum»
602 606 624 642 3
673 601 888 640 Hannibale
935 603 1154 639 l‘oenorum
1202 602 1307 639 Duce
1327 631 1335 645 ,
1382 601 1415 647 i)

457 672 500 712 Q.
532 666 644 704 Fabio
668 665 850 709 Maximo,
883 664 1138 702 Cunctatore.
1159 664 1204 706 ὃ]
1227 664 1274 701 Μ.
1301 663 1418 701 Clau-

459 729 520 765 dio
550 726 745 765 Marcello.
779 725 821 773 6)
848 725 1012 764 Claudio
1042 725 1196 764 Nerone
1226 730 1266 762 et.
1310 725 1418 761 Livio

457 789 686 827 Salinatore.
718 786 752 824 7¹
789 789 825 825 P.
859 788 1042 836 Scipione.
1087 787 1271 824 Cornelio
1318 786 1419 823 Airi-

455 862 553 888 eauo
585 848 744 898 majore.
779 850 813 896 8„
845 850 892 887 M.
927 848 1060 886 l‘oreio
1091 849 1240 886 (latone
1271 848 1418 885 Censo-

458 914 540 956 rio,
571 911 605 956 9)
636 908 820 948 Cornelio
865 911 1047 959 Scipione.
1079 910 1219 948 Nasica
1239 940 1248 955 ,
1284 910 1344 957 40)
1376 909 1419 946 T.

458 973 607 1017 Quinto
635 973 842 1010 Flaminio.
866 972 930 1019 ll)
958 973 996 1008 L.
1014 971 1197 1021 Scipione
1222 970 1419 1008 Africano.

459 1035 523 1082 42)
555 1035 674 1072 Paulo
704 1034 863 1072 AEmilio
894 1033 1155 1071 Macedonico.
1196 1033 1256 1079 43)
1288 1032 1422 1071 Caeci-

460 1098 507 1134 lio
538 1097 692 1134 Metello
723 1095 985 1134 Macedonico.
1021 1096 1083 1142 44)
1113 1095 1295 1133 Cornelio
1340 1095 1423 1132 Sci-

460 1161 572 1208 pione
603 1157 818 1196 ,Emiliano
866 1157 1050 1195 Africano
1082 1157 1310 1206 posteriore.
1358 1155 1421 1204 45)

463 1222 503 1258 C.
534 1221 664 1258 Mario.
698 1219 757 1265 46)
790 1219 862 1257 Cn.
893 1220 1030 1269 Magno
1063 1217 1257 1268 Pompejo.
1289 1215 1347 1266 47)
1380 1218 1422 1256 C.

457 1282 559 1319 lulio
590 1282 758 1319 Caesare.
785 1282 848 1327 118)
880 1280 1062 1329 Augusto
1091 1278 1258 1317 Caesare
1308 1278 1425 1317 Octa-

462 1345 588 1381 viano.
634 1342 694 1392 49)
740 1343 875 1380 Flavio
929 1343 1186 1392 Vespasiano.
1233 1341 1295 1389 20)
1338 1341 1424 1378 Tito

459 1405 592 1443 Flavio
622 1404 807 1442 Caesare.
834 1404 897 1450 24)
920 1404 1032 1454 Ulpio
1053 1403 1233 1452 Trajano.
1251 1403 1423 1440 Exstant

461 1479 551 1504 cuin
584 1466 845 1515 scriptoribus
876 1466 964 1504 aliis
994 1465 1042 1502 de
1071 1465 1268 1514 exemplis
1293 1464 1424 1502 Virtu—

461 1534 546 1566 tum
579 1534 618 1564 et
650 1529 870 1573 Vitiorum,
904 1527 1021 1565 Basil.
1056 1526 1172 1565 i563.
1206 1526 1268 1563 fol.

514 1591 615 1627 (231.
649 1590 780 1627 ltalice
811 1587 992 1627 Polliano
1024 1590 1169 1639 (prope.
1200 1588 1422 1634 Veronam)

466 1652 578 1688 4470.
598 1651 621 1688 f.
646 1657 721 1687 ete.
740 1651 905 1688 Venetia
936 1650 1049 1689 1527.
1090 1651 1125 1686 8.
1151 1650 1201 1687 Et
1218 1649 1318 1686 lianc
1336 1648 1428 1686 edit.

468 1714 579 1750 1476.
615 1713 715 1749 mule
747 1712 949 1750 Fabricius
979 1711 1026 1750 ad
1055 1723 1115 1761 op.
1151 1710 1324 1749 Croni'ca
1352 1714 1428 1748 etc.

465 1776 522 1805 “vs
596 1788 621 1810 ,τ
641 1775 653 1810 f
681 1779 726 1810 tl.
749 1804 754 1819 Ι

524 1841 529 1849 ’
552 1841 575 1871 ἱ,
616 1838 666 1871 ltu
688 1834 938 1885 pacificanda
964 1834 1108 1882 Italia,
1141 1833 1375 1872 exhortatio.

523 1908 562 1935 ·-
617 1902 671 1936 ¹213.
705 1898 765 1935 ‚id
795 1902 947 1936 veteres
993 1900 1191 1936 Romanae
1230 1896 1335 1948 Reip.
1362 1895 1424 1934 cle-

464 2002 465 2007 *
508 1980 511 1988 ³
538 1974 660 1998 ωννης
686 1962 848 1999 Oratio:
881 1966 921 1998 et
951 1961 1024 1999 alia
1056 1959 1101 1998 cle
1139 1957 1318 1997 libertate
1362 1970 1425 1996 ca—

542 2044 555 2050 s
588 2037 593 2054 τ
615 2024 676 2059 (1η.

527 2092 529 2097 ’
554 2087 580 2120 ἱ..
602 2084 775 2122 Histoi-:a
804 2082 1041 2131 Griselide's,
1069 2084 1153 2120 sive
1175 2081 1221 2119 cle
1245 2080 1422 2119 obedien-

466 2154 477 2180 !
495 2160 515 2181 u
543 2145 664 2195 etsile
688 2145 862 2192 quorin7
888 2146 1051 2182 Joannis
1083 2145 1256 2182 Boccacii
1291 2143 1424 2180 novel-

467 2207 498 2243 la
520 2207 655 2243 i···latio
676 2212 889 2255 postrema,
907 2218 953 2243 ex
977 2205 1107 2242 italico
1131 2216 1244 2243 versa
1275 2205 1423 2242 Latine.

530 2269 584 2304 235.
618 2268 671 2305 De
697 2267 875 2305 avaritia
898 2265 1086 2311 vitanda,
1117 2266 1265 2303 Oratio.

519 2332 531 2367 4
544 2332 567 2365 (5
613 2329 870 2366 Itinerarium
895 2327 1107 2379 Syriacum
1139 2327 1186 2365 ad
1220 2326 1421 2377 quendam

464 2391 825 2438 Mediolanensem,
860 2392 896 2427 in
935 2391 1102 2440 gratiam
1146 2400 1310 2435 eorum,
1357 2388 1423 2437 qui

463 2454 546 2491 loca
579 2454 640 2491 illa
672 2452 780 2490 adire
812 2452 1024 2490 volueriut.
1057 2452 1203 2490 Exstat
1232 2452 1351 2489 etiam
1386 2451 1423 2487 in

464 2514 584 2553 Nicol.
605 2515 796 2553 lteusneri
816 2513 1091 2563 hodoeporicis
1113 2513 1229 2551 Basil.
1255 2515 1268 2551 4
1281 2511 1368 2550 580.
1389 2512 1424 2548 8.

519 2577 580 2615 47.
600 2575 847 2628 Propositum
868 2574 1018 2627 factum
1045 2585 1181 2613 coram
1200 2576 1299 2625 Reye
1317 2574 1425 2611 Hun-

461 2638 622 2688 garine.

520 2701 579 2739 47.
613 2701 675 2738 48.
707 2700 768 2738 49.
798 2700 864 2739 20.
895 2699 957 2737 24.
991 2697 1263 2749 Epistolarum
1291 2697 1340 2736 de
1367 2708 1427 2734 re-

464 2763 539 2801 bus
572 2761 832 2799 familiaribus
877 2761 961 2798 libri
996 2761 1094 2798 Vlll.
1140 2765 1180 2798 et
1224 2759 1426 2810 Epistolae

464 2825 509 2861 Y.
540 2823 586 2861 ad
618 2821 813 2872 quosdam
859 2833 906 2859 ex
958 2821 1181 2860 illustribus
1225 2821 1425 2870 antiquis,

465 2886 580 2934 quasi
613 2885 673 2922 sui
705 2884 1028 2932 contemporanei
1077 2882 1231 2928 forent,
1275 2882 1431 2920 Cicero-

468 2958 558 2983 nem
579 2976 587 2992 ,
620 2947 841 2990 Senecam,
870 2944 1049 2990 Livium,
1082 2944 1312 2990 Varronem,
1336 2951 1428 2979 cum

468 3007 679 3054 lipistolari
712 3006 758 3043 ad
791 3006 997 3044 Socratem
1031 3015 1150 3042 suum
1174 3004 1429 3053 praefatione.

471 3067 583 3104 Liber
612 3067 881 3117 Epistularum
926 3064 1054 3104 XXll.
1099 3066 1186 3103 sine
1224 3064 1352 3102 titulo.
1384 3064 1432 3101 E-

470 3127 637 3174 pistolae
677 3127 892 3166 CXXVIII.
924 3127 972 3165 de
1004 3126 1124 3165 rebus
1154 3125 1346 3163 senilibus
1376 3123 1432 3161 di-

471 3192 603 3231 gestus·
634 3189 745 3226 libris
790 3191 928 3228 XVlll.
960 3190 1037 3238 (ex
1070 3189 1216 3238 quibus
1253 3187 1433 3225 decimus

536 3263 569 3292 κ’)
593 3266 675 3295 nine
697 3267 942 3298 emendandum
963 3290 971 3305 ‚
993 3268 1081 3307 quod
1107 3266 1194 3305 apud
1232 3269 1438 3305 bergomen-

482 3319 547 3339 -··¹n
574 3320 605 3340 iu
633 3313 797 3345 (llironico
818 3338 826 3349 .
850 3317 1138 3356 Tritbeniiumquc
1163 3326 1237 3355 cap.
1266 3316 1339 3348 «522.
1357 3317 1437 3346 Ges-

1226 229 1252 264 l'
1276 227 1308 265 E
1335 227 1365 264 Τ
1388 228 1419 264 lt
1444 226 1474 263 A
1498 226 1527 263 lt
1548 225 1576 263 C
1601 224 1638 262 11
1659 226 1690 262 A

1490 296 1589 334 liber
1618 297 1794 346 scriptus
1825 301 1887 335 est
1917 297 1969 336 ad
1995 297 2285 348 Sayramorum
2306 297 2353 337 de
2379 300 2452 337 Po-

1488 357 1641 403 meriis,
1671 357 1706 404 a)
1735 368 1782 395 ex
1815 359 1949 408 equite
1979 363 2155 397 armatae
2187 351 2348 398 militiae
2377 361 2455 399 Mo-

1489 419 1661 457 nachum
1695 419 2047 465 cisterciensem.)
2077 420 2359 470 Epistol-arum,
2381 432 2454 459 va-

1488 481 1638 519 riarum
1672 480 1786 518 LVll.
1817 479 1864 517 ad
1897 479 2096 519 Andrean]
2128 481 2355 520 Dandulum
2385 481 2455 520 ali-

1490 553 1619 592 osque
1652 541 1749 579 liber
1782 551 1899 579 unus.
1931 543 2010 580 Hae
2031 543 2287 582 collectiones
2315 553 2455 582 omnes

1493 604 1766 654 Epistolarum
1814 603 2049 642 Petrarcbae
2091 616 2255 644 recusae
2281 604 2454 654 junctim

1494 666 1648 703 Genev‚
1682 666 1801 704 4604.
1842 665 1878 702 8.
1924 663 1986 702 Ad
2011 665 2223 705 Caesarem
2264 665 2455 706 Carolum

1496 728 1562 765 IV.
1594 732 1636 765 ut
1667 727 1814 764 Italicis
1846 726 1965 764 rebus
1993 729 2190 766 maturius
2225 727 2454 779 provideat,

1494 794 1533 826 et
1563 789 1612 827 de
1641 789 1878 826 excellentia
1911 788 2026 826 Urbis
2055 789 2213 827 Romae.
2243 791 2346 829 Haec
2378 801 2456 828 una

1494 863 1584 889 eum
1631 850 1719 888 aliis
1768 849 2003 888 Petrai-chae
2044 850 2233 900 Epistolis
2262 852 2364 890 XIV.
2409 851 2458 890 de

1492 912 1649 962 juribus
1680 913 1837 961 Imperii
1870 912 2034 949 Romani
2064 916 2104 949 et
2134 911 2288 962 injuriis
2332 915 2458 964 Papae
2519 938 2522 940 ψ

1496 978 1628 1011 exstat
1657 975 1779 1011 etiam
1814 974 1850 1010 in
1883 973 2060 1011 Goldasti
2092 973 2461 1025 Monarchialmpe-

1499 1037 1542 1073 rii
1575 1040 1603 1072 t.
1634 1036 1656 1074 3
1684 1047 1718 1085 p.
1743 1036 1859 1074 4345.
1881 1046 1966 1085 seq.
1985 1035 2048 1074 ubi
2069 1034 2279 1074 Petrarcha
2296 1041 2461 1075 vocat-ur

1500 1098 1727 1136 Canonicus
1759 1096 2011 1136 Catbedralis
2027 1097 2231 1136 Ecclesiae
2259 1095 2462 1136 Senensis,

1553 1159 1615 1196 22.
1648 1159 1702 1197 De
1731 1158 1799 1197 sui
1826 1158 1950 1209 ipsius
1970 1160 2007 1197 et
2032 1156 2250 1196 multorum
2275 1157 2462 1208 iqnoran-

1501 1221 1556 1259 tia
1600 1221 1697 1259 liber
1741 1220 1788 1259 ad
1832 1220 2072 1259 DONATUM
2116 1220 2461 1271 Apeninigenam,

1500 1283 1829 1329 Grammaticum,
1847 1283 2061 1333 separatim
2088 1283 2207 1321 etiam
2238 1281 2371 1322 editus
2388 1282 2463 1321 Ge-

1501 1356 1594 1382 nev.
1628 1344 1744 1382 4609.
1780 1345 1839 1383 42.

1554 1406 1616 1443 23.
1650 1406 1800 1445 Contra
1831 1404 1985 1444 Gallum
2018 1405 2156 1444 Ordin.
2186 1405 2354 1444 Cisterc.
2394 1406 2462 1455 qui
2531 1443 2533 1452 A

1503 1466 1763 1505 maledixerat
1793 1468 1952 1515 ltaliae,
1984 1467 2186 1505 invectiva
2217 1466 2265 1505 ad
2304 1465 2465 1518 Ugutio—
2531 1455 2533 1471 ¹

1502 1540 1593 1566 nem
1627 1528 1675 1566 de
1706 1530 1895 1576 Thiems‚
1925 1531 2183 1568 Decretorum
2227 1529 2465 1575 Doctorem,
2531 1529 2533 1578 ξ

1505 1591 1695 1628 nuncium
1734 1590 1984 1641 Apostolicae
2015 1589 2142 1630 Sedis.
2167 1589 2344 1640 Epistola
2365 1589 2464 1628 Galli

1506 1652 1610 1690 illius
1651 1653 1948 1702 praemittitur,
1990 1662 2092 1702 quae
2137 1652 2305 1701 incipit:
2342 1652 2464 1690 Homo
2530 1653 2533 1698 l

1503 1714 1668 1765 quidam
1701 1712 1963 1753 descendebat
1984 1712 2034 1752 ab
2066 1712 2332 1752 Hierusalem.

1556 1776 1621 1815 2'4.
1654 1776 1712 1814 Ad
1745 1776 1993 1814 Clementem
2021 1776 2083 1814 VI.
2108 1773 2355 1813 Medicorum
2381 1777 2466 1811 tur-

1503 1836 1592 1876 bam
1619 1837 1851 1889 suyienclam
1881 1838 2079 1875 hortantis
2109 1836 2350 1876 Petrarcbae
2375 1836 2462 1886 Epi-

1500 1900 1628 1946 stola,
1659 1911 1750 1938 cum
1799 1897 1913 1937 libris
1960 1901 2137 1949 quatuor
2175 1896 2465 1937 invectivarum

1501 1960 1540 1997 in
1568 1956 1760 1999 Medicum
1790 1959 2076 2012 obJurqantem.

1551 2022 1614 2059 255.
1646 2022 1846 2072 Epistolae
1877 2023 1921 2060 V.
1950 2021 1996 2060 cle
2024 2020 2215 2060 sumenda
2245 2023 2364 2072 atque
2401 2032 2464 2059 re·

1498 2086 1610 2133 cepta
1636 2081 1793 2121 laurea.

1555 2146 1618 2182 26.
1645 2143 1920 2182 Bucolicorum
1945 2143 2102 2195 ecloyae
2129 2143 2222 2183 XII.
2243 2144 2365 2194 Incip.
2385 2144 2464 2182 Mo-

1499 2205 1583 2244 nice
1596 2205 1809 2257 tranquillo
1826 2205 1933 2246 solus
1954 2204 2026 2244 tibi
2040 2205 2217 2245 conditus
2227 2208 2358 2243 antro.
2369 2205 2463 2245 (252

1500 2268 1674 2305 Florent.
1705 2279 1766 2318 ap.
1796 2270 1906 2307 Junt.
1939 2267 2054 2307 4504.
2084 2269 2119 2306 8.
2140 2268 2184 2306 V.
2202 2278 2288 2318 sup.
2308 2268 2336 2305 Ι.
2360 2266 2464 2314 234.)

1557 2329 1624 2368 27.
1657 2328 1799 2381 Africa
1829 2331 1914 2368 sive
1945 2329 1993 2367 de
2023 2329 2126 2368 bello
2157 2330 2303 2368 Punico
2331 2333 2371 2367 et
2400 2341 2466 2379 ge-

1500 2391 1574 2428 stis
1611 2391 1806 2442 Scipionis
1837 2392 2009 2430 Africani
2042 2391 2127 2429 libri
2155 2390 2222 2430 lX.
2243 2390 2290 2430 ad
2315 2391 2466 2441 Ruper-

1500 2458 1585 2491 tum
1609 2453 1752 2503 Regem
1777 2453 1946 2499 Siciliae,
1961 2454 2103 2491 Poema
2125 2452 2343 2502 heroicum,
2359 2451 2464 2504 quod

1506 2515 1717 2564 praecipue
1759 2518 1964 2552 auctorem
2011 2525 2129 2553 suum
2161 2514 2271 2552 lauro
2300 2513 2464 2564 dignum

1499 2586 1594 2614 suae
1624 2576 1742 2614 aetati
1773 2575 2079 2614 demonstravit.
2129 2574 2219 2624 (253
2251 2575 2401 2614 -Italice
2443 2586 2464 2613 a

1501 2637 1620 2675 Fabio
1650 2635 1825 2676 Marretti
1857 2637 2026 2675 Senensi
2058 2637 2157 2675 Ven.
2188 2635 2304 2675 1570.
2336 2636 2399 2685 4.)

1557 2699 1620 2736 28.
1653 2696 1926 2750 Epistolorum
1955 2695 2053 2735 libri
2081 2700 2161 2735 tres
2206 2698 2343 2748 scripti
2381 2708 2467 2736 car-

1505 2761 1622 2798 mine.
1656 2761 1770 2809 Incip
1813 2759 1860 2798 Si
1886 2757 1986 2796 mihi
2011 2769 2135 2797 saeva
2159 2757 2272 2809 pium
2310 2769 2468 2799 servas-

1505 2823 1589 2859 sent
1617 2819 1752 2859 sidera
1782 2821 1936 2870 Reqem.

1557 2883 1621 2919 29.
1658 2882 1972 2928 Testamentum,
2004 2879 2108 2930 quod
2139 2892 2231 2920 cum
2263 2880 2468 2920 donatione

1505 2941 1766 2981 Bibliothecae
1812 2953 1934 2989 suae,
1982 2943 2091 2992 Reip.
2140 2943 2316 2982 Venetae
2366 2943 2469 2982 facta

1507 3006 1626 3043 etiam
1657 3004 1918 3054 subjunctum
1935 3004 2082 3055 legitur
2105 3005 2347 3043 novissimae
2371 3004 2465 3043 edit.

1509 3068 1739 3105 Carminum
1755 3068 1856 3104 l'etr.
1869 3067 2094 3105 Hetruscor.
2112 3067 2244 3105 Patav.
2265 3065 2427 3106 47228.

1565 3127 1584 3149 *
1605 3128 1715 3178 Opus
1737 3129 1823 3166 eius
1846 3128 2081 3178 inscriptum
2103 3127 2273 3179 epitoma
2289 3127 2471 3166 virorum

1512 3189 1726 3227 illustrium
1760 3190 1809 3227 ita
1842 3189 2051 3239 hucusque
2081 3200 2219 3239 parum
2246 3192 2384 3227 notum
2411 3190 2471 3228 fu·
2507 3225 2510 3227 .

1506 3276 1623 3299 nerum
1652 3272 1684 3298 et
1708 3268 1791 3298 alios
1814 3269 1903 3299 inter
1932 3267 2130 3300 petrarchae
2168 3269 2297 3308 scripta
2336 3267 2475 3300 refertur

1516 3317 1564 3345 De
1588 3317 1762 3355 pomeriis
1781 3317 1827 3346 ml
1849 3318 2032 3356 Saqemor.
