2533 4009
440 220 517 258 :358

442 292 651 340 Pomponio
695 289 820 332 Mela,
854 285 1060 332 Excerptis
1088 284 1179 320 .Inlii
1227 283 1385 322 llonorii

441 357 479 388 ρι
510 352 679 394 Animi,
713 345 831 395 Lngd.
879 346 961 381 Bet.
993 344 1105 381 1696.
1152 344 1191 382 8,
1234 350 1274 383 et
1303 347 1388 394 qui-

439 412 528 449 dem
559 423 605 448 ex
638 407 778 447 Codice
824 405 943 442 Isaaei
976 405 1129 452 vossii,
1161 406 1226 454 qui
1260 406 1295 442 in
1327 417 1391 443 ea-

440 469 714 517 Stij-'ssllonlbtls
746 466 945 514 Pomponii
967 465 1089 503 Melae
1114 466 1232 515 liujus
1257 471 1392 504 aucto-

441 516 726 578 ru’s‘nliquotios
750 527 991 564 mentionem
1019 527 1177 566 fecerat.
1202 528 1393 566 Exhibuit

440 593 611 640 denique
634 592 668 625 In
693 588 864 625 editione
886 588 1006 626 Melae
1031 591 1248 627 novissima
1272 590 1394 628 Abra-

441 640 580 691 liamus
625 651 876 697 Gronovius,
925 649 1046 700 Lugd.
1090 652 1172 690 Bat.
1214 651 1328 690 ⁴722.
1355 651 1392 690 [ι.

440 713 698 752 collationem
732 714 822 749 cu‘in
857 711 998 749 (lodice
1045 713 1257 759 Vaticano,
1295 714 1394 751 Geo-

439 774 681 824 grapliorum
727 773 968 812 Graecorum
1001 778 1107 812 tomo
1138 777 1253 812 tertio
1292 776 1395 813 inse-

440 838 513 874 ruit
559 837 735 873 Ioannes
783 835 1010 873 Iludsonus.
1042 837 1100 874 Ex
1134 836 1206 874 hoc
1250 836 1393 875 Codice

437 902 616 944 constat.
650 897 809 936 titulum
842 897 926 935 libri
966 908 1040 934 non
1086 909 1175 936 esse
1223 897 1396 948 Geoyra-

435 958 570 1010 plzi'om
590 990 600 1006 ,
632 958 700 996 sed
735 958 1112 1010 Cosmoyraplziam:
1144 964 1183 997 et
1213 959 1323 1009 Opus
1356 962 1393 997 in

441 1022 556 1059 libros
589 1032 664 1058 non
699 1021 822 1059 fuisse
853 1020 1101 1059 distinctum.
1125 1020 1298 1059 Iudicem
1326 1032 1396 1060 au-

437 1088 592 1121 ctorum
623 1083 672 1121 ab
696 1082 836 1120 eodem
862 1083 1147 1133 allegatorum‚
1174 1095 1221 1121 ex
1248 1084 1394 1133 qulbus

440 1145 668 1195 paucissimi
701 1148 875 1192 exstant,
907 1149 975 1182 aut
1005 1145 1148 1183 saltem
1181 1147 1259 1183 noti
1286 1151 1394 1194 sunt,

439 1208 599 1245 exhibet
628 1207 684 1244 Jo.
717 1206 804 1244 Alb.
837 1206 1037 1245 FabriCius
1063 1207 1159 1244 Bibl.
1184 1209 1319 1246 Latina
1349 1210 1395 1247 ΙΙ.

440 1270 474 1305 8.
506 1270 540 1306 3.
573 1268 704 1306 Alium
736 1267 939 1306 Eccardus
970 1268 1053 1305 loco
1086 1269 1250 1308 inferius
1275 1271 1399 1308 citan-

439 1331 513 1378 do,
547 1330 614 1369 sed
648 1332 728 1376 ita⁷
762 1335 803 1368 nt
835 1340 940 1368 unus
970 1341 1017 1368 ex
1054 1330 1177 1368 altero
1222 1332 1396 1381 suppleri

440 1399 571 1443 queat.
606 1393 804 1442 Excerpta
835 1403 883 1429 ex
907 1392 978 1430 boe
999 1392 1252 1443 Geograpbo,
1274 1404 1399 1443 quan-

446 1461 530 1493 tum
576 1455 623 1493 ad
671 1459 800 1492 terras
829 1453 1067 1491 Germaniae
1114 1458 1273 1492 nostrae
1307 1456 1402 1493 infe-

443 1520 566 1555 riores
598 1518 796 1567 pertinet,
843 1515 952 1553 dedit
983 1515 1225 1563 Leibnitius‚
1257 1521 1296 1554 et
1331 1529 1399 1555 an-

443 1579 712 1617 notationibus
758 1577 1001 1623 illustravit⁷
1049 1582 1075 1613 t.
1107 1578 1119 1615 I
1151 1578 1396 1627 Scriptorum

442 1641 801 1679 Brunsvicensium
850 1650 884 1689 p.
929 1639 979 1676 23
1038 1649 1148 1687 seqq.
1181 1639 1400 1690 Cborogra-

443 1702 574 1752 pliiam
604 1713 697 1739 vero
723 1701 952 1740 Britanniae
976 1699 1148 1737 Thomas
1178 1698 1326 1739 Galeus
1349 1702 1397 1740 ad

441 1765 589 1801 calcem
623 1763 780 1800 Itineris
812 1762 1002 1800 Antonini
1051 1763 1086 1800 in
1130 1763 1401 1812 Britanniam,

446 1825 607 1863 Londini
642 1825 756 1864 4709.
792 1825 828 1862 4.

497 1888 600 1925 llaec
647 1887 695 1924 de
742 1888 824 1937 ipso
872 1886 991 1924 libro:
1025 1897 1131 1924 nunc
1163 1886 1393 1936 videamus,

443 1948 534 1999 quid
567 1948 614 1986 de
649 1948 710 1985 illo
743 1949 813 1985 viri
859 1947 961 1985 docti
1010 1950 1220 1986 senserint.
1258 1950 1399 1986 Primis

445 2010 690 2060 temporibus
721 2009 816 2047 nibil
848 2008 896 2046 de
928 2010 1010 2058 Ipso
1038 2016 1303 2057 monuerunt,
1330 2010 1398 2048 sed

443 2083 582 2109 secure
609 2071 655 2109 ad
680 2073 806 2120 ipsum
835 2076 1101 2121 provocarunt
1123 2072 1285 2111 Isaacus
1305 2073 1401 2112 Vos-

442 2135 550 2179 sius,
582 2133 897 2182 Christophorus
942 2133 1168 2180 Cellarius,
1199 2135 1399 2173 Antonius

444 2196 611 2245 l‘agiuS.
642 2200 681 2232 et
708 2196 806 2233 sorte
829 2196 891 2232 alii
920 2195 1064 2244 plures.
1091 2196 1315 2234 Notissimis
1333 2209 1401 2235 au-

444 2262 522 2294 tom
567 2257 816 2306 temporibus
861 2256 908 2293 de
941 2259 1098 2294 nornine
1128 2263 1168 2295 et
1199 2267 1400 2309 tempore,

445 2321 519 2356 imo
549 2320 666 2356 etiam
715 2318 762 2356 de
809 2318 886 2356 ilde
919 2318 1050 2366 illius7
1083 2321 1209 2370 magis
1240 2321 1403 2360 fuerunt

445 2381 617 2418 solliciti.

499 2445 652 2481 Primus
685 2443 755 2482 liae
789 2444 824 2480 in
857 2448 968 2493 parte
999 2445 1241 2483 sententiam
1288 2455 1403 2484 suam

442 2505 538 2542 ‹lixit
563 2505 712 2555 Caspar
742 2507 952 2553 Berettus,
984 2507 1203 2545 monachus
1236 2507 1404 2545 Bedicti-

445 2578 518 2605 nus
548 2572 587 2604 et
617 2568 759 2617 Regius
789 2568 910 2606 Ticini
945 2569 1092 2607 Lector.
1127 2570 1163 2607 Is
1209 2574 1314 2608 tomo
1354 2572 1402 2608 X.

443 2629 687 2678 Scriptorum
720 2629 971 2677 Italicorum,
1003 2632 1068 2680 qui
1100 2642 1163 2669 an.
1185 2631 1299 2670 4727.
1320 2643 1406 2682 pro-

442 2691 626 2739 dierunt,
656 2690 702 2728 (le
733 2690 852 2729 ltalia
882 2691 1001 2730 medii
1028 2693 1120 2731 aevi
1150 2694 1404 2732 Dissertatio-

444 2765 527 2791 uem
560 2753 923 2803 Choroyraplzicam
951 2757 1155 2805 praemisit
1174 2786 1181 2803 ‚
1199 2761 1238 2794 et
1256 2756 1406 2794 Sectio-

447 2828 535 2854 nem
555 2817 599 2854 Il.
622 2817 815 2867 integram
836 2817 1045 2866 Anonymo
1064 2817 1153 2856 huic
1170 2820 1404 2857 Ravennati:

446 2878 507 2914 nbi
536 2877 665 2928 primo
698 2889 840 2916 nomen
873 2879 997 2928 ipsius
1028 2879 1122 2916 dicit
1154 2881 1276 2918 fuisse
1314 2880 1407 2918 Gut-

447 2940 582 2978 donem
603 2972 612 2987 ,
643 2942 709 2990 qui
744 2940 956 2989 Presbyter
987 2941 1059 2979 fuit
1090 2942 1326 2988 Ravennae,
1367 2947 1407 2979 et

450 3009 650 3051 practerea
697 3003 914 3042 Historiam
958 3002 1193 3053 Pontificum
1238 3008 1278 3041 et
1318 3001 1410 3041 belli

451 3063 603 3101 Gothici
629 3067 879 3115 conscripsit.
912 3066 1022 3103 llatio
1052 3065 1140 3114 ejus
1178 3070 1269 3114 est,
1315 3066 1407 3115 quia

454 3126 609 3164 Flavius
641 3128 815 3165 Blondus
833 3159 840 3176 ‚
857 3128 1012 3166 Gabriel
1038 3129 1217 3175 Bai-rius,
1235 3132 1276 3165 et
1298 3139 1409 3178 prae-

455 3187 566 3233 cipue
598 3190 793 3228 Antonius
823 3190 1011 3228 Galateus
1043 3192 1079 3228 in
1107 3191 1237 3228 libello
1262 3189 1308 3228 (le
1331 3189 1409 3229 situ

513 3335 543 3353 a*
567 3325 708 3357 'Iube-tur
732 3333 820 3360 tomo
845 3333 894 3362 lx.
920 3333 1078 3364 Thesauri
1115 3332 1228 3365 Italiae
1253 3335 1414 3364 Graevio-

1229 214 1633 252 RAVENNAS

1462 284 1652 335 Japyyz'ae
1680 285 1714 331 a)
1747 284 1818 322 boc
1847 286 1958 335 Opus
1981 286 2114 324 addito
2137 285 2330 324 Guidonis
2356 295 2423 322 no-

1465 347 1569 383 mine
1599 346 1835 395 allegarunt.
1868 349 1917 385 Et
1948 348 2021 386 hac
2054 349 2089 385 in
2135 352 2246 397 parte
2291 348 2421 397 ipsum
2448 373 2452 386 .

1466 408 1591 446 secuti
1623 412 1718 445 sunt
1748 409 1888 446 Petrus
1920 410 2212 458 Wesselingius
2243 409 2278 446 in
2314 419 2427 459 prae-

1468 469 1613 507 fatione
1629 469 1938 508 adltinerarium
1961 470 2209 518 Antonini‚et
2226 470 2427 509 Fabricius
2488 519 2492 522 .

1472 534 1607 568 noster
1638 541 1758 580 supra
1790 534 1884 568 tom.
1916 530 1983 569 lll.
2026 532 2115 570 426.
2163 532 2215 570 II.
2267 531 2324 570 Ad
2365 541 2430 569 ae-

1469 597 1590 630 tatem
1608 591 1711 641 quod
1732 595 1899 642 spectat,
1917 593 2102 630 Berettus
2120 593 2225 632 bunc
2244 597 2426 631 nostrum

1468 654 1602 692 seculo
1633 654 1713 692 Vll.
1743 657 1783 691 et
1812 653 1913 691 VIII.
1941 652 2140 702 juniorem
2170 665 2258 692 esse
2301 653 2428 692 credit

1469 718 1558 766 quia
1593 716 1618 753 l.
1652 716 1686 752 6.
1720 715 1869 765 profert
1899 715 2027 753 locum
2054 726 2101 752 ex
2119 714 2430 760 Quaestionibus

1469 778 1672 817 Athanasii
1711 777 1758 816 ad
1791 776 2032 815 Antiochum
2077 777 2324 827 praesidem:
2366 777 2430 816 ubi

1470 841 1607 879 multis
1652 841 1732 890 agit
1776 844 1912 878 contra
1960 838 2193 886 Oudinum,
2235 840 2302 888 qui
2347 839 2433 878 {llas
2495 837 2498 842 '

1469 902 1733 947 Quaestiones
1764 901 1812 939 ad
1844 901 2026 939 seculum
2062 911 2188 950 usque
2219 901 2305 939 XII.
2333 905 2434 938 tem-

1470 974 1562 1014 pora
1593 963 1745 1001 scilicet
1775 963 1864 1001 belli
1895 964 2025 1008 sacri,
2051 961 2290 1001 detruserat.
2312 963 2435 1013 Igitur

1472 1029 1585 1075 putat
1614 1026 1826 1070 BerettuS,
1858 1025 2118 1074 Anonymum
2155 1024 2262 1063 hunc
2300 1023 2436 1062 seculo

1472 1088 1536 1125 lx.
1569 1087 1744 1134 vixisse,
1775 1087 1867 1135 quia
1898 1084 2100 1133 Blondus,
2149 1086 2435 1125 volaterranus

1471 1154 1510 1187 et
1540 1148 1601 1186 alii
1635 1148 1745 1186 illum
1772 1152 1868 1186 tunc
1910 1151 2003 1185 ante
2047 1158 2174 1186 annos
2220 1151 2438 1186 sexcentos

1474 1211 1624 1249 vixisse
1659 1209 1924 1248 tradiderunt.
1956 1210 2029 1247 III.
2062 1209 2197 1249 Credit
2227 1211 2439 1255 Berettus,

1473 1273 1686 1310 vdinonom
1721 1271 1953 1310 l‘orcheroni
1986 1276 2026 1309 et
2055 1272 2349 1310 Gronoviorum
2376 1270 2440 1319 (de

1473 1335 1616 1384 quibus
1655 1334 1939 1384 posterioribus
1986 1338 2119 1372 tomen
2168 1344 2217 1371 ne
2267 1333 2437 1371 verbum

1473 1397 1633 1446 quidem
1666 1396 1825 1446 profert)
1858 1406 1933 1433 non
1966 1396 2078 1445 Opus
2110 1394 2306 1433 Guidonis
2338 1395 2440 1432 inte-

1474 1469 1589 1507 grum
1620 1457 1807 1496 exhibere
1826 1486 1834 1505 ‚
1853 1456 1922 1495 sed
1943 1461 2098 1495 tantum
2116 1456 2316 1506 Excerpta
2339 1455 2442 1506 Ope-

1475 1521 1527 1557 ris
1559 1520 1744 1569 plenioris
1775 1521 1982 1557 continere
2000 1549 2010 1566 ‚
2036 1517 2160 1567 idque
2189 1517 2328 1569 probat
2347 1517 2444 1556 locis

1475 1582 1601 1620 tribus
1631 1593 1677 1618 ex
1711 1581 1840 1618 lIbello
1872 1581 2030 1619 Antonii
2062 1580 2214 1619 Galatei
2247 1591 2443 1618 memora-

1475 1648 1512 1680 to
1544 1643 1773 1692 productis:
1806 1647 1889 1680 tum
1921 1653 2080 1692 quoque
2106 1641 2222 1687 inde,
2245 1641 2350 1691 quod
2379 1642 2445 1680 Hi-

1475 1716 1622 1755 spanos
1653 1710 1694 1742 et
1725 1705 1860 1742 Gallos
1890 1705 2114 1754 Scriptores
2147 1704 2358 1754 praecipue
2382 1713 2446 1741 se-

1480 1771 1624 1813 cutus,
1657 1769 1767 1805 vicos
1787 1796 1794 1814 ,
1812 1767 2006 1804 stationes
2025 1766 2087 1804 vel
2111 1766 2340 1803 mansiones
2358 1775 2444 1802 sae-

1481 1831 1643 1879 pissime
1674 1839 1742 1878 pro
1773 1828 1937 1866 urbibus
1961 1828 2113 1878 aceepit
2132 1857 2142 1874 ‚
2168 1831 2208 1864 et
2234 1826 2385 1864 Italiam
2407 1826 2444 1863 in

1474 1891 1613 1929 XVIII.
1646 1891 1870 1941 provincias
1901 1900 1943 1926 se
1976 1888 2157 1926 dividere
2190 1887 2294 1926 velle
2325 1887 2444 1936 dicit,

1471 1958 1513 1991 et
1543 1958 1675 1991 tamen
1707 1951 1937 2001 quindecim
1971 1954 2128 1989 tantum
2157 1952 2354 1997 numeret,
2380 1949 2447 1987 tri-

1474 2026 1538 2053 um
1571 2014 1791 2052 insularum
1824 2013 1983 2051 oblitus.
2018 2011 2200 2050 Tandem
2229 2010 2279 2049 ad
2323 2021 2447 2050 anno-

1475 2078 1644 2115 tationes
1676 2075 1908 2113 l‘orclieroni
1939 2072 2136 2123 quaedam
2169 2075 2399 2111 monentur.

1529 2138 1719 2187 Sequitur
1749 2137 1925 2174 Joannes
1969 2134 2166 2184 Georgius
2212 2133 2443 2180 Eoo-ardus,

1477 2201 1544 2249 qui
1578 2198 1744 2245 codem,
1775 2208 1853 2247 quo
1884 2198 2092 2244 Berettus,
2124 2200 2302 2247 tempore
2349 2196 2443 2233 seri-

1480 2262 1585 2312 psit,
1617 2265 1657 2297 et
1686 2258 1998 2299 Commentariis
2028 2256 2214 2307 equidem
2257 2257 2447 2296 Franciae

1477 2322 1718 2369 orientalis,
1749 2321 1817 2359 sed
1865 2325 2000 2359 tamen
2048 2318 2282 2370 praefationi
2328 2316 2448 2356 finem

1479 2396 1555 2423 non
1583 2385 1782 2435 imposuit.
1816 2384 1880 2429 Is,
1905 2393 1998 2421 cum
2023 2380 2353 2419 dissertationem
2377 2381 2450 2418 Be-

1479 2449 1568 2487 retti
1603 2459 1678 2486 non
1711 2447 1883 2495 viderit,
1913 2444 1984 2483 sed
2030 2447 2190 2483 tantum
2235 2454 2284 2481 ex
2327 2442 2450 2481 Novis

1479 2510 1752 2561 Lipsiensibus
1779 2509 2022 2547 mentionem
2055 2506 2164 2545 illius
2190 2505 2335 2544 factam
2361 2514 2450 2542 esse

1480 2573 1748 2619 intellexerit,
1781 2574 1956 2609 mentem
1988 2579 2102 2608 suam
2134 2572 2240 2606 tomo
2274 2567 2302 2605 1.
2348 2567 2444 2616 Ope·

1483 2636 1536 2672 ris
1567 2634 1714 2673 laudati
1747 2643 1783 2683 p.
1816 2632 1908 2671 902.
1938 2632 1994 2670 sic
2024 2630 2201 2680 exponit.
2229 2629 2363 2676 Dicit,
2407 2637 2450 2666 se

1482 2698 1556 2735 sub
1589 2697 1746 2734 initium
1779 2693 2062 2732 Commentarii
2094 2691 2142 2730 de
2176 2690 2299 2729 rebus
2334 2690 2453 2727 Fran-

1481 2760 1564 2797 ciae
1594 2757 1808 2796 Orientalis
1839 2756 1886 2794 ad
1918 2755 2025 2793 hunc
2055 2753 2315 2803 Anonymum
2363 2761 2450 2801 pro-

1486 2831 1671 2867 vocasse,
1702 2819 1817 2868 eique
1834 2817 2016 2855 seculum
2033 2815 2113 2854 VII.
2132 2814 2335 2852 tribuisse.
2361 2813 2447 2850 Jam

1485 2893 1577 2920 vero
1595 2881 1776 2919 Oudinus
1795 2883 1955 2929 propter
1971 2878 2186 2927 allegatum
2206 2872 2452 2913 Pseudo-At·

1483 2943 1633 2981 hanasii
1666 2942 1796 2979 locum
1826 2943 2029 2978 auctorem
2062 2936 2109 2976 ad
2136 2935 2318 2975 seculum
2342 2933 2452 2972 XIII.

1483 3003 1686 3050 detrudit,
1718 3006 1758 3040 et
1788 3000 1899 3051 Opus
1930 2999 2025 3038 illud
2055 2997 2348 3045 Quaestionum
2379 2994 2449 3034 At-

1484 3066 1648 3104 hanasio
1677 3063 1925 3103 I‘atriarcbae
1955 3059 2248 3107 Alexandrino,
2273 3059 2362 3108 qui⁷
2380 3057 2453 3095 Re·

1488 3127 1674 3166 naudotio
1705 3131 1834 3173 teste,
1865 3136 1898 3163 a.
1931 3123 2050 3162 4252.
2079 3122 2114 3160 el
2150 3120 2265 3160 4262.
2314 3118 2447 3164 sedit,

1475 3191 1753 3238 attribuerat.
1785 3186 1886 3233 Quid
1919 3183 2122 3225 leccardus
2154 3178 2449 3221 noster?Con-

1484 3332 1741 3363 Burmanni-ani.
