2517 4009
645 193 678 233 J’.
728 193 966 242 ANTIQ.
1005 191 1424 235 EPISTOLAE

71 268 204 320 plures
229 267 404 316 nobiles,
429 270 563 306 nostra
587 266 634 306 ad
661 267 758 307 haee
798 268 927 306 littora
953 279 1021 306 na-

72 331 188 370 vibus
209 330 479 382 applicantes,
515 329 644 368 locum
687 336 896 381 postquam
944 330 1018 368 illis

70 393 264 440 habilem,
284 393 486 444 situmque
505 393 851 443 incomparabilem
874 404 1016 444 eogno-

72 461 231 496 verant:
260 456 309 495 ibi
334 461 543 507 postquam
566 455 808 494 desidientes
832 455 1020 495 consede-

71 523 180 567 rant,
212 520 500 559 incrementum
527 519 716 558 eximium
755 523 916 569 caeptae
954 518 1019 557 Ci-

70 582 181 621 vitati
231 582 476 621 omnifariam
497 611 504 629 ,
571 581 774 631 modisque
835 580 1018 619 omnibus

68 645 300 684 contulisse.
329 645 407 684 Nec
435 644 618 695 equidem
644 644 706 683 alii
732 643 918 691 defuere,
952 643 1017 693 qui

70 706 248 747 dicerent
287 707 439 747 Siculos
483 707 678 758 quosdam
721 706 1020 756 antiquissimos

70 770 235 824 populos
267 771 528 820 Tyrannicam
556 770 773 820 Cyelopum
791 799 800 817 ‚
828 769 1018 818 Lestrigo-

71 844 248 884 numque
280 833 476 884 fugientes
511 832 773 883 edacitatem,
811 832 1016 870 sinistrum

69 896 203 936 ltaliae
226 896 317 936 litus
337 927 346 943 ,
368 908 435 947 per
460 895 705 935 Adriaticum
744 895 910 934 navibus
935 906 1020 945 per-

69 959 256 1011 legentes,
272 959 318 998 ad
339 964 518 999 nostrum
539 961 665 1009 ipsum
690 959 887 1010 Apennini
910 969 1019 996 mon-

73 1023 124 1061 tis
156 1024 467 1075 promontorium
499 1023 718 1069 ANCONA,
749 1023 908 1061 liberam
949 1022 1018 1060 sibi

68 1084 269 1125 Coloniam
287 1086 481 1137 delegisse
504 1087 539 1123 in
560 1085 641 1124 loco
664 1085 776 1124 fertili
799 1117 807 1131 ,
831 1097 920 1123 aere
945 1085 1019 1123 sub

71 1159 224 1200 aequ0,
249 1149 365 1187 claris
388 1150 423 1186 in
442 1149 608 1187 collibus
633 1149 831 1188 Oenotriis
852 1177 859 1197 ,
881 1153 920 1186 et
945 1148 1019 1186 sub

69 1211 169 1261 pede
194 1209 372 1260 ejusdem
399 1210 588 1250 Acroterii
631 1211 776 1248 montis
813 1210 1017 1261 praecelsi.

69 1273 140 1312 Ubi
180 1274 441 1313 Liburnorum
479 1276 515 1311 in
552 1278 740 1324 cospectu
776 1273 822 1312 ad
860 1278 1015 1323 portum

70 1347 196 1386 aquae
228 1337 597 1388 conspectabantur,
623 1348 641 1374 a
664 1348 741 1387 quo
762 1335 807 1374 ad
831 1335 1016 1386 illyriam,

71 1397 288 1448 Graeciam,
321 1400 467 1448 Asiam,
498 1403 538 1437 et,
568 1399 807 1449 Aegyptum,
850 1399 1019 1448 reliqua-

70 1471 169 1512 sque
191 1463 437 1501 necessarias
452 1461 630 1512 gentium
651 1462 831 1511 regiones
847 1460 1018 1504 saluber,

68 1534 114 1562 ac
144 1522 268 1562 facilis
311 1523 590 1575 navigantibus
620 1522 668 1561 ab
714 1523 821 1561 ltalia
867 1527 1017 1573 pateret

65 1597 280 1636 aceessus;
306 1586 379 1624 hoe
403 1586 508 1624 enim
534 1586 785 1624 sanctissimo
827 1590 937 1636 pacto
970 1596 1017 1623 ne

66 1663 244 1703 unquam
270 1651 318 1691 ibi
344 1651 505 1690 deesset
530 1650 747 1699 honestae,
773 1655 814 1690 et
835 1651 1015 1702 pulcher-

68 1715 190 1753 rimae
211 1713 405 1753 libertatis
429 1715 617 1764 speeiem,
643 1713 778 1762 decus,
797 1725 953 1760 nomen,
980 1718 1019 1752 et

69 1781 363 1817 ornamentum.
387 1777 438 1816 At
461 1777 667 1815 enimvero
693 1782 783 1815 noto
811 1778 914 1815 inter
950 1787 1019 1815 au-

65 1844 197 1880 ctores
221 1840 393 1878 Graecos
406 1840 674 1890 comperimus
696 1839 1017 1878 Mathematicum

70 1901 179 1941 illum
195 1901 402 1942 Claudium
423 1902 692 1940 Ptolemaeum
704 1901 1017 1941 Alexandrinum

63 1964 137 2004 hae
160 1964 209 2004 de
247 1964 492 2005 nobilissima
536 1964 704 2002 Civitate
744 1965 932 2003 trifariam
981 1970 1021 2002 et

66 2027 262 2079 egregiam
299 2028 540 2065 mentionem
567 2026 711 2065 habere
749 2028 812 2077 (i).
834 2028 1019 2066 Posuerat

64 2089 168 2128 enim
197 2090 234 2127 in
256 2100 328 2128 suo
349 2088 396 2127 de
418 2088 661 2140 Geographia
692 2088 799 2138 libro,
832 2090 867 2126 in
894 2090 1018 2128 Euro-

63 2163 135 2203 pae
157 2150 445 2203 chorographia
494 2152 612 2190 italas
655 2152 756 2189 inter
801 2153 1016 2190 maritimas

62 2219 215 2265 partes,
237 2216 339 2253 inter
358 2219 399 2253 et
421 2215 634 2262 Maritinos,
660 2215 918 2264 Senonasque
953 2215 1015 2254 Ci-

49 2277 236 2328 salpinos
268 2277 400 2317 Gallos
420 2278 580 2317 Ancona
604 2278 832 2316 Picenorum
859 2278 1016 2328 provin—

61 2341 144 2380 eiae
169 2341 377 2392 insignem,
402 2342 706 2392 primariamque
740 2341 949 2378 Civitatem
975 2342 1011 2379 in

66 2404 157 2444 sinu
179 2403 337 2455 Illyrico
360 2403 407 2442 ad
433 2405 639 2443 sinistrum
669 2403 801 2442 ltaliae
828 2403 950 2451 littus,
976 2408 1015 2442 et

62 2467 263 2518 egregium
289 2467 327 2505 in
348 2466 512 2506 Adriaco
536 2466 732 2517 Apennini
759 2468 903 2505 montis
929 2478 1013 2517 pro-

64 2530 244 2583 montorii
269 2533 401 2580 eaput,
433 2529 642 2568 habentem
668 2529 716 2568 ab
747 2529 919 2568 Occiduo
945 2541 1013 2580 per

64 2591 348 2644 longitudinem
365 2592 512 2644 gradus
527 2594 734 2641 XXXVI„
765 2598 882 2643 atque
900 2592 1012 2631 binas

67 2660 230 2708 quartas
247 2685 257 2702 ‚
281 2655 502 2695 latitudinis
522 2668 615 2695 vero
645 2656 693 2695 ab
728 2655 1012 2706 Aequinoctiali

69 2719 107 2758 in
129 2717 293 2758 Arctum
319 2716 465 2769 gradus
490 2723 641 2770 septem
666 2718 713 2757 de
738 2719 1012 2769 quinquagieS,

65 2784 106 2820 et
128 2779 349 2826 dimidium,
374 2791 546 2832 cumque
572 2786 696 2820 sexto.
728 2781 812 2827 Qua
843 2790 935 2819 vero
973 2781 1009 2817 in

62 2847 172 2894 parte
198 2850 354 2882 montes
377 2842 654 2894 descripserat,
682 2843 910 2894 Apenninus
936 2843 1011 2894 pri-

64 2916 173 2944 mum
198 2904 245 2944 ad
270 2906 444 2945 Aneonis
470 2907 777 2956 promontorium
806 2906 841 2942 in
868 2905 1003 2943 Adria-

61 2978 153 3008 eum
173 2980 279 3008 mare
307 2973 519 3020 vergentes
538 2973 733 3019 posuerat.
756 2968 824 3006 Ubi
846 2966 1005 3005 tandem

67 3030 104 3069 in
130 3030 206 3070 fine
230 3030 278 3070 de
303 3031 456 3071 dierum
496 3031 717 3080 altitudine,
756 3030 942 3068 nobilium
969 3030 1005 3065 in

62 3094 171 3134 Italia
191 3094 406 3134 Civitatum
433 3095 672 3133 mentionem
701 3093 817 3132 habet
840 3092 899 3140 ⁴1).
929 3091 1006 3129 An-

62 3167 201 3196 conem
225 3158 276 3197 X.
302 3159 404 3196 inter
435 3158 609 3209 insignes
631 3158 751 3196 totius
773 3155 905 3194 ltaliae
939 3153 1007 3192 Ur-

63 3218 133 3259 bes
157 3218 378 3271 descripsit,
404 3219 613 3260 habentem
655 3219 867 3258 maximam
911 3217 1002 3254 anni

143 3318 188 3359 (1)
211 3315 354 3350 Ptolem.
379 3317 484 3355 Geoe.
509 3318 533 3350 Ι.
557 3321 586 3349 3.
611 3326 684 3356 cap.
712 3318 740 3346 1.

142 3372 186 3411 (2)
210 3370 304 3402 Idem
329 3369 388 3402 lib.
413 3369 508 3402 vm.
533 3370 600 3401 tab.
626 3369 685 3399 Vl.

1964 196 2036 237 641

1092 268 1210 316 diem⁷
1248 269 1433 309 horarum
1477 270 1561 309 XV.
1596 274 1716 321 atque
1741 269 1900 308 tertiam
1925 267 2043 307 horae

1094 338 1260 383 partem,
1290 332 1503 372 distantem
1529 333 1577 373 ab
1598 333 1836 373 Alexandria
1868 343 1936 383 per
1971 331 2046 371 Oc-

1093 394 1254 434 ciduum
1295 395 1388 435 hora
1436 407 1524 443 una,
1570 402 1689 448 atque
1735 396 1836 435 binis
1878 397 2043 448 quartis.

1095 458 1223 497 Aliam
1252 471 1344 497 vero
1371 472 1488 498 unam
1511 460 1688 510 ejusdem
1709 461 1879 499 nominis
1906 460 2047 498 urbem

1093 533 1137 559 eo
1161 522 1209 560 ab
1233 527 1392 561 auctore
1418 528 1498 561 toto
1528 528 1724 562 terrarum
1768 523 1860 562 orbe
1895 523 2048 562 deseri-

1094 588 1200 635 ptam
1226 586 1505 635 comperimus.
1545 586 1640 624 Nam
1681 587 1719 623 in
1768 586 2042 637 Cappadociae

1097 647 1338 685 nobilissimo
1360 648 1490 698 Regno
1517 650 1735 687 maritimas
1760 648 1806 687 ad
1838 660 1927 688 oras
1948 651 2048 689 Leu-

1093 719 1258 759 cosyron
1280 711 1403 760 posita
1420 715 1481 748 est
1503 710 1651 748 Ancon.
1677 710 1752 750 Sed
1775 711 1878 761 quod
1904 711 1951 750 ad
1979 723 2047 751 no·

1093 775 1200 810 strae
1226 773 1430 812 cumulum
1450 773 1643 812 claritatis
1659 773 1822 821 aceedit,
1845 774 1917 813 hoe
1937 786 2049 825 prae-

1094 835 1206 885 cipue
1228 835 1390 885 dignum
1417 847 1741 883 commemorare,
1783 841 1822 874 et
1867 848 2050 888 peregre-

1093 900 1199 950 gium
1228 899 1340 938 nobis
1362 901 1492 938 visum
1513 904 1587 946 est,
1610 899 1712 950 quod
1736 899 1890 946 harum,
1909 900 2046 939 decem

1095 962 1301 1007 nobilium,
1326 968 1365 1001 et
1401 965 1653 1015 antiquarum
1704 963 1837 1002 ltaliae
1882 963 2047 1002 Urbium

1097 1037 1174 1065 una
1205 1026 1300 1066 haec
1330 1026 1477 1066 Civitas
1508 1028 1658 1073 Ancon,
1695 1028 1808 1066 unica
1847 1026 1922 1065 sub
1945 1026 2046 1065 alma

1095 1089 1163 1127 Dei
1207 1091 1346 1130 Vicarii
1393 1096 1590 1142 potestate
1615 1090 1660 1129 ad
1690 1095 1870 1130 nostrum
1920 1101 2048 1141 usque

1095 1156 1266 1204 tempus,
1290 1156 1402 1193 unica
1427 1160 1465 1192 et
1482 1155 1583 1193 alma
1607 1154 1762 1193 Civium
1781 1153 2047 1192 democratica

1096 1217 1276 1256 libertate
1302 1220 1426 1257 floret.
1452 1218 1646 1268 Reliquae
1669 1229 1762 1255 vero
1794 1228 1933 1256 omnes
1963 1216 2049 1267 (no-

1098 1292 1201 1319 mam
1224 1292 1381 1331 semper
1403 1281 1566 1330 excipio)
1591 1284 1660 1319 aut
1683 1279 1835 1319 deletae
1859 1281 2043 1331 penituS,

1093 1347 1161 1381 aut
1186 1345 1392 1392 tyrannica
1423 1343 1570 1381 ditione
1607 1343 1795 1382 subactae
1836 1341 2047 1381 serviendo

1096 1411 1278 1451 mest-am,
1308 1411 1347 1443 et
1377 1406 1582 1455 lugubrem
1607 1409 1728 1445 vitam
1759 1410 1896 1456 agunt.
1927 1405 2046 1444 Clito-

1096 1468 1260 1507 machus
1279 1480 1384 1516 vero,
1401 1469 1577 1508 Graecus
1599 1473 1638 1507 et
1665 1469 1758 1519 ipse,
1785 1473 1921 1507 auctor
1942 1466 2046 1509 haud

1095 1531 1274 1581 ignobilis
1304 1532 1479 1571 multum
1504 1536 1596 1571 ante
1622 1534 1705 1571 suis
1732 1533 1767 1569 in
1792 1531 2045 1570 Commenta-

1092 1594 1160 1632 riis
1186 1594 1282 1633 haec
1309 1594 1356 1632 de
1380 1594 1543 1633 Ancone
1570 1596 1717 1645 scripta
1742 1594 1796 1632 rel
1816 1595 1915 1643 quit,
1941 1597 1982 1631 ut
2006 1597 2046 1631 et

1093 1655 1234 1695 Latine
1265 1656 1431 1696 habetur
1460 1669 1508 1696 ex
1555 1658 1661 1695 Lino.
1706 1654 1822 1695 Fides
1869 1656 2046 1707 primum

1092 1717 1262 1758 Aneonis
1287 1717 1456 1770 lapidem
1481 1723 1650 1758 cemento
1671 1718 1818 1771 pressit
1835 1717 1947 1757 Divis
1964 1729 2047 1756 ma-

1091 1778 1208 1820 nibus
1248 1783 1334 1820 suis
1359 1781 1397 1820 in
1428 1780 1507 1820 loco
1529 1781 1795 1820 Paratancino
1818 1782 1867 1830 (1)
1891 1779 1946 1818 acl
1968 1779 2047 1818 Iae-

1092 1855 1183 1882 vam
1203 1844 1338 1895 pacati
1368 1843 1525 1889 littoris,
1569 1842 1825 1884 semesa-ibas
1867 1846 2043 1895 quatuor

1096 1909 1132 1944 et
1153 1906 1452 1958 quinquaqinta,
1479 1909 1533 1958 (2)
1551 1907 1628 1946 sole
1652 1909 1814 1959 septimo
1839 1911 1926 1947 ante
1949 1907 2045 1945 Per-

1092 1981 1300 2019 qamorum
1314 1969 1510 2021 flammas.
1536 1971 1781 2010 Domesticos
1798 1982 1891 2010 vero
1910 1975 2046 2009 aueto-

1094 2044 1169 2080 res,
1191 2034 1254 2083 qui
1274 2034 1575 2073 celeberrimum
1602 2033 1721 2084 hujus
1747 2034 1873 2073 almae
1895 2034 2039 2073 Civita-

1092 2096 1142 2130 tis
1181 2105 1324 2132 nomen
1360 2099 1686 2139 commemorant,
1732 2100 1769 2132 te
1801 2094 1965 2142 dudum,
1997 2099 2037 2132 et

1089 2155 1222 2206 plures
1252 2156 1452 2195 lectitasse
1484 2168 1558 2195 non
1590 2156 1740 2195 dubito.
1770 2157 1949 2207 Namque
1974 2157 2035 2195 Ti-

1087 2217 1238 2257 bullum
1270 2220 1427 2257 Poetam
1458 2219 1560 2258 haud
1589 2219 1798 2270 ignobilem
1824 2219 1871 2258 de
1908 2220 2039 2260 Anco-

1091 2293 1139 2318 ne
1169 2281 1266 2320 haec
1296 2282 1384 2321 talia
1410 2283 1616 2333 scripsisse
1647 2282 1963 2322 luculentissime
1985 2282 2041 2321 di·

1087 2343 1241 2383 dicisti:

1141 2406 1262 2447 Fides
1287 2408 1377 2460 fiaca
1419 2412 1483 2447 tuo
1524 2411 1657 2447 saneto
1699 2406 1745 2446 de
1789 2407 1941 2446 nomine
1984 2406 2041 2446 di-

1088 2471 1142 2507 sci
1170 2471 1219 2519 (3)·

1143 2532 1257 2582 Quae
1281 2532 1448 2572 tumidos
1475 2531 1607 2585 Illyris
1625 2532 1770 2584 flnctus
1797 2532 1846 2585 (⁷4)
1877 2533 2042 2585 repelle-

1085 2599 1145 2633 ret
1173 2596 1318 2634 Ancon.

1089 2659 1289 2697 Lucanum
1312 2670 1406 2697 vero
1424 2658 1736 2706 Cordubensem,
1761 2658 1856 2697 dum
1878 2659 1914 2697 in
1941 2669 2033 2699 cau-

1086 2734 1125 2761 sa
1148 2722 1235 2761 belli
1262 2723 1390 2762 civilis
1408 2723 1583 2768 insignes
1602 2722 1648 2761 ad
1668 2728 1883 2774 utrumque
1903 2723 2038 2763 ltaliae

1084 2785 1195 2824 littus
1221 2785 1461 2824 describeret
1486 2785 1623 2832 Urbos,
1650 2785 1800 2824 dixisse
1823 2787 1988 2824 novisti:

1112 2847 1210 2887 Hinc
1247 2848 1423 2900 Tyrreno,
1461 2847 1562 2887 vado
1597 2846 1829 2900 franyentes
1865 2860 2039 2901 aequora

1839 2910 1958 2950 Pisae

1103 2971 1215 3012 Illinc
1235 2971 1468 3010 Dalmaticis
1489 2970 1663 3011 obnoxia
1681 2971 1869 3024 fluctibus
1887 2973 2034 3012 Ancon.

1133 3036 1366 3076 ,Iuvenalem
1398 3035 1580 3086 equidem
1613 3036 1800 3086 Satyrum
1842 3037 2034 3075 cecinisse

1081 3099 1183 3139 haud
1210 3101 1389 3149 ignoras:

1163 3215 1207 3253 (1)
1233 3214 1311 3245 liin.
1338 3213 1567 3245 l'aralantino.

1163 3267 1208 3303 (Ξ)
1233 3265 1312 3295 ltin.
1336 3265 1456 3296 ‹leeem
1479 3269 1513 3297 et
1536 3265 1791 3307 quinquaginta.

1156 3317 1200 3354 (3)
1228 3315 1304 3346 ltin.
1329 3314 1430 3347 Dixti.

1155 3367 1200 3407 (t)
1223 3365 1301 3397 ltin.
1327 3367 1539 3407 nepa-lieret.
1562 3368 1692 3401 Desunt
1716 3369 1800 3400 haec
1825 3366 1857 3399 in
1882 3365 2033 3399 Tibullo.

1659 3421 1737 3460 ⁶232
