2533 4009
440 260 492 297 76
1199 255 1699 296 MICROLOGUS

439 328 747 378 coynoscendam
778 325 1024 377 syllabarum
1053 327 1310 377 quantitatem
1335 358 1343 375 ,
1372 341 1398 367 α

442 391 590 428 Micone
622 391 757 427 Levita
786 390 821 433 all
852 399 870 425 e
896 387 1019 438 poetis
1048 399 1128 425 una
1157 389 1246 426 cum
1273 391 1398 428 versi-

445 448 518 488 bus
544 480 551 496 ‚
582 449 727 501 quibus
758 450 909 487 inserta
948 452 1065 495 sunt,
1103 449 1264 498 payinis
1301 450 1399 488 dica-

442 509 513 550 bus
543 515 847 561 etz-emptorum:
873 520 948 560 quo
987 509 1034 548 (le
1067 509 1399 561 labore,qualem

441 576 477 609 et
505 574 674 609 Sinetms
719 569 856 608 ‹leinde
893 571 1089 622 suscepit,
1131 572 1211 622 ipse
1250 572 1398 610 Auctor

444 632 498 669 ita
525 631 763 683 pnaesatur:
1168 684 1170 686 Ι

497 692 691 730 Omnibus
735 692 978 731 amatoribus
1018 694 1262 743 sapientiae⁷
1301 695 1397 732 Mieo

443 753 562 789 lex-ita
594 764 756 802 parvum
789 758 915 791 totum
947 754 1051 803 quod
1076 759 1153 792 est.
1183 755 1326 792 Notum
1347 755 1399 794 sit

442 811 646 854 omnibus,
695 814 791 864 quia
834 826 924 852 cum
968 814 1149 864 (leym-em
1192 814 1392 854 vobiscum

447 874 631 924 cpliz'patu-
655 874 690 922 b)
716 875 825 925 coepi
846 874 1132 926 reprehendere
1148 887 1295 926 pueros
1309 887 1396 914 ver-

451 933 501 972 bu
531 934 735 973 lectionum
762 940 990 974 nostrarum
1010 948 1082 973 non
1101 940 1250 973 tantuin
1268 936 1314 973 (le
1335 935 1394 973 lit-

449 996 544 1034 teris
574 1000 765 1047 quantum
797 996 842 1033 cle
874 997 1118 1046 correptione
1146 994 1208 1033 vel
1244 994 1394 1046 produ-

445 1057 568 1095 ctione
597 1057 847 1108 qoeorunflam
880 1055 1150 1093 bcmnitarum.
1174 1058 1205 1103 (τ’)
1239 1058 1327 1104 Qua
1347 1055 1393 1094 (le

444 1129 488 1155 re
512 1122 723 1155 commotus
771 1121 808 1154 et
852 1116 934 1154 zelo
978 1115 1161 1154 utilitatis
1203 1128 1393 1155 accensus

443 1179 552 1228 coepi
586 1178 809 1227 (lilissente'us
849 1177 1110 1226 perscrutari
1152 1178 1391 1216 monimenta

438 1242 662 1288 poetarum,
681 1241 800 1287 atque
829 1236 875 1275 (le
904 1237 1069 1286 sinyulis
1091 1250 1195 1288 quae
1219 1239 1394 1277 varieta-

450 1303 525 1336 tem
550 1296 808 1350 patiebantur
836 1297 1051 1337 verborum
1087 1300 1272 1350 eoeempla
1313 1299 1397 1353 affi-

442 1371 536 1410 9ere
559 1364 795 1398 auctorum:
826 1359 881 1398 ila
910 1364 954 1398 ut
964 1360 1082 1410 prius
1100 1360 1267 1400 verbum
1276 1373 1397 1412 prae-

441 1421 629 1471 fiyerem,
659 1421 796 1459 deinde
825 1421 1052 1472 exemplum
1081 1434 1201 1461 verae
1231 1427 1398 1462 ostenta-

455 1483 570 1521 tionis
601 1483 749 1533 ipsius,
773 1483 975 1533 posthaec
989 1495 1128 1522 ‘nomen
1143 1484 1319 1523 auctoris
1338 1483 1401 1523 vel

447 1542 553 1582 libri.
585 1545 699 1593 Quod
725 1556 820 1595 opus
844 1556 1022 1595 parvum
1052 1549 1096 1583 ut
1129 1546 1270 1596 cuique
1309 1546 1399 1596 pla-

441 1605 581 1653 cuerit,
606 1617 754 1643 memor
783 1617 865 1644 esse
895 1606 1057 1645 Miconis
1086 1606 1294 1656 diynetur:
1331 1607 1402 1658 qui

443 1678 521 1703 uon
536 1666 651 1717 typho
671 1666 739 1705 hoc
757 1667 937 1706 elationis
951 1699 962 1716 ‚
976 1667 1046 1706 sed
1059 1668 1228 1706 utilitate
1244 1672 1399 1706 cuncto-

442 1739 535 1765 rum
553 1739 650 1778 opus
666 1740 856 1777 agressus
872 1740 974 1767 sum.
992 1729 1134 1767 Currit
1151 1733 1280 1768 autem
1299 1741 1399 1767 com-

441 1788 551 1826 mode
572 1801 645 1839 per
664 1788 896 1839 alfabetum,
925 1793 970 1826 ut
994 1788 1155 1841 facilius
1173 1790 1397 1829 inveniatur

440 1849 546 1899 quod
572 1848 622 1887 ab
652 1853 809 1887 amante
838 1850 1078 1900 requiritur.
1111 1851 1262 1901 Incipit.

492 1910 731 1948 Alsabetum.
763 1912 843 1949 Hoc
867 1910 1023 1948 discant
1050 1923 1180 1950 omnes
1209 1915 1299 1950 ante
1335 1911 1394 1950 al-

437 1969 480 2020 fa
509 1974 546 2008 et
573 1969 660 2008 beta
688 1970 858 2022 puellae.
891 1973 1111 2019 ,luvenalis,

493 2032 659 2070 Accidit.
686 2032 837 2070 Accidit
857 2032 951 2071 haec
965 2032 1084 2084 fessis
1100 2034 1216 2072 etiam
1233 2033 1398 2086 fortuna

441 2093 605 2131 Latinis.
638 2095 836 2144 Virgilius

497 2154 627 2192 Finit:
664 2155 855 2192 Venetus.
887 2154 960 2192 IIic
994 2156 1159 2194 Venetus
1194 2160 1398 2207 staynante

442 2214 576 2260 Pado,
606 2214 801 2266 fususque
827 2216 1055 2254 Britannus.
1088 2218 1307 2256 Lucretius.

495 2277 819 2316 MlCssOl.Ot}US
843 2277 889 2315 (le
920 2276 1213 2316 Ecclesiasticis
1257 2277 1399 2317 Obser-

444 2335 680 2376 vationibus
697 2367 706 2384 ‚
728 2350 774 2376 ex
801 2350 878 2387 quo
908 2338 956 2377 de
987 2339 1123 2377 Officio
1146 2340 1315 2384 Missae,
1337 2351 1400 2378 ca-

443 2399 523 2448 pita
568 2399 694 2436 XXll.
726 2400 886 2450 vulgata
917 2411 938 2438 a
968 2401 1119 2438 Joannc
1160 2401 1329 2439 Coelileo
1359 2402 1397 2438 in

444 2461 605 2509 speculo
636 2462 822 2510 antiquae
853 2461 1075 2499 devotionis
1118 2462 1253 2500 Colon.
1284 2464 1398 2501 4549.

444 2521 508 2558 fol.
534 2521 580 2559 ad
612 2533 714 2571 quae
745 2534 779 2572 p.
815 2523 901 2561 496.
929 2523 1155 2573 praefatuS,
1184 2523 1283 2562 Cum
1305 2523 1401 2574 pius

442 2582 592 2630 inquit⁷
625 2586 661 2620 et
706 2582 886 2622 eruditus
937 2583 1002 2622 Vir
1033 2585 1074 2622 D.
1107 2585 1268 2623 Michael
1310 2585 1401 2623 We—

444 2647 730 2691 stermannus,
761 2645 1043 2696 antiquitatum
1074 2646 1222 2684 eocimie
1254 2646 1401 2684 studio-

444 2714 513 2741 sus
532 2709 811 2753 perscrutator
825 2736 835 2752 ‚
851 2706 990 2758 fecerit
1007 2707 1105 2746 milti
1121 2708 1272 2759 copiam
1292 2712 1401 2746 vetu-

443 2768 594 2802 storum
630 2766 779 2816 aliquot
818 2767 1013 2806 librorum
1057 2769 1317 2808 videndorum
1346 2781 1401 2808 eac

442 2823 542 2862 Bibl.
570 2825 804 2864 Catliedrali
832 2828 1118 2867 Wormaciensi
1141 2859 1148 2875 ‚
1174 2830 1276 2868 inter
1303 2841 1401 2880 quos

443 2886 521 2924 duo
553 2888 748 2937 Micrologi
776 2889 937 2926 titulum
957 2888 1177 2927 habebant:
1197 2890 1327 2928 visum
1345 2895 1403 2929 est

442 2948 541 2986 mihi
565 2949 705 2987 saltem
736 2953 889 2998 partem
921 2951 1120 2999 quandam
1152 2963 1206 2989 eac
1236 2951 1284 2989 iis
1317 2950 1402 2989 bre-

443 3008 544 3047 viter
573 3020 793 3060 eaccerperc
822 3014 896 3048 etc.
928 3011 1105 3049 Eandem
1133 3016 1286 3061 partem
1315 3014 1402 3063 plu-

443 3070 552 3108 ribus
581 3072 860 3122 Manuscriptis
890 3082 989 3110 usus
1033 3074 1236 3111 recensuit
1271 3074 1391 3111 Geor-

505 3173 541 3212 a)
564 3176 622 3206 llic
646 3174 777 3206 videtur
799 3176 906 3207 MYCO
930 3177 1094 3209 Diaconus
1128 3180 1160 3208 et
1193 3176 1373 3208 Monachus
1389 3201 1398 3215 ‚

444 3224 540 3261 cujus
558 3230 673 3254 versus
691 3225 799 3263 eli-gos
818 3227 850 3255 in
870 3225 988 3257 festum
1011 3227 1029 3256 S
1059 3226 1206 3257 Richarii
1223 3225 1324 3256 refert
1348 3233 1405 3257 au-

441 3274 512 3300 ctor
537 3271 691 3303 chronici
712 3273 918 3304 centulensis
937 3274 1025 3313 apud
1043 3275 1243 3308 Dacherium
1261 3278 1340 3308 tom.
1372 3274 1404 3307 2.

443 3319 592 3359 spicileg.
612 3318 679 3350 edit
703 3329 807 3352 novae
824 3330 897 3362 pag.
920 3324 991 3355 500.
1012 3324 1044 3355 b.

1473 328 1560 376 gius
1585 325 1829 373 Cassander,
1854 328 1890 366 in
1910 331 2024 369 cuius
2047 330 2232 380 operibus
2255 342 2305 370 ex
2328 331 2422 370 edit.

1474 389 1610 428 Colon.
1640 386 1755 425 4564.
1785 389 2028 429 emendatior
2058 402 2196 430 recusa
2221 392 2364 442 legitur
2386 404 2422 443 p.

1474 452 1562 490 4⁶21.
1599 450 1687 488 435.
1730 450 1862 486 testati
1899 451 2110 491 editionem
2160 453 2422 492 Cochleanam

1472 513 1528 550 ita
1574 509 1798 548 mendosam
1841 520 1945 549 esse.
1990 524 2268 565 nonnunquam
2305 514 2422 552 etiam

1478 572 1680 619 mutila-m,
1711 575 1755 609 ut
1782 571 1920 610 merito
1949 584 2025 611 non
2052 575 2155 614 edita
2183 575 2263 614 dici
2282 576 2421 626 possit.

1481 635 1683 683 Integrum
1709 634 1959 683 Micrologum
1986 635 2138 683 primus
2161 648 2250 676 cum
2273 637 2423 676 studio-

1475 696 1530 732 sis
1555 695 1804 744 antiquitatis
1833 695 2154 744 communicavit,
2169 698 2337 737 Jacobus
2351 699 2422 737 Pa-

1473 756 1640 802 melius‚
1671 756 1930 805 Antwerpiae
1962 754 2075 793 4560.
2105 755 2142 794 8.
2171 763 2420 798 constantem

1472 817 1668 865 capitibus
1693 818 1811 855 LXlI.
1832 817 1989 855 Pamelii
2015 817 2227 857 editionem
2256 827 2419 860 secutus

1469 881 1627 914 servata
1657 879 1775 915 etiam
1801 878 1960 916 Pamelii
1977 879 2216 928 praefatione
2241 881 2425 921 Melchior

1468 939 1685 987 Hittorpius
1717 939 1752 974 in
1780 939 1929 987 sylloge
1950 939 1998 976 de
2020 940 2172 978 Divinis
2196 941 2418 982 Catholicae

1469 999 1670 1037 Ecclesiae
1696 999 1835 1037 officiis
1859 1010 1904 1037 ac
1922 1001 2137 1049 mysteriis
2157 1002 2291 1041 Colon.
2320 1005 2421 1042 4568

1469 1060 1516 1097 fol
1562 1071 1648 1110 pag.
1680 1061 1769 1098 434.
1800 1059 1891 1098 inde
1912 1062 2126 1109 separatim
2149 1062 2287 1101 Venet.
2319 1064 2421 1105 ⁴572

1468 1121 1504 1158 8.
1527 1127 1646 1171 atque
1669 1123 1811 1159 iterum
1840 1121 1876 1158 in
1903 1121 2054 1171 sylloge
2079 1123 2316 1172 scriptorum
2342 1127 2425 1164 eiu·

1468 1182 1579 1220 sdem
1612 1183 1836 1232 argumenti
1862 1183 1978 1220 Paris.
2007 1183 2108 1222 4640
2134 1184 2196 1222 fol.
2217 1189 2258 1223 et
2283 1186 2320 1224 in
2345 1186 2427 1225 edi-

1473 1244 1645 1282 tionibus
1662 1243 1927 1282 Bibliothecae
1946 1245 2105 1283 Patrum
2123 1246 2424 1286 omnibusParis

1473 1305 1590 1344 4575.
1620 1309 1714 1343 tom.
1747 1306 1810 1343 IV.
1839 1309 1879 1342 et
1910 1305 2024 1344 4589.
2050 1309 2146 1344 tom.
2173 1307 2235 1345 VI.
2260 1311 2300 1346 et
2325 1308 2425 1348 4640

1472 1367 1589 1406 4624.
1621 1366 1737 1405 4644..
1762 1371 1856 1404 tom.
1883 1367 1931 1405 X.
1957 1371 1997 1404 et
2023 1367 2059 1404 in
2084 1368 2300 1407 novissima
2325 1371 2427 1420 Lug-

1471 1428 1639 1467 dunensi
1684 1432 1779 1465 tom.
1823 1428 1964 1466 XV111.
1993 1439 2078 1477 pag.
2117 1427 2207 1466 1469.
2252 1430 2428 1480 Tempus

1471 1491 1674 1540 scriptoris
1705 1490 1830 1538 magis
1874 1493 2057 1527 constare
2102 1489 2261 1528 videtur
2304 1502 2425 1540 quam

1472 1563 1630 1589 nomen.
1663 1551 1860 1589 Pamelius
1892 1551 1928 1587 in
1970 1550 2116 1589 Codice
2160 1561 2232 1590 suo
2271 1550 2431 1591 Rabanz‘

1473 1623 1615 1650 nomen
1639 1612 1809 1661 reperit:
1831 1611 2082 1650 Mabillonius
2104 1612 2141 1649 in
2160 1613 2244 1651 suis
2263 1612 2429 1652 ,loannis

1472 1674 1535 1711 vel
1566 1673 1735 1712 Joannzs
1758 1671 1962 1723 Episcopi,
1986 1673 2162 1712 incertus
2185 1675 2302 1714 cuius
2317 1705 2326 1723 ,
2351 1676 2424 1713 nisi

1471 1735 1575 1785 quod
1600 1735 1756 1773 Gallum
1774 1735 1906 1784 potius
1926 1745 2046 1784 quam
2068 1735 2312 1774 Germanum
2336 1747 2426 1775 esse

1470 1797 1674 1847 disputat,
1717 1797 2003 1835 commentario
2046 1797 2274 1846 praevio.in
2318 1797 2430 1836 Ordi-

1471 1870 1562 1896 nem
1607 1860 1715 1896 Rom.
1747 1861 1842 1895 tom.
1872 1858 1908 1896 2.
1941 1858 2070 1896 musei
2113 1858 2236 1896 Italici
2265 1869 2351 1909 pag.
2381 1860 2425 1898 V.

1468 1920 1693 1960 Cassander
1720 1919 1775 1957 ait
1806 1920 2008 1957 invenisse
2039 1929 2082 1957 se
2110 1919 2305 1958 tributum
2329 1920 2427 1959 Ber-

1469 1981 1581 2020 nolito
1613 1980 1850 2029 Presbytero
1880 1980 2204 2019 Constantiensi·
2230 1979 2305 2020 Alii
2326 1982 2426 2020 refe-

1471 2047 1564 2082 runt
1594 2042 1641 2081 ad
1672 2042 1891 2079 Ber-nonem
1920 2040 2189 2091 Augiensetn,
2220 2042 2283 2080 alii
2313 2041 2422 2080 deni-

1471 2116 1548 2155 que
1588 2103 1635 2142 ad
1669 2102 1885 2141 Guidonem
1919 2101 2148 2151 Ametinum,
2179 2114 2311 2142 errore
2344 2115 2426 2142 ma-

1472 2166 1686 2203 nifestario.
1719 2164 1797 2202 Sed
1822 2174 1965 2202 verum
1988 2167 2190 2202 auctorem
2211 2174 2301 2202 esse
2322 2163 2426 2204 lvo-

1471 2228 1586 2274 NEM,
1603 2227 1651 2264 ab
1662 2224 1706 2263 A.
1720 2227 1734 2264 4
1747 2226 1836 2263 098.
1856 2224 2145 2263 Carnotensem
2162 2225 2423 2275 Episcopum,

1472 2300 1521 2327 ex
1551 2288 1786 2326 auctoritate
1828 2286 2097 2335 antiquissimi
2129 2286 2283 2325 Codicis
2311 2287 2427 2325 Lam-

1471 2350 1658 2396 bethani,
1691 2347 1807 2385 iidem
1840 2347 1931 2385 facit
1961 2347 2005 2384 H.
2031 2346 2276 2385 Warthonus
2299 2347 2333 2395 a)
2361 2357 2426 2385 ae-

1473 2415 1534 2449 tas
1560 2410 1767 2459 scriptoris
1798 2419 1892 2446 sane
1923 2407 2088 2457 pulchre
2111 2408 2311 2445 convenit.
2334 2409 2426 2446 Post

1474 2472 1708 2521 Gregorium
1734 2469 1881 2508 V11.A.
1905 2468 2020 2507 4085.
2040 2468 2287 2516 defunctum,
2307 2479 2426 2518 quem
2451 2510 2456 2519 Ι

1472 2532 1720 2571 reverendae
1747 2530 1960 2569 memoriae
1984 2528 2129 2579 Papam
2158 2527 2274 2568 vocat
2296 2530 2431 2568 Micro-

1473 2595 1598 2643 logus,
1625 2594 1753 2631 innuit
1777 2603 1819 2629 se
1844 2591 2054 2641 scripsisse
2078 2601 2164 2640 cap.
2190 2591 2252 2630 44.
2279 2589 2339 2629 47.
2364 2591 2429 2632 24.

1475 2657 1536 2695 50.
1554 2658 1603 2694 ita
1622 2659 1754 2693 tamen
1774 2658 1816 2693 ut
1833 2664 1901 2703 per
1917 2654 2046 2702 ipsum
2070 2653 2207 2690 vivum
2219 2662 2264 2690 ac
2277 2653 2429 2702 spiran-

1474 2723 1553 2756 tem
1565 2717 1765 2766 accepisse
1782 2725 1824 2753 se
1846 2713 2040 2763 quaedam
2060 2712 2304 2763 profiteatur.
2314 2713 2430 2752 Simi-

1474 2779 1562 2817 liter
1604 2789 1689 2827 cap.
1727 2777 1790 2814 47.
1824 2778 1913 2824 post
1942 2773 2175 2811 Ansclmum
2208 2774 2426 2812 Lucensem

1473 2841 1695 2878 extinctum
1726 2835 1841 2874 Anno
1876 2835 1990 2874 4068.
2022 2837 2062 2871 et
2090 2837 2180 2884 post
2208 2834 2430 2874 Concilium

1474 2900 1751 2949 Mogontinum
1786 2896 1860 2935 An.
1889 2894 2003 2934 4080.
2027 2905 2111 2945 cap.
2137 2896 2200 2935 25.
2225 2895 2342 2946 cujus
2361 2908 2430 2936 au-

1475 2961 1695 2999 ctoritatem
1723 2958 1867 3007 rejicit.
1884 2957 2043 2995 Librum
2060 2956 2228 2996 Comitis
2248 2959 2334 2997 sive
2359 2959 2430 2997 Le—

1473 3022 1707 3060 ctionarium
1753 3021 1797 3058 S.
1839 3019 2065 3067 Hieronymi
2110 3018 2245 3059 laudat
2291 3019 2430 3058 eodem

1473 3094 1557 3132 cap.
1587 3083 1650 3120 25.
1680 3085 1719 3119 et
1748 3080 1943 3120 Ordinem
1985 3080 2205 3120 Romanum
2247 3081 2427 3132 pluribus

1525 3214 1564 3253 l»)
1581 3215 1730 3253 Epistata
1747 3236 1756 3251 ,
1780 3214 1948 3252 Magister,
1971 3209 1995 3248 ο*
2013 3222 2189 3253 emim-rm

1526 3273 1557 3308 c)
1581 3270 1796 3309 Syllabarum.
1816 3271 1895 3303 Vide
1925 3273 2100 3312 cangium.

1525 3323 1558 3362 a)
1582 3323 1663 3355 vide
1690 3329 1789 3361 supra
1819 3324 1852 3353 in
1879 3324 2000 3354 IVONE
2023 3325 2102 3353 tom.
2119 3321 2140 3352 4
2162 3320 2325 3361 pag.oo7.
2343 3329 2411 3361 seq.
