2517 4009
1000 213 1225 250 SIMON

99 285 262 323 Pitseus
290 295 326 322 c.
357 285 447 322 640.
476 284 536 320 Ex
568 282 763 320 Sermone
792 283 900 329 ejus,
931 291 1053 329 quem

100 349 145 384 in
176 348 341 394 Synodo
365 346 527 392 habuit,
547 345 841 382 testimonium
864 343 1054 381 veritatis

98 409 287 456 producit
315 410 438 445 Henr.
470 406 675 443 Wharton
704 408 747 442 in
779 406 975 443 Auctario
1004 405 1056 442 ad

98 473 259 510 Usserii
287 471 394 508 Hist.
425 471 709 517 dogmaticam
751 471 799 506 de
831 469 1055 515 Scripturis

98 533 142 571 et
172 534 307 570 Sacris
337 534 570 570 vernaculis
601 543 639 578 p.
672 532 764 569 432.

152 592 173 612 *
205 594 404 641 Epistolae
435 595 624 641 quaedam
663 603 714 630 ex
754 594 844 640 ejus
874 591 1055 638 Regesto

98 657 295 696 extractae
315 659 484 695 insertae
506 658 603 695 sunt
624 661 668 694 in
688 656 928 694 collectione
949 655 1057 691 Con—

96 721 289 757 ciliorum
316 721 366 756 M.
397 719 623 756 Britanniae
659 719 768 764 apud
796 717 979 753 Wilkins
1010 717 1053 751 T.

101 782 161 818 111
190 794 228 830 p.
259 782 311 820 64
340 781 383 820 et
413 783 618 828 deinceps.

154 846 311 883 SIMON
358 848 593 893 Lanqtonus
615 875 625 891 ,
679 844 806 880 frater
856 841 1059 888 Stephani

99 907 313 955 Langtoni
331 908 643 955 Archiepiscopi
664 905 994 949 cantuariensis,
1018 902 1060 940 et

98 971 286 1017 ejusdem
310 972 502 1008 Ecclesiae
523 971 865 1008 Archidiaconus.
888 969 1060 1004 Archie-

97 1035 291 1081 piscopus
315 1036 587 1072 Eboracensis
609 1034 782 1080 electus,
802 1034 874 1069 sed
894 1042 919 1068 a
942 1033 1056 1077 Rege

99 1097 143 1134 et
169 1099 282 1145 Papa
310 1099 491 1144 reJectus
525 1098 617 1135 fuit.
650 1098 830 1134 Tandem
861 1095 1059 1132 Ludovici

101 1158 248 1197 Galliae
289 1161 420 1207 Regis
463 1161 742 1197 cancellarius
781 1158 862 1195 fuit
887 1186 896 1204 ,
938 1167 1059 1204 quem

101 1221 211 1266 quod
237 1222 384 1258 contra
413 1224 575 1268 Anglos
605 1221 868 1266 incitaverat,
895 1228 1061 1256 excom-

102 1283 430 1321 municationem
450 1286 662 1322 Pontificis
683 1285 872 1331 incurrit,
895 1284 937 1320 et
958 1283 1061 1320 obiit

33 1387 37 1392 ⁸
102 1355 140 1381 a.
174 1345 292 1383 1248.
325 1347 502 1394 Scripsit
533 1348 580 1385 de
601 1347 863 1395 poenitentia
886 1345 1060 1393 Maqda-

102 1410 203 1447 lenae
232 1411 272 1447 et
299 1412 526 1459 Epistolas.
550 1410 711 1447 Balaeus
736 1409 902 1446 Centur.
924 1408 996 1453 IV,
1018 1408 1055 1444 5.

99 1471 266 1508 Pitseus
294 1481 328 1508 c.
360 1472 453 1509 346.
483 1472 647 1509 Bulaeus
670 1470 772 1507 hist.
795 1471 919 1507 Univ.
943 1470 1058 1506 Pari-

106 1534 209 1571 sinae
236 1533 340 1571 tom.
371 1534 444 1581 III,
474 1545 513 1580 p.
545 1532 637 1570 710.

157 1596 313 1632 SIMON
343 1596 390 1634 de
420 1596 629 1642 Leontino,
661 1595 841 1640 Siculus,
873 1603 896 1629 a
927 1592 1062 1640 patria

103 1657 162 1694 sic
180 1657 330 1704 dictus,
351 1657 447 1694 Ord.
463 1657 802 1702 Praedicatorum,
823 1656 953 1693 nobili
973 1657 1060 1692 loco

101 1718 252 1766 natus,
280 1720 397 1756 Prior
424 1720 640 1766 Messana,
672 1729 708 1755 a.
742 1717 858 1755 1268.
889 1719 1063 1764 Episco-

103 1793 181 1830 pus
230 1783 516 1830 Syracusanus
562 1782 735 1829 eligitur
752 1810 762 1828 ,
804 1781 908 1819 obiit
956 1790 1062 1817 anno

108 1845 226 1884 1292.
241 1845 433 1892 Scripsit.
459 1845 726 1887 Quaestiones
747 1843 1064 1890 quodlibetioas‚

104 1908 145 1945 et
172 1907 276 1945 Aeta
303 1908 521 1955 leqationis
555 1908 609 1945 ad
638 1908 817 1944 Petrum
846 1905 1066 1952 Araqonioe

107 1977 259 2016 reqem.
289 1969 373 2005 Jac.
404 1968 546 2012 Quetif
578 1970 628 2006 de
661 1968 942 2013 Scriptoribus
973 1965 1068 2003 Ord.

107 2030 428 2067 Praedicatorum
456 2030 559 2067 tom.
591 2030 625 2076 I,
655 2041 694 2076 p.
730 2030 819 2066 431.

162 2091 320 2128 SIMON
340 2093 578 2139 Leontinus,
601 2093 723 2138 alius,
745 2091 839 2129 Ord.
865 2091 1071 2127 Minorum

109 2153 454 2207 conventualium
496 2155 535 2191 S.
566 2154 803 2200 Francisei,
850 2154 958 2190 vixit
998 2155 1073 2190 sub

107 2216 318 2254 Friderico
348 2217 421 2253 ΙΙΙ.
453 2218 604 2254 Siciliae
634 2218 751 2263 Rege
794 2226 831 2251 a.
865 2216 969 2252 1328
1008 2217 1074 2252 cui

110 2289 136 2315 a
153 2279 479 2317 confessionibus
500 2279 580 2316 fuit
600 2279 642 2315 et
663 2279 944 2325 concionibus,
965 2278 1072 2324 apud

113 2349 236 2386 quem
284 2341 414 2377 etiam
455 2342 624 2387 Majoris
664 2341 879 2388 Capeliani
923 2350 1074 2377 munus

113 2403 231 2439 obiit.
265 2402 443 2449 Scripsit
473 2401 702 2440 Chronioon
734 2405 856 2451 reqni
882 2403 1074 2448 Siciliae,

111 2463 230 2509 cujus
259 2463 486 2499 editionem
515 2464 708 2509 promisit
737 2463 910 2499 Michael
931 2464 978 2499 de
1001 2464 1074 2498 Ju-

113 2525 204 2562 dice
221 2526 361 2563 Abbas
383 2526 512 2572 Cong.
536 2525 776 2561 Casinensis
796 2525 1075 2570 Monteregali

114 2591 160 2627 in
204 2591 369 2628 Sicilia:
411 2591 508 2628 vide
549 2590 741 2627 Giornale
788 2589 849 2626 de’
871 2588 1076 2626 Letterati

113 2651 289 2690 d’Italia
317 2652 416 2689 tom.
449 2652 505 2688 VI
535 2663 574 2699 p.
606 2651 697 2688 518.
729 2652 824 2688 Alia
856 2653 1076 2688 vernaculo

112 2723 303 2751 sermone
333 2714 516 2760 scripsit,
547 2715 619 2750 sed
648 2723 739 2759 quae
769 2713 849 2749 huc
876 2723 959 2749 non
979 2723 1074 2760 per-

113 2777 272 2815 tinent.
303 2779 421 2816 Adde
461 2778 558 2813 Ant.
590 2776 824 2822 Mongitore
866 2776 970 2814 Bibl.
1014 2777 1077 2813 Si-

115 2842 254 2878 culam
282 2841 383 2877 tom.
416 2840 454 2875 11
486 2851 524 2886 p.
556 2839 657 2886 229,
688 2839 780 2875 230.

175 2903 330 2940 SIMON
360 2904 667 2950 Linqoniensis,
697 2901 857 2947 GalluS,
888 2911 911 2937 a
933 2901 1080 2948 patria,

117 2973 208 3011 quae
235 2964 388 3002 civitas
416 2964 674 3010 Episcopalis
696 2965 740 3000 in
760 2963 939 3000 confinio
962 2964 1084 2999 Cam-

117 3027 252 3072 paniae
283 3026 325 3063 et
352 3026 605 3072 Burgundiae
636 3026 715 3072 est,
736 3027 797 3062 ita
815 3026 966 3071 dictus,
988 3025 1083 3063 Ord.

119 3089 457 3135 Praedicatorum,
471 3090 653 3136 primum
666 3090 837 3126 Parisiis
851 3089 959 3135 legit
981 3089 1083 3126 Sen-

118 3150 289 3197 tentias,
319 3151 468 3187 deinde
500 3151 770 3188 Provincialis
812 3151 996 3187 Franciae
1036 3152 1078 3188 et

118 3215 324 3262 Magister
351 3214 531 3261 OrdiniS,
553 3215 723 3252 tandem
753 3223 789 3249 a.
823 3214 941 3250 1366.
984 3215 1084 3261 Epi-

121 3286 268 3324 scopus
302 3278 584 3315 Nannetensis
623 3278 666 3314 et
706 3287 741 3313 a.
786 3277 904 3314 1383.
948 3278 1083 3315 Vene-

2034 211 2112 247 485

1141 284 1291 330 tensis,
1323 285 1460 330 paullo
1490 281 1583 329 post
1612 280 1712 318 fatis
1753 278 1973 316 concessit.
2008 279 2109 324 EJ’us

1144 347 1242 383 sunt
1271 347 1374 384 Aeta
1402 347 1672 394 {effationunu
1703 352 1808 390 quas
1832 351 1914 390 pro
1933 342 2112 378 summis

1143 408 1415 458 Pontificibus
1446 410 1484 445 et
1515 407 1683 454 reqibus
1725 405 1935 443 Franeiae
1960 404 2111 450 pluo-es

1144 472 1242 517 effic,
1278 471 1452 508 Statuta
1481 470 1670 507 dioeoesis
1690 467 1990 513 Nannetensis,
2012 475 2112 512 qua-

1142 542 1235 569 rum
1286 531 1538 578 particulam
1582 529 1804 566 ediderunt
1846 528 2028 565 Martene
2070 527 2113 564 et

1143 594 1314 630 Durand
1342 593 1443 629 tom.
1477 592 1545 627 IV.
1578 591 1778 628 Thesauri
1803 591 1902 626 novi
1922 590 2112 626 Anecdo-

1143 656 1282 691 torum
1311 665 1350 701 p.
1381 654 1473 690 961.
1509 654 1730 690 Sermones
1751 653 1789 689 et
1810 653 2019 688 orationes
2033 659 2116 698 pu-

1143 718 1273 756 blicae
1295 718 1460 764 plures.
1492 716 1598 752 Vide
1628 716 1712 750 Jac.
1745 715 1887 757 Quetif
1912 714 1961 750 de
2005 713 2115 749 Scri-

1144 780 1334 826 ptoribus
1365 778 1534 814 Ordinis
1574 776 1897 812 Praedicatorum
1939 775 2039 811 tom.
2084 774 2115 820 1,

1146 854 1185 890 p.
1217 841 1310 885 636,
1341 838 1432 876 637.
1463 838 1684 874 Altamura
1714 848 1752 883 p.
1787 837 1878 873 133.

1203 903 1359 941 SIMON
1407 901 1634 939 Marianus
1682 898 1931 946 Philippus,
1981 899 2119 935 nescio

1148 970 1256 1016 quis,
1300 965 1470 1013 scripsit
1499 965 1741 1001 Historiam
1789 964 1859 999 sui
1901 963 2119 1009 temporis,

1147 1040 1238 1077 quae
1267 1029 1350 1065 MS.
1381 1028 1448 1064 est
1478 1028 1523 1063 in
1550 1026 1656 1062 Bibl.
1687 1024 1906 1061 Vaticana.
1928 1022 2049 1059 Bern.
2071 1023 2120 1059 de

1147 1092 1412 1130 Montfaucon
1459 1089 1566 1126 Bibl.
1608 1087 1965 1125 Bibliothecarum
2005 1085 2118 1122 MSS.

1150 1166 1188 1201 p.
1223 1155 1316 1191 139.

1206 1225 1363 1263 SIMON
1394 1225 1443 1262 de
1475 1221 1519 1261 S.
1551 1221 1740 1259 Mancino
1782 1221 1821 1257 et
1863 1220 1910 1256 de
1953 1219 1999 1257 S.
2040 1218 2120 1256 Ni·

1148 1289 1273 1326 eolao.
1296 1286 1485 1333 Epistola
1513 1285 1632 1330 quus
1655 1282 1720 1320 est
1753 1282 2004 1319 Exordium:
2051 1280 2124 1318 Si-

1148 1352 1259 1390 moni
1289 1351 1336 1388 de
1361 1349 1406 1389 S.
1428 1349 1617 1387 Martino
1640 1347 1787 1385 Simon
1807 1348 1855 1385 de
1879 1347 1923 1386 S.
1955 1347 2126 1384 Nicolao

1147 1416 1226 1452 sal.
1257 1414 1319 1450 Ad
1358 1412 1622 1458 quaestiones
1663 1411 1760 1447 tuas
1811 1409 2119 1457 respondemus.

1150 1477 1254 1513 Item
1286 1475 1447 1522 prolixa
1477 1471 1680 1518 Epistola,
1709 1480 1800 1517 quae
1839 1471 1897 1506 sic
1945 1469 2122 1516 incipit:

1147 1539 1310 1575 Dilecto
1350 1536 1502 1574 Priori
1534 1534 1582 1571 de
1636 1534 1680 1571 S.
1722 1533 1895 1571 Nicolao
1948 1533 2129 1577 Simoni,

1153 1598 1298 1635 Simon
1326 1597 1513 1634 modicus
1553 1595 1600 1631 de
1650 1594 1693 1630 S.
1714 1593 1916 1636 Martino‚
1944 1602 2025 1629 non
2044 1602 2128 1629 mo-

1155 1660 1273 1698 dicae
1297 1657 1534 1706 patientiae
1563 1655 1860 1693 humilitatem.
1892 1653 2000 1691 Item
2028 1654 2129 1699 Epi-

1158 1723 1284 1767 stola,
1314 1729 1404 1766 quae
1434 1717 1604 1764 incipit:
1649 1718 1809 1754 Dilecto
1848 1725 1922 1753 suo
1967 1715 2129 1753 Simoni

1160 1786 1343 1825 dilectus
1374 1783 1466 1828 ejus
1499 1780 1658 1819 Simon.
1689 1780 1786 1815 Haec
1807 1778 1915 1815 sunt.
1946 1779 1989 1814 in
2027 1776 2131 1814 Bibl.

1156 1846 1401 1884 monasterii
1430 1844 1470 1880 S.
1502 1842 1674 1879 Martini
1704 1841 1991 1886 TornacensiS,
2011 1838 2122 1875 teste

1157 1910 1256 1947 Ant.
1289 1908 1471 1946 Sandero
1500 1906 1605 1943 Bibl.
1645 1904 1765 1950 Belg.
1807 1903 1921 1939 MSS.
1965 1902 1995 1937 Ι.
2025 1911 2124 1948 pag.

1159 1972 1250 2010 127.
1281 1971 1400 2017 cujus
1430 1970 1521 2006 haec
1552 1966 1649 2004 sunt
1678 1967 1731 2003 ad
1759 1966 1946 2002 verbum.
1988 1964 2129 2009 Appa-

1160 2036 1254 2074 rent
1282 2046 1333 2072 ex
1372 2035 1455 2080 his,
1495 2032 1718 2078 utrumque
1750 2031 1963 2067 Simonem
2003 2028 2132 2064 fuisse

1163 2099 1354 2143 Tornaci,
1385 2096 1561 2133 alterum
1594 2095 1638 2130 in
1668 2092 1922 2129 monasterio
1953 2091 1992 2127 S.
2022 2090 2134 2125 Mar-

1162 2162 1261 2206 tini,
1291 2160 1469 2197 alterum
1501 2158 1539 2193 S.
1570 2157 1742 2193 Nicolai.

1220 2221 1377 2259 SIMON
1417 2219 1636 2267 Meplcam,
1677 2219 1859 2264 Anng,
1903 2216 2132 2253 Canonicus

1163 2285 1474 2329 Cicestriensis,
1501 2282 1598 2318 dein
1639 2279 1985 2325 Archiepiscopus
2026 2278 2134 2314 Can-

1164 2349 1408 2393 tuariensis,
1441 2345 1630 2382 mortuus
1660 2355 1696 2381 a.
1730 2343 1849 2380 1333.
1891 2342 2132 2388 Composuit

1170 2410 1353 2449 Canones
1383 2410 1431 2447 de
1455 2408 1662 2454 justitiis,
1693 2407 1740 2443 de
1772 2405 1924 2453 seriis,
1967 2404 2015 2440 de
2056 2413 2133 2451 ap-

1157 2474 1400 2522 pellatione,
1444 2472 1491 2508 de
1532 2469 1811 2513 testamentis,
1856 2467 1903 2503 de
1945 2466 2136 2512 decimis,

1165 2537 1214 2573 de
1243 2534 1451 2571 Ecclesiis
1481 2531 1755 2579 (edificandis,
1787 2529 1835 2566 de
1869 2528 2136 2566 clandestina

1167 2596 1492 2644 desponsatione.
1523 2594 1729 2629 Lelandus
1759 2601 1791 2627 c.
1835 2590 1927 2627 343.
1970 2589 2132 2626 Balaeus

1169 2658 1321 2697 Centur
1349 2658 1399 2693 X.
1431 2656 1496 2693 85.
1527 2655 1692 2691 Pitseus
1723 2664 1757 2690 c.
1791 2653 1882 2690 503.

1221 2719 1242 2739 *
1263 2719 1590 2757 constitutiones
1621 2718 1720 2760 illae,
1739 2717 1787 2753 de
1810 2716 1958 2762 quibus
1977 2714 2044 2750 hic
2065 2713 2136 2750 Bi-

1168 2783 1482 2827 bliothecarius,
1513 2779 1609 2817 sunt
1630 2779 1858 2816 Concilium
1878 2777 2136 2814 Provinciale

1171 2846 1470 2883 Cantuariense
1486 2845 1590 2880 Ann.
1615 2842 1791 2888 132S‚et
1815 2840 1992 2878 alterum
2018 2839 2137 2884 Mag-

1170 2909 1391 2946 hseldense
1423 2909 1529 2943 Ann.
1572 2906 1689 2942 1332.
1733 2915 1824 2951 quae
1859 2903 2068 2940 habentur
2097 2902 2141 2938 in

1173 2970 1421 3007 Collectione
1452 2969 1603 3005 Concil.
1626 2967 1865 3004 Britanniae.

1230 3032 1384 3069 SIMON
1415 3031 1615 3076 Pistoris,
1647 3030 1896 3076 Lipsiensis,
1927 3028 2137 3064 Medicinae

1174 3093 1382 3129 Professor
1412 3092 1454 3128 et
1485 3091 1656 3128 Senator
1676 3090 1922 3136 Lipsiensis,
1945 3089 2058 3126 sator
2078 3088 2140 3124 fa-

1176 3156 1302 3191 miliae
1332 3156 1373 3190 in
1404 3154 1582 3190 Saxonia
1611 3153 1907 3196 celeberrimae,
1928 3150 2036 3187 vixit
2066 3151 2142 3187 sub

1174 3217 1303 3252 finem
1333 3217 1460 3252 seculi
1490 3216 1578 3261 XV,
1610 3215 1652 3252 et
1683 3215 1850 3251 initium
1883 3213 1991 3249 XVI.

1230 3277 1331 3322 Ejus
1363 3277 1461 3314 sunt
1490 3278 1591 3314 diss.
1624 3278 1672 3315 de
1704 3277 1810 3314 Malo
1832 3275 2009 3323 Franco,
2031 3276 2142 3322 Lips.
