2517 4009
0 995 13 1012 ⁶
0 387 39 981 '‘”fflmff’kssmW-§ssr
15 362 21 369 .

910 182 1352 222 PORCELLUS

127 253 417 304 Lugdunensis.
441 252 553 302 Opus
578 251 650 290 hoc
675 252 751 291 MS.
774 253 942 293 habetur
968 255 1004 292 in
1028 255 1089 291 Bi-

123 315 174 354 bl.
195 316 232 355 S.
254 315 442 354 Germani
461 312 511 351 de
533 312 676 352 Pratis.
700 316 752 352 Le
774 317 880 364 Long
905 316 1004 355 Bibl.
1026 317 1088 354 Hi-

123 378 299 427 storique
321 375 369 414 de
390 375 423 414 la
450 376 600 414 France
628 388 714 426 pag.
738 377 832 417 257.
856 379 952 417 911.
976 376 1088 416 Adde

122 438 288 477 Galliam
314 437 582 476 Christianam
606 441 633 474 t.
661 439 722 476 lV.
749 450 786 488 p.
811 439 904 478 264.

174 497 483 546 POR'CARIUS,
515 499 648 538 Abbas
694 501 939 549 Lirinensis,
985 501 1090 539 circa

122 573 156 600 a.
203 562 293 600 485.
335 562 402 610 qui
444 559 673 600 Caesarium
721 567 808 612 post
849 563 1091 613 Episcopum

119 623 396 662 Arelatensem
419 622 456 659 in
475 625 764 662 monasterium
783 635 908 663 suum
932 624 1094 673 recepit,

121 685 227 724 unde
247 685 435 735 frequens
462 685 585 734 ipsius
611 687 647 722 in
669 688 750 724 vita
780 686 957 724 Caesarii
985 696 1095 723 men-

121 749 186 785 tio.
207 783 209 785 .
230 747 330 796 Ejus
375 751 528 796 prostat
558 746 736 798 Epistola
767 747 815 786 ad
849 746 1093 793 monachos,

120 808 315 860 (Monitae
359 808 549 848 dicuntur
579 811 615 846 in
648 809 792 848 Codice
821 810 918 848 Bibl.
951 810 1094 859 Regiae

118 872 344 918 Parisinae,
390 875 493 909 teste
523 871 817 911 Montfauconio
852 871 947 910 Bibl.
982 870 1095 910 MSS.

119 945 157 985 p.
183 934 316 982 ⁴038)
346 934 518 984 primum
549 933 657 971 edita
689 934 726 970 in
753 934 971 984 Opusculis
997 945 1093 984 quo-

119 994 289 1035 rundam
336 997 496 1034 Patrum
529 1007 598 1046 per
628 994 821 1034 Thomain
862 995 1089 1042 Galletum,

118 1057 245 1107 Lugd.
293 1058 410 1096 1615.
458 1061 547 1107 post
578 1057 617 1094 in
664 1058 954 1107 Supplemento
990 1057 1086 1095 Bibl.

119 1121 189 1158 PP.
221 1125 317 1158 tom.
342 1121 376 1157 4.
408 1131 444 1170 p.
472 1119 564 1157 832.
593 1123 634 1157 et
664 1118 754 1157 inde
787 1121 823 1156 in
854 1119 950 1157 Bibl.
977 1118 1090 1158 Colo-

119 1183 248 1220 niensi
284 1185 325 1220 et
361 1181 620 1230 Lugdunensi
652 1182 831 1230 repetita.
863 1181 978 1218 AEtas
1010 1180 1091 1218 Au-

115 1244 237 1281 ctoris
266 1247 307 1281 et
335 1241 540 1292 Epistolae
566 1241 645 1280 huc
676 1252 804 1290 usque
830 1242 933 1278 inter
964 1241 1092 1278 incer—

117 1309 178 1344 tos
195 1305 324 1355 posita
339 1307 416 1350 est,
438 1302 566 1340 donec
587 1302 775 1352 Anonym
785 1313 832 1340 us
849 1301 1088 1339 Mellicensis

114 1366 164 1405 de
189 1367 327 1416 script.
352 1365 504 1403 Ecclcs.
530 1375 565 1402 c.
587 1365 648 1403 58.
678 1369 896 1414 utrumque
921 1363 1088 1401 detexit.

113 1428 226 1467 Adde
248 1429 346 1467 Hist.
376 1427 478 1465 liter.
508 1426 557 1465 de
587 1427 625 1465 la
655 1428 804 1465 France
835 1431 929 1464 tom.
962 1426 1009 1464 11.
1048 1437 1087 1475 p.

117 1490 209 1530 687.
227 1494 267 1528 et
284 1488 449 1528 Galliam
468 1489 737 1528 Christianam
760 1493 787 1527 t.
813 1489 880 1527 llI.
907 1500 942 1538 p.
971 1488 1087 1526 ⁴492.

168 1553 283 1591 Alius
312 1552 519 1592 Porcarius
543 1552 646 1590 circa
672 1551 792 1589 finem
819 1562 887 1589 sec
917 1550 981 1588 Vl.
1006 1549 1085 1588 Ab-

115 1615 186 1654 has
202 1616 241 1655 S.
268 1615 399 1654 Hilarii
425 1615 701 1653 pictaviensis.
724 1613 978 1652 Mabillonius
1003 1624 1083 1651 sec.

114 1678 142 1715 Ι.
167 1677 314 1716 Bened.
339 1689 374 1728 p.
401 1676 464 1715 97.
484 1676 610 1715 Gallia
627 1676 778 1716 Christ.
797 1680 825 1713 t.
846 1677 892 1714 11.
911 1687 950 1726 p.
969 1676 1083 1715 4224.
1126 1720 1129 1723 χ

168 1741 328 1780 Tertius
358 1739 434 1779 fuit
468 1738 605 1777 itidem
638 1738 772 1778 Abbas
803 1738 1023 1776 Lirinensis
1062 1749 1083 1776 a

115 1803 326 1842 Saracenis
349 1813 384 1840 a.
408 1801 501 1840 730.
524 1813 615 1840 cum
649 1802 734 1839 suis
760 1800 1014 1848 interfectus,
1030 1800 1078 1839 de

113 1875 192 1915 quo
237 1865 334 1903 Phil.
376 1864 496 1903 Elssii
526 1864 850 1903 Encomiasticon
889 1861 1081 1912 Augusti-

115 1926 278 1965 nianum
300 1938 335 1977 p.
355 1926 446 1965 292.
461 1926 585 1964 Gallia
603 1924 750 1963 Christ.
770 1929 799 1962 t.
819 1925 885 1962 III.
906 1936 943 1975 p.
961 1925 1080 1963 ⁴494.

168 1988 486 2036 PORCELLUS,
514 1987 577 2026 vel
602 1988 734 2037 potius
760 1986 1084 2036 PORCELLlUS,

114 2050 425 2101 Neapolitanus,
456 2050 643 2100 quamvis
675 2049 757 2099 ipse
787 2049 991 2087 Romanus
1023 2060 1088 2099 po-

115 2113 196 2151 tius
212 2111 288 2150 dici
307 2112 449 2160 voluit,
473 2113 589 2150 Poeta
608 2115 649 2148 et
672 2109 867 2161 Alphonsi
889 2111 915 2148 1.
941 2111 1090 2149 utrius·

115 2185 194 2224 que
218 2174 374 2213 Siciliae
403 2175 521 2224 Regis
544 2173 680 2212 Scriba
708 2173 794 2210 sive
814 2172 1089 2219 Secretarius,

115 2248 137 2275 a
168 2247 248 2287 quo
278 2246 314 2276 a.
347 2236 463 2275 ⁴452.
495 2236 678 2274 fervente
704 2234 806 2272 bello
836 2234 941 2272 inter
964 2234 1092 2271 Vene-

119 2303 182 2337 tos
210 2302 251 2336 et
280 2297 598 2336 Mediolanenses
623 2298 662 2334 in
691 2300 823 2335 castra
846 2296 1088 2334 Venetorum

116 2360 267 2398 missus
296 2364 389 2407 est,
414 2363 458 2398 ut
482 2359 667 2409 singula,
698 2370 800 2408 quae
828 2359 878 2397 ibi
905 2370 1092 2409 gereren-

115 2426 208 2470 tur,
256 2421 466 2460 nunciaret
509 2422 557 2468 a).
589 2421 812 2469 Descripsit
848 2422 968 2469 igitur
1016 2421 1089 2459 hoc

113 2481 263 2522 bellum
283 2514 292 2532 ‚
313 2484 499 2533 sequenti
526 2482 668 2520 titulo.
692 2481 989 2521 Commentario
1017 2482 1089 2521 Co-

116 2542 222 2586 mitis
249 2543 392 2583 Jacobz·
428 2543 606 2582 Picinini
632 2543 764 2582 vocati
789 2543 988 2594 Scipionis
1018 2541 1089 2581 AE-

116 2604 295 2656 miliani,
311 2605 417 2645 edita
437 2609 476 2644 et
493 2605 616 2644 missa
641 2604 839 2656 Alphonso
862 2604 959 2654 Περί
984 2603 1089 2641 Ara-

113 2678 270 2718 qonum.
317 2669 461 2708 Exstat
504 2667 663 2706 libellus
696 2668 732 2704 in
765 2667 909 2717 Script.
955 2676 1088 2704 rerum

117 2730 343 2773 Italicarum
374 2730 576 2769 Muratorii
607 2734 702 2767 tom.
734 2729 816 2767 XX.
849 2740 884 2778 p.
917 2727 982 2766 65.
1014 2727 1089 2766 Ve-

117 2802 236 2831 ronae
278 2791 484 2830 adservari
522 2792 577 2830 ait
623 2790 726 2828 idem
775 2787 1092 2829 Commentarios

117 2852 283 2892 secundi
307 2852 407 2890 anni
426 2852 473 2891 de
493 2852 615 2903 yestis
645 2851 842 2902 Scipionis
871 2849 1084 2897 Piehinini,

117 2905 172 2952 ad
187 2912 448 2952 Franciscum
466 2913 644 2961 Foscari,
672 2915 904 2952 Venetorum
925 2913 1088 2950 Ducem.

118 2975 187 3014 lllo
207 2974 310 3014 bello
335 2985 411 3012 non
435 2974 651 3014 admodum
679 2975 805 3014 multa
829 2980 943 3025 gesta
965 2979 1091 3023 sunt,

118 3037 188 3076 sed
218 3036 432 3076 Porcellius
461 3039 597 3074 tamen
629 3037 834 3086 eleganter
863 3037 995 3074 omnia
1022 3034 1089 3073 de—

119 3099 290 3150 scripsit.
336 3094 498 3146 Eleyiae
540 3100 581 3134 et
625 3097 932 3148 Epiyrammata
980 3096 1087 3135 illius

120 3159 298 3199 nondum
329 3157 518 3197 videntur
539 3157 670 3196 lucem
696 3157 893 3208 publicam
919 3163 1086 3208 conspe-

173 3299 207 3339 υ)
233 3303 408 3340 perperam
433 3301 565 3331 Vossius
589 3299 671 3331 duos
696 3306 735 3330 cx
751 3306 818 3330 uno
832 3295 1012 3329 Porcellios
1031 3296 1080 3328 sa-

2061 185 2139 225 313

1163 255 1298 292 xisse:
1327 264 1429 303 quae
1455 264 1549 291 vero
1567 253 1850 292 volaterranus
1871 257 1911 292 et
1930 253 2134 303 Gyraldus

1164 326 1241 353 non
1273 316 1403 363 magni
1436 316 1548 364 pretii
1581 324 1671 352 esse
1697 314 1892 364 judicant.
1924 315 1967 352 In
1995 316 2139 354 Biblio-

1167 376 1283 414 theca
1326 377 1481 414 Ducnm
1517 376 1765 415 Urbinatium
1799 376 1974 417 Porcellii
2008 376 2139 427 Opera

1163 443 1336 486 quatuor
1390 438 1661 477 voluminibus
1691 439 1984 489 ⁸exstiterunt,
2033 450 2139 490 quae

1171 500 1306 549 procul
1338 501 1444 537 omni
1490 500 1610 538 dubio
1642 501 1677 537 in
1725 501 1954 539 Vaticanam
1988 501 2138 551 perlata

1172 566 1281 599 sunt.
1328 563 1430 600 llaec
1461 562 1594 599 omnia
1627 561 1828 600 debentur
1857 564 2069 602 Muratorio
2099 565 2137 600 in

1171 623 1429 673 praefatione.
1475 624 1678 671 l‘orcellii‚
1715 625 1843 663 Basilii
1885 629 1925 662 et
1954 625 2138 664 Trebanii

1172 687 1275 733 (non
1323 685 1520 732 Thebani,
1566 690 1609 724 ut
1637 691 1700 724 est
1742 687 1845 737 apud
1885 687 2136 736 Gesnerum)

1171 747 1363 796 opuscula
1382 758 1413 785 s.
1433 752 1625 797 poemata,
1642 748 1843 797 diligentia
1862 749 2134 799 Christophori

1172 808 1464 847 Preudhomme
1491 809 1756 849 Barroducani
1783 810 1888 849 edita
1919 819 2041 857 sunt,
2069 812 2138 849 Pa-

1172 871 1277 908 risiis
1307 870 1410 921 apud
1443 870 1644 909 Simonem
1675 870 1934 920 Colinaeum‚
1971 874 2071 912 4539
2097 874 2135 911 8.

1170 938 1214 972 ut
1243 937 1306 971 est
1330 933 1435 984 apud
1461 934 1728 972 Maittairium.
1755 934 1854 972 lllud
1880 939 2018 984 poema
2044 934 2137 973 Por—

1168 994 1297 1041 cellii,
1343 994 1447 1045 quod
1482 995 1530 1033 ibi
1561 994 1713 1034 editum
1759 1000 1847 1043 est,
1879 995 1977 1034 alias
2015 998 2135 1034 etiam

1168 1056 1364 1095 Isoltaeus
1409 1056 1580 1104 dicitur,
1611 1059 1702 1108 quia
1733 1058 1912 1095 continet
1948 1057 2132 1096 Carmina

1169 1119 1204 1155 in
1239 1119 1425 1167 [sottam,
1459 1119 1703 1170 sigismundi
1732 1119 1950 1170 Pandulphi
1977 1121 2136 1162 Malate-

1168 1186 1284 1227 stae,
1315 1180 1482 1218 Arimini
1515 1183 1698 1230 Domini,
1731 1184 1935 1221 amasiam.
1967 1184 2135 1232 Prosper

1168 1243 1400 1280 Mandosius
1438 1243 1533 1281 Bibl.
1566 1244 1764 1282 Romanae
1795 1245 1958 1283 Centur.
1990 1244 2032 1281 V.
2069 1244 2134 1282 29.

1165 1303 1288 1350 addit,
1308 1305 1438 1353 ipsum
1460 1303 1506 1342 de
1528 1303 1747 1343 virtutibus
1770 1305 2018 1355 Siyismundi
2043 1306 2135 1344 Ma-

1165 1364 1331 1403 latestae
1357 1366 1556 1415 Epistolas
1576 1367 1663 1404 XII.
1681 1369 1839 1417 egregio
1859 1369 2036 1406 carmine
2053 1367 2135 1405 edi-

1163 1427 1298 1465 disse:
1331 1426 1591 1466 Fredericum
1623 1439 1782 1477 quoque
1817 1429 1949 1466 Urbini
1982 1431 2130 1468 Ducem

1162 1500 1226 1528 res
1269 1500 1365 1528 suas
1407 1491 1455 1529 ab
1485 1501 1530 1528 eo
1560 1490 1750 1529 celebrari
1781 1489 1972 1528 voluisse.
2016 1490 2132 1528 Aliud

1160 1562 1321 1590 carmen
1339 1583 1350 1599 ,
1369 1563 1447 1602 quo
1468 1550 1696 1602 Deploratio
1714 1549 1855 1588 Italiae
1876 1552 2108 1590 inscribitur
2126 1581 2133 1597 ‚

1161 1618 1370 1652 memorat.
1416 1615 1573 1654 Titulus
1604 1616 1759 1664 integer
1789 1618 1877 1651 est:
1908 1612 2134 1665 Deploratio

1164 1673 1306 1713 Italiae
1334 1676 1532 1726 poscentis
1558 1687 1698 1726 pacem
1729 1687 1755 1712 a
1791 1674 1890 1714 Divo
1924 1674 2054 1713 Paulo
2081 1676 2130 1712 II.

1161 1737 1207 1775 P.
1247 1739 1296 1776 M.
1334 1738 1572 1790 Triumphus
1601 1736 1759 1789 Alfonsi
1785 1738 1903 1788 Reyis
1932 1737 2136 1788 Araqonei

1163 1798 1320 1852 devicta
1348 1799 1540 1852 Neapoli,
1572 1804 1706 1838 exstat
1734 1800 1830 1838 MSt.
1863 1801 1900 1837 in
1931 1799 2028 1838 Bibl.
2059 1801 2134 1838 Do-

1159 1862 1448 1901 minieanorum
1494 1862 1728 1900 Florentiae.
1761 1862 1876 1900 Bern.
1915 1862 1964 1900 de
2009 1863 2134 1900 Mont-

1160 1922 1301 1961 faucon
1348 1924 1444 1962 Bibl.
1476 1924 1812 1963 Bibliothecarum
1843 1925 1919 1963 MS.
1956 1936 1990 1973 p.
2035 1923 2128 1962 [42:25.

1165 1984 1338 2024 Carmen
1362 1985 1403 2024 in
1433 1984 1589 2024 laudem
1622 1986 1832 2025 Francisci
1865 1985 2068 2038 Sfortiae,
2092 1988 2128 2024 in

1162 2047 1260 2086 Bibl.
1286 2050 1403 2099 Regia
1431 2050 1619 2087 Parisina.
1648 2049 1723 2087 ibid
1744 2061 1778 2098 p.
1800 2049 1889 2086 761.
1909 2048 2021 2087 Adde
2043 2050 2128 2086 Dia-

1164 2111 1266 2148 rium
1285 2111 1504 2160 Venetum,
1521 2111 1706 2149 Giornale
1729 2110 1989 2149 de'Letterati
2012 2109 2127 2148 d‘lta-

1167 2172 1217 2210 lia
1248 2177 1347 2210 tom.
1377 2174 1445 2211 IX.
1478 2185 1513 2222 p.
1548 2173 1637 2211 148.
1669 2184 1781 2223 seqq.

1220 2234 1241 2256 ³³⁵
1271 2235 1431 2272 Porcelli
1463 2236 1549 2283 (sic
1578 2236 1684 2273 enim
1717 2235 1821 2284 lego)
1847 2233 2038 2284 epistolas
2067 2246 2133 2284 ge-

1167 2297 1298 2334 minas
1327 2296 1437 2334 dedit
1467 2296 1556 2334 Em.
1586 2295 1703 2333 Card.
1735 2295 1928 2340 Quirinus
1972 2297 2008 2332 in
2054 2296 2131 2333 col-

1166 2359 1336 2397 lectione
1366 2358 1580 2409 Epistolar.
1612 2359 1674 2395 Fr.
1708 2357 1876 2395 Barbari.
1912 2357 1953 2393 ln
1988 2357 2032 2392 iis
2063 2368 2131 2392 vo-

1165 2432 1207 2458 ro
1236 2425 1449 2471 postquam
1480 2420 1811 2459 commemoravit
1841 2419 2011 2466 scriptos
2041 2428 2060 2452 a
2087 2428 2129 2454 se

1163 2484 1474 2520 commentarios
1526 2481 1575 2519 de
1629 2482 1812 2530 Scipione
1866 2481 2128 2528 imperatore,

1164 2555 1334 2593 quorum
1366 2548 1406 2582 et
1440 2544 1622 2581 meminit
1651 2542 1713 2579 hic
1739 2541 1968 2582 Fabricius;
1997 2539 2130 2577 adiicit

1166 2607 1338 2643 vertisse
1369 2616 1412 2643 se
1441 2604 1489 2644 ad
1521 2603 1799 2642 celebrandam
1833 2600 2043 2639 versiculis
2076 2601 2129 2638 fa-

1166 2667 1316 2705 miliam
1363 2666 1640 2705 Barbarorum.
1686 2665 1782 2713 Leye
1826 2664 1958 2713 itaque
1996 2664 2049 2700 ait
2080 2662 2127 2700 ad

1166 2732 1306 2768 Franc.
1338 2729 1582 2775 Barbarum,
1606 2727 1780 2779 primum
1823 2725 1868 2763 (le
1901 2725 2126 2775 coquomine

1162 2801 1411 2842 proavorum
1446 2794 1604 2828 cuorum
1633 2786 1852 2828 versiculos
1882 2792 1956 2824 etc.

1227 2854 1393 2902 Scripsit
1432 2857 1636 2902 praeterea
1671 2853 1815 2902 septem
1848 2847 2050 2887 volumina
2080 2847 2126 2886 (le

1168 2913 1355 2965 felicitate
1385 2916 1603 2963 temporum
1627 2914 1686 2951 Pii
1717 2913 1775 2959 ll,
1803 2915 1846 2949 ut
1867 2913 1949 2960 ipse
1972 2911 2128 2949 Porcel—

1170 2976 1232 3014 lus
1263 2980 1436 3014 testatur
1469 2977 1504 3013 in
1538 2974 1713 3024 Epistola
1745 2973 1792 3011 ad
1823 2973 1996 3010 Marcum
2027 2972 2127 3010 Fus-

1166 3048 1407 3085 scarenum‚
1437 3049 1485 3075 ex
1524 3048 1602 3086 qua
1641 3035 1771 3075 adhuc
1816 3033 1962 3072 inedita
2006 3034 2126 3074 verba

1165 3098 1362 3148 quaedam
1394 3098 1504 3136 dedit
1532 3099 1580 3136 cl.
1621 3096 1800 3146 Angelus
1841 3096 1890 3134 M.
1933 3096 2125 3142 Quirinus

1165 3158 1279 3198 Card.
1313 3161 1349 3196 in
1381 3159 1547 3198 diatriba
1578 3158 1847 3209 praeliminari
1888 3156 1935 3196 ad
1982 3159 2127 3209 episto-

1153 3301 1197 3329 cit
1213 3322 1221 3335 ,
1245 3307 1388 3337 quorum
1409 3301 1498 3337 prior
1517 3302 1717 3334 Petrai-chae
1734 3301 1946 3342 temporibus
1966 3299 2118 3333 floruerit

1737 3372 1799 3410 191
