2517 4009
989 218 1259 257 sALlCA

167 289 447 329 ‹innotationes
491 287 532 326 in
559 288 787 336 Lucanum,
824 289 943 327 l‘aris.
971 288 1074 339 apud

114 351 354 391 Ascensium
382 349 501 390 45⁴4.
525 348 627 387 folio.
652 349 672 371 *
698 349 974 400 interpretatio
990 351 1076 388 cius

114 413 418 453 in>Svetonium
466 411 595 449 multo
646 416 739 450 ante
784 411 926 462 prodiit
955 423 1073 462 quam

115 473 179 513 hic.
223 473 458 520 indicetur3
504 483 594 510 nam
635 476 698 510 est
745 472 848 523 apud
889 486 952 512 mc
996 476 1078 513 eiu—

31 539 44 544 “’
113 535 226 574 sdem
257 535 388 584 operis
411 533 532 572 editio
562 538 706 572 veneta
738 545 807 584 per
844 537 1075 575 Damianam

114 597 163 636 de
193 596 439 648 Gorgonzola
462 606 526 634 an.
551 596 665 635 4293.
697 596 760 634 die
790 597 853 636 29.
873 598 1011 636 Martii.
1042 598 1063 620 *

164 658 323 697 Marius
364 656 677 697 SABELLICUS
717 658 764 696 de
805 658 1075 710 conjuratione

111 718 359 771 Bajamontis
403 718 595 770 Theupolz'
624 720 704 759 MS.
732 721 878 759 Romae
909 722 946 758 in
977 721 1074 759 Bibl.

107 780 150 819 S.
166 780 321 820 Crucis.
353 782 468 819 Bern.
489 780 538 820 de
562 781 818 821 Montfaucon
853 782 948 820 Bibl.
980 782 1074 821 Bibl.

109 841 215 882 MSS.
245 853 270 893 p
299 843 376 882 494

165 902 420 944 SAGACIUS
449 904 513 943 vel
545 904 828 944 SAGACINUS
866 905 1001 944 Mutus
1029 905 1075 944 de

108 963 273 1004 Gazaca
290 993 298 1013 ‚
320 975 427 1004 unus
446 977 495 1004 ex
515 966 672 1004 civibus
691 967 890 1016 primariis
911 967 1076 1018 Regien-

113 1025 225 1066 sibus
241 1055 251 1075 ,
280 1028 347 1077 qui
371 1028 410 1065 in
430 1028 563 1066 turbis
586 1039 607 1066 a
648 1028 763 1067 ⁴348.
790 1029 915 1078 patria
945 1033 1078 1067 extor-

108 1089 163 1126 ris
191 1088 241 1127 ad
271 1089 421 1128 Canem
463 1089 664 1129 Grandem
697 1090 971 1141 scaligerum,
1004 1091 1075 1129 Ve-

113 1151 346 1197 ronensium
395 1152 614 1201 Principem
660 1152 851 1202 confugit.
910 1151 1076 1203 Scripsit

108 1210 307 1251 Crom'con
333 1213 523 1263 Re92·ense
554 1223 683 1262 usque
710 1212 759 1252 ad
792 1225 826 1252 a.
859 1214 976 1253 ⁴353.
1007 1214 1073 1262 qui

108 1273 182 1322 ipsi
211 1273 288 1312 fuit
315 1274 602 1323 nonagesimus
631 1275 787 1323 primus
817 1276 973 1312 aetatis.
994 1273 1071 1313 Sed

104 1333 338 1384 exemplum
392 1334 499 1373 illius
541 1333 657 1372 hodie
711 1336 810 1373 mire
855 1336 1072 1374 laceratum

109 1394 250 1441 adest,
279 1395 372 1434 inde
402 1406 480 1434 non
507 1396 580 1434 nisi
613 1395 663 1434 ab
710 1407 745 1434 a.
791 1397 906 1435 4282.
950 1396 1075 1435 edidit

107 1456 241 1497 Celeb.
270 1458 510 1496 Muratorius
538 1457 577 1496 S.
606 1458 649 1496 R.
681 1457 766 1496 Ital.
809 1462 903 1496 tom.
933 1459 1075 1497 XVlll.

107 1529 144 1568 p.
164 1519 200 1558 i.
216 1529 344 1568 quum
377 1523 511 1557 tamen
541 1529 590 1558 ex
617 1519 689 1566 iis,
712 1529 815 1568 quae
838 1530 962 1569 nepos
986 1519 1075 1570 ejus

108 1579 158 1618 ad
187 1590 223 1618 a.
271 1580 386 1619 1353.
431 1580 619 1630 scripsit,
649 1584 834 1629 constet,
865 1585 976 1630 gesta
1006 1580 1075 1619 At-

107 1641 201 1680 tilae
243 1645 284 1680 et
325 1642 493 1681 aliorum
523 1643 560 1679 in
592 1652 638 1680 eo
668 1647 886 1681 memorata
925 1643 1071 1681 fuisse:

104 1713 156 1742 ex
177 1703 327 1754 quibus
346 1702 507 1753 conjicit
534 1705 786 1753 Numitorius,
803 1705 853 1743 ab
878 1705 975 1755 ipsis
999 1705 1075 1742 for-

106 1769 215 1804 tasse
249 1765 519 1804 Romanorum
565 1766 813 1816 temporibus
856 1777 957 1817 opus
1001 1766 1074 1804 hoc

107 1826 232 1866 fuisse
252 1826 486 1866 deductum.
515 1827 682 1877 Reliqua
712 1827 760 1866 ab
776 1829 968 1868 a.i353-i
981 1828 1070 1867 388.

106 1887 253 1938 adjecit
283 1890 430 1928 Petrus
461 1889 601 1929 Mutus
629 1889 677 1928 de
713 1889 897 1939 Gazam,
929 1892 996 1941 qui
1027 1901 1070 1929 se

109 1952 239 2001 ipsum
268 1951 360 2003 ejus
383 1956 643 2002 pronepotem
661 1981 670 1999 ,
700 1952 764 1990 alii
784 1963 879 1991 vero
903 1953 1070 2003 scripto-

109 2023 200 2061 res,
229 2013 358 2052 Guido
383 2013 615 2052 Panzirolus
644 2017 686 2051 et
715 2013 968 2053 Bernadinus
997 2014 1072 2053 Co-

103 2074 188 2114 rius
226 2085 276 2113 ex
306 2075 561 2114 Franciscino
598 2079 790 2125 nepotem
825 2081 954 2115 vocat.
986 2077 1067 2115 Hic.

103 2147 137 2174 a.
168 2135 282 2175 4335.
309 2140 429 2176 natus
458 2141 595 2187 postea
621 2137 726 2175 inter
750 2138 967 2176 monachos
997 2139 1068 2176 Be-

102 2197 330 2237 nedictiuos
357 2198 398 2236 S.
420 2199 601 2250 Prosperi
629 2199 838 2250 Regiensis
858 2203 1068 2250 cooptatus

106 2259 208 2308 suit,
236 2272 361 2310 quum
393 2271 520 2299 annos
551 2264 670 2300 natus
708 2265 818 2299 esset
859 2262 965 2300 XIII.
1004 2263 1068 2300 Di-

103 2322 296 2371 gnitatem
327 2322 494 2361 Abbatis
522 2327 766 2362 consecutus
790 2328 854 2362 est
881 2335 916 2361 a.
949 2324 1068 2363 4363.

103 2393 219 2433 porro
242 2393 276 2422 a.
307 2384 423 2422 4384.
449 2384 498 2422 ab
531 2384 686 2423 Urbano
717 2385 765 2424 VI
797 2385 1069 2424 Subcollector

101 2443 382 2495 Apostolicus,
412 2449 453 2483 et
480 2456 515 2483 a.
541 2446 658 2484 ⁴39⁴.
696 2446 745 2484 ab
786 2447 948 2497 Ugolino
977 2448 1068 2497 Epi-

102 2517 221 2557 scopo
252 2507 448 2558 Regiense
466 2506 647 2545 Vicarius
675 2507 883 2546 Generalis
911 2519 1068 2547 assum—

102 2573 169 2607 tus
197 2573 290 2618 est,
322 2573 505 2607 mortuus
537 2568 696 2607 tandem
723 2580 756 2608 a.
783 2570 899 2608 itit.
924 2570 1066 2609 Omnia

101 2629 199 2669 haec
216 2630 414 2669 debentur
433 2630 665 2680 praefationi
686 2630 831 2669 laudati
851 2633 1064 2670 Muratorii.

156 2690 391 2730 Guilielmus
412 2690 710 2739 SAGINETUS,
726 2692 873 2731 Gallice
890 2693 1064 2743 Saiynet,

105 2753 222 2792 miles
249 2754 353 2792 eirca
382 2765 416 2792 a.
449 2753 563 2792 4420.
595 2753 760 2803 Scripsit
803 2754 1062 2793 Lamentatio-

100 2825 188 2854 nem
216 2813 263 2853 ob
287 2813 527 2854 caelibatum
547 2814 806 2854 Sacerdotum
822 2845 831 2863 ,
857 2817 942 2853 sive
967 2816 1063 2854 Dia-

100 2877 230 2929 loyum
277 2877 476 2916 Nz'caenae
505 2877 791 2916 constitutionis
815 2881 853 2916 et
881 2877 1062 2916 Naturae

100 2950 148 2978 ea
185 2939 233 2978 de
272 2950 319 2979 re
348 2940 651 2990 conquerentis,
695 2941 762 2990 qui
792 2951 882 2979 cum
917 2941 1063 2979 refuta-

102 3002 208 3039 tione
237 3002 402 3040 Joannis
430 3001 582 3040 Gerson
612 3002 689 3040 MS.
718 3006 781 3039 est
806 3013 842 3039 in
870 3001 966 3040 Bibl.
992 3003 1063 3040 Ba-

105 3062 255 3100 silens'i.
285 3062 533 3112 Opusculum
551 3068 684 3102 autem
704 3063 892 3102 Gersonis
910 3065 947 3101 in
973 3075 1062 3115 ope-

102 3123 211 3162 ribus
259 3124 366 3163 illius
412 3123 629 3175 conjuctim
695 3125 814 3163 editis
868 3126 1061 3165 invenies.

99 3185 282 3226 Oudinus
310 3189 418 3224 tomo
447 3186 513 3224 Ill.
544 3197 580 3236 p.
609 3185 730 3225 2325.

151 3247 432 3287 SALADINUS
453 3247 499 3286 de
516 3246 679 3296 Esculo,
701 3249 890 3299 Principis
916 3249 1062 3288 Taran—

99 3310 169 3348 tini
202 3309 396 3360 l‘hysicus
420 3311 522 3348 cirea
553 3323 586 3347 a.
620 3312 632 3349 si
647 3312 733 3349 163.
766 3310 931 3361 Scripsit
949 3310 1060 3351 Com-

2043 224 2120 265 439

1147 288 1334 339 pendium
1367 288 1721 329 Aromacartorum
1740 322 1750 339 ,
1782 302 1860 342 quo
1890 302 1982 332 cum
2012 294 2115 345 Ope-

1154 350 1262 389 ribus
1305 350 1446 389 Jannis
1489 353 1623 391 Mesue
1655 352 1797 402 prodiit
1829 354 1968 393 Venet.
2008 357 2112 395 4527

1151 417 1191 449 et
1223 413 1336 451 i58i.
1370 413 1432 451 fol.
1465 414 1566 452 llaec
1596 425 1643 452 ex
1687 415 1828 465 Wolig.
1874 418 1988 456 Justo
2017 420 2117 457 Mer-

1151 473 1307 513 cklinus
1338 475 1375 511 in
1407 474 1598 513 Lindenio
1629 481 1821 515 renovato
1851 489 1940 528 pag.
1968 480 2061 519 952.

1205 534 1244 573 S.
1273 535 1590 575 SALABERGAE
1625 537 1859 577 Abbatissae
1909 540 2120 580 Laudune-

1151 598 1236 635 nsis
1266 598 1347 634 vita
1377 597 1482 635 edita
1513 602 1576 636 est
1605 610 1625 637 a
1656 600 1848 639 Dacherio
1877 607 1968 652 post
1995 614 2114 654 opera

1149 658 1327 696 Guiberti
1360 668 1446 708 pag·
1476 658 1570 697 679.
1598 664 1637 697 et
1662 661 1883 700 Mabillonio
1908 665 2043 703 seculo
2070 666 2115 703 ll.

1149 719 1407 758 Benedictino
1438 731 1471 769 p.
1506 721 1595 759 421.

1203 782 1404 832 Anonymi
1437 781 1772 824 SALERMTAM
1797 786 2119 839 paralipomena,

1152 843 1224 882 hoc
1272 848 1360 892 est,
1406 855 1541 883 eorum
1566 874 1574 892 ‚
1619 856 1722 894 quae
1770 846 1927 887 duobus
1969 851 2120 890 seculis

1151 909 1264 956 gesta
1294 910 1336 945 et
1364 906 1414 945 ab
1444 906 1531 945 aliis
1561 909 1710 946 omissa
1740 914 1861 948 sunt:
1891 914 2118 961 enarratio,

1151 967 1201 1006 ab
1242 979 1275 1006 a.
1321 967 1512 1007 760-960.
1544 968 1715 1008 habetur
1756 975 1863 1009 tomo
1908 973 1954 1010 11.
1983 985 2118 1013 rerum

1155 1029 1385 1069 Italicarum
1417 1031 1617 1069 Muratorii
1650 1037 1760 1082 parte
1790 1033 1828 1071 2.
1847 1045 1882 1083 p.
1909 1036 1993 1073 ⁴59.
2026 1047 2116 1074 cum

1156 1092 1484 1131 annotationibus
1513 1092 1695 1142 ejusdem
1726 1095 1939 1134 Muratorii.

1205 1153 1383 1192 SALICA
1417 1156 1524 1203 Lex,
1553 1166 1573 1194 a
1605 1157 1766 1195 Francis
1785 1158 2054 1199 Orientalibus
2080 1164 2116 1200 in

1152 1224 1250 1263 pago
1280 1214 1473 1266 Salayeve
1505 1216 1778 1257 habitantibus
1809 1220 1918 1258 lata:
1950 1223 2015 1270 qui
2053 1235 2119 1273 pa-

1150 1285 1225 1323 gus
1256 1276 1359 1314 inter
1390 1278 1521 1315 Salam
1555 1280 1842 1318 Franconicum
1872 1286 1912 1319 et
1934 1283 2114 1323 Moenum

1149 1337 1253 1373 situs
1282 1340 1372 1384 est,
1404 1337 1511 1376 unde
1539 1340 1840 1390 geographicam
1875 1343 1980 1381 illius
2023 1344 2119 1383 deli-

1151 1397 1377 1435 neationem
1413 1399 1595 1437 invenies
1622 1401 1657 1437 in
1699 1413 1868 1452 mappa,
1901 1415 2020 1454 quam
2059 1407 2116 1444 Jo.

1149 1457 1374 1496 Fridericus
1392 1459 1902 1503 SchannatTraditionibus
1914 1467 2120 1506 Fuldensi—

1147 1518 1224 1556 bus
1253 1530 1274 1557 a
1304 1530 1348 1557 se
1377 1520 1494 1558 editis
1523 1521 1680 1571 adjecit.
1710 1522 1822 1562 Adde
1846 1527 1909 1565 hic
1933 1529 1990 1565 Jo.
2012 1530 2115 1568 Frid.

1151 1580 1339 1619 Weidleri
1370 1581 1420 1620 de
1450 1583 1573 1622 natali
1604 1585 1686 1622 solo
1718 1587 1831 1635 Legis
1875 1588 2026 1628 Salicae
2062 1591 2120 1629 di-

1150 1643 1456 1693 squisitionem,
1487 1646 1654 1685 Witteb.
1697 1648 1814 1686 4736.
1847 1649 2023 1699 editam,
2053 1653 2118 1691 ubi

1151 1709 1190 1741 et
1221 1704 1320 1743 alias
1349 1704 1398 1744 de
1429 1707 1580 1758 origine
1610 1708 1734 1760 hujus
1763 1712 1875 1749 vocis
1897 1716 2121 1753 sententias

1146 1764 1274 1803 adfert
1304 1771 1344 1804 et
1373 1766 1589 1817 dijudicat:
1622 1771 1714 1809 item
1747 1771 1935 1812 Oratione
1957 1776 2114 1815 Henrici

1147 1826 1299 1877 Cocceji
1331 1828 1380 1866 de
1410 1831 1512 1881 Lege.
1542 1831 1668 1871 Salica
1699 1830 1984 1887 Heidelbergae
2012 1838 2120 1876 habi—

1146 1894 1254 1936 tam,
1284 1894 1324 1927 et
1357 1896 1496 1941 postea
1527 1896 1687 1945 saepius
1719 1907 1926 1936 excusam.
1973 1899 2120 1938 Aucto-

1147 1960 1216 1988 res
1249 1950 1371 2000 hujus
1401 1954 1543 2004 Legis,
1575 1960 1619 1994 ut
1647 1968 1697 1994 ex
1740 1959 1985 2008 praefatione
2028 1972 2120 1999 con-

1142 2015 1252 2060 stat,
1284 2012 1448 2053 fuerunt
1476 2017 1587 2054 varii.
1618 2018 1736 2058 Primi
1769 2019 1932 2059 fuerunt
1976 2022 2116 2061 Recto-

1142 2084 1210 2112 res
1239 2078 1412 2123 quatuor
1455 2079 1752 2128 provinciarum
1797 2083 1835 2120 in
1879 2083 2118 2129 Germania,

1146 2136 1360 2186 Wisogast.
1405 2139 1631 2191 Bodogast,
1657 2142 1839 2193 Salogast
1877 2149 1918 2183 et
1955 2145 2119 2184 Windo-

1144 2201 1257 2246 gast,
1278 2197 1410 2238 adhuc
1430 2202 1624 2250 gentiles.
1644 2206 1712 2253 qui
1738 2206 1865 2255 prima
1887 2207 1992 2246 illius
2013 2207 2118 2247 rudi-

1148 2262 1282 2296 menta
1311 2258 1511 2309 jecerunt.
1542 2263 1674 2308 Quum
1710 2277 1807 2304 vero
1829 2268 1868 2304 in
1900 2268 1963 2306 illa
1998 2281 2118 2320 quae-

1143 2320 1235 2358 dam
1258 2318 1391 2359 decisa
1417 2329 1555 2361 essent
1573 2325 1750 2376 religioni
1766 2327 2009 2367 christianae
2026 2341 2119 2368 con-

1145 2384 1287 2434 traria,
1310 2396 1426 2437 reges
1451 2387 1694 2426 Francorum
1722 2388 1969 2437 Clodoveus,
1992 2390 2118 2430 Theo—

1142 2445 1302 2487 dericus
1324 2477 1332 2495 ,
1356 2448 1587 2487 Chlotarius
1607 2453 1645 2485 et
1663 2449 1916 2499 Dagobertus
1934 2462 2003 2500 per
2019 2452 2116 2490 alios

1144 2509 1252 2547 viros
1283 2510 1461 2548 illustres
1489 2521 1575 2548 eam
1617 2511 1652 2547 in
1696 2511 1901 2550 meliorem
1947 2513 2113 2552 formam

1143 2569 1393 2620 redegerunt.
1431 2570 1594 2620 Reliqua
1614 2600 1621 2617 ‚
1653 2583 1754 2620 quae
1773 2572 1822 2610 ad
1846 2572 2050 2612 historiam
2074 2576 2117 2613 il-

1143 2630 1220 2668 lius
1249 2632 1483 2680 pertinent,
1509 2632 1558 2670 ab
1589 2632 1664 2670 illis
1707 2635 1938 2673 auctoribus
1981 2638 2112 2686 requi-

1141 2696 1311 2739 rantur,
1340 2693 1406 2742 qui
1434 2692 1637 2732 historiam
1656 2694 1762 2733 Juris
1785 2700 1825 2733 et
1846 2697 1994 2746 Legum
2017 2697 2113 2736 Ger-

1139 2754 1385 2793 manicarum
1412 2754 1611 2794 dederunt
1646 2757 1725 2795 Nos
1745 2769 1814 2808 pro
1840 2759 2022 2798 instituto
2045 2771 2111 2797 no—

1139 2819 1223 2853 stro
1252 2816 1301 2853 de
1325 2816 1570 2856 editionibus
1593 2818 1750 2857 solliciti
1776 2830 1930 2859 sumus.
1960 2822 2113 2860 Primus

1137 2887 1228 2914 cum
1250 2879 1422 2917 cacteris
1443 2880 1612 2929 Legibus
1633 2880 1883 2920 Germanicis
1903 2883 2026 2921 edidit
2041 2885 2114 2923 Ba-

1136 2939 1250 2978 siIIus
1271 2941 1447 2979 Joannes
1476 2941 1702 2983 IlerolduS.
1733 2945 1853 2982 Basil.
1886 2946 2002 2984 ⁴557.
2045 2946 2110 2985 fol.

1136 3001 1328 3052 Sequitur
1356 3004 1414 3040 Jo.
1446 3004 1609 3051 Tillius,
1640 3007 1706 3056 qui
1750 3017 1841 3044 enm
1886 3007 1972 3046 aliis
2015 3009 2110 3048 item

1139 3064 1308 3112 Legibus
1338 3065 1544 3116 vulgavit,
1572 3068 1691 3106 l’aris.
1724 3067 1841 3107 4573.
1866 3080 1969 3118 quac
1990 3069 2109 3109 editio

1139 3136 1183 3163 ex
1219 3126 1361 3165 Codice
1388 3138 1457 3176 per
1481 3127 1666 3168 Carolum
1700 3131 1744 3168 M.
1775 3130 1993 3170 emendato
2023 3143 2110 3182 pro—

1139 3187 1209 3225 diit
1226 3219 1234 3234 ,
1260 3192 1299 3225 et
1330 3188 1536 3228 vocabulis
1565 3190 1816 3229 Germanicis
1842 3203 1873 3230 s.
1899 3193 2106 3244 Malbcrgis

1141 3250 1384 3288 destituitur.
1400 3252 1537 3289 Postea
1559 3253 2103 3293 FranciscusPithoeushane

1146 3314 1286 3362 Legem
1319 3315 1514 3352 correxit.
1547 3319 1581 3352 et
1603 3313 1735 3353 addito
1751 3316 1950 3355 Glossario
1967 3318 2075 3355 auxit
2100 3347 2104 3352 .
