2533 4009
451 266 524 304 181⁸

446 334 592 382 reperio
608 331 856 379 consignasse
875 327 976 364 hunc
994 325 1263 375 l‘anilnlphum
1288 327 1391 365 Vitas

446 396 704 432 Romanor-mn
732 388 953 438 Pontificum
970 387 996 424 ὰ
1010 389 1037 425 S
1072 388 1185 424 Petro
1200 398 1324 438 usque
1340 389 1393 427 ad

445 453 703 492 Innocentium
730 450 801 486 III.
830 450 962 485 Vonot.
986 449 1098 486 1548.
1117 454 1155 486 ct
1176 449 1286 487 ⁴600.

497 518 515 537 ⁸
546 512 800 561 Pandulphus
825 511 886 547 ille
913 512 977 560 qui
1005 512 1107 548 vitas
1137 511 1287 559 aliquot
1316 512 1388 549 Ro-

444 587 588 614 manor.
620 573 847 610 Pontificum
880 583 1021 622 nempe
1045 573 1217 617 Gregorii
1244 574 1323 611 Vll.
1349 578 1389 611 et

441 624 682 675 [aetolorum
709 633 850 672 deindo
881 646 1006 683 usquo
1036 635 1082 672 ad
1115 634 1385 673 Alexandrum

444 700 490 736 lll
519 708 607 735 cum
639 707 721 746 quor
745 695 890 733 desinit
935 697 1166 745 evulgavit,
1195 697 1296 735 alter
1325 702 1388 735 est

440 772 458 796 a
492 758 718 808 l‘andulplio
747 760 872 796 Masca
905 757 1100 796 Cardinali
1148 759 1387 808 Presbytero

439 823 503 870 qui
534 821 650 858 desiit
680 832 743 858 an.
778 820 886 858 1198.
921 824 962 858 ut
992 820 1129 869 probat.
1165 821 1307 871 l’agius
1338 821 1384 859 ad

439 896 501 921 an.
534 883 626 921 1⁴21
665 894 758 921 num
790 883 857 920 lx.
887 881 1062 932 Uterque
1092 887 1224 920 tamen
1265 883 1388 932 patria

440 946 511 983 tuit
529 947 693 983 Pisanus
713 976 722 991 ,
749 944 816 982 sed
841 946 944 993 prior
970 943 1184 982 hostiarius
1213 948 1390 983 tantum-

440 1009 554 1046 modo
598 1008 875 1046 l.at.eranensis
917 1007 1120 1045 Ecclesiae
1153 1008 1258 1054 fuit,
1289 1008 1390 1046 alter

440 1084 532 1109 voro
575 1070 811 1109 Cardinalis.
854 1071 970 1108 Porro
1016 1070 1273 1121 Pandulphus
1316 1071 1390 1108 iste

440 1133 677 1183 biographus
702 1134 911 1170 Romanor.
935 1132 1169 1171 Pontificum
1189 1134 1293 1172 vitas
1313 1144 1389 1172 non

439 1196 546 1233 (ledit
574 1206 738 1243 ornnes,
769 1195 836 1232 secl
870 1200 913 1233 ut
942 1206 1031 1233 mox
1058 1195 1137 1233 dixi
1163 1206 1182 1233 a
1207 1195 1392 1245 Gregorio

439 1259 516 1295 Yll.
549 1256 826 1296 tantummodo
871 1269 998 1306 usquc
1045 1257 1091 1295 ad
1126 1257 1392 1297 Alexandram

440 1321 502 1358 Ill.
546 1321 672 1366 Quam
717 1331 764 1357 ex
810 1321 883 1357 isto
925 1321 1077 1369 accepit
1107 1320 1394 1359 Constantinus

439 1383 656 1429 Caietanus
686 1383 808 1420 vitam
840 1382 986 1420 Gelasii
1035 1384 1078 1420 ll.
1125 1383 1278 1421 recudit
1314 1385 1395 1422 Mu-

442 1446 612 1483 ratorius
642 1455 717 1483 una
748 1455 838 1481 cum
872 1446 976 1481 notis
1006 1443 1183 1482 eiusdem
1215 1445 1392 1483 Caietani

443 1509 477 1544 in
511 1512 537 1544 t.
567 1508 617 1544 Ill
649 1518 685 1556 p.
717 1509 749 1544 i.
783 1507 868 1543 Rer.
900 1507 1068 1544 italicar.
1098 1506 1193 1544 Vide
1240 1507 1395 1546 GELA-

438 1570 564 1607 SlUM.
599 1569 644 1606 Il.
675 1568 800 1617 Supra
825 1573 850 1604 t.
878 1569 1013 1606 11128.

491 1630 816 1668 PANDULPHUS
832 1629 982 1681 Anytus
1000 1632 1185 1681 scriptor,
1204 1633 1392 1671 librorum

439 1693 483 1729 de
521 1691 714 1731 meatibus
745 1696 902 1739 terrae,
933 1693 981 1730 de
1021 1694 1165 1743 quibus
1205 1696 1396 1734 Simlcrus

439 1768 485 1793 vx
506 1757 669 1794 Lumine
691 1756 844 1793 animae
865 1755 1048 1793 Matthiae
1067 1757 1303 1795 Farinatoris
1319 1758 1399 1795 odi-

439 1824 477 1854 to
508 1817 550 1855 Α.
584 1816 702 1855 4477.

492 1879 818 1918 PANDULPHUS
869 1878 1113 1928 Capuanus,
1158 1881 1393 1931 Presbyter,

438 1944 474 1979 in
517 1941 660 1979 Casino
698 1941 772 1979 sub
802 1940 1001 1978 Desiderio
1039 1941 1137 1979 Abb.
1181 1943 1392 1981 Monachus

439 2004 590 2043 sactus,
616 2004 753 2040 Divina
780 2003 1051 2052 saecularique
1077 2003 1278 2042 literatura
1303 2016 1391 2043 oru-

437 2065 567 2106 ditus,
611 2066 768 2114 scripsit
810 2064 855 2102 ad
898 2066 1055 2103 Petrum
1096 2066 1387 2105 Salernitanum

434 2127 625 2164 Abbatom
657 2126 798 2164 librum
829 2125 874 2163 de
906 2125 1187 2165 Calcutatione.
1236 2129 1386 2166 Versus

437 2188 484 2226 de
513 2187 674 2225 termino
707 2187 881 2226 Paschae
912 2186 1211 2228 Hebraeorum:
1239 2189 1285 2227 de
1309 2189 1389 2227 cir-

438 2248 524 2286 culo
557 2248 683 2287 solari
708 2249 761 2289 ad
788 2253 1066 2288 concurrentes
1111 2250 1387 2292 inveniendos..

439 2311 485 2349 de
506 2311 620 2361 Ost-lo
637 2310 793 2358 lunari,
814 2311 859 2349 de
871 2310 976 2362 feria
999 2312 1173 2351 Paschae
1192 2311 1388 2352 Hebraeo-

441 2385 527 2410 rum
560 2373 819 2412 invenienda:
856 2374 910 2411 ad
947 2385 1070 2412 annos
1106 2376 1261 2413 Domini
1287 2376 1390 2415 inve-

440 2434 621 2473 niendos:
645 2433 815 2486 qualiter
839 2435 918 2474 sint
937 2436 1187 2475 inveniendae
1218 2438 1389 2476 indictio-

439 2508 516 2535 nes.
562 2497 614 2534 De
659 2497 768 2534 Luna
802 2497 993 2548 cujusque
1037 2497 1116 2536 diei
1158 2498 1390 2539 invenienda

437 2557 586 2609 absque
611 2557 937 2596 Embolismorum
962 2560 1266 2600 contrarietate:
1292 2564 1392 2611 Quo-

440 2619 547 2657 modo
575 2619 721 2671 fallunt
743 2620 814 2671 qui
830 2632 870 2659 se
896 2620 998 2658 scire
1017 2626 1163 2672 putant
1178 2655 1186 2671 ,
1213 2627 1306 2674 quot
1328 2624 1392 2661 lio-

440 2683 523 2721 ris.
548 2682 610 2719 rel
632 2683 789 2733 punctis
820 2682 913 2721 luna
942 2683 981 2720 in
1009 2695 1250 2735 unaquaque
1285 2690 1391 2725 nocte

442 2745 580 2782 luceat.
593 2744 744 2794 Quibus
764 2746 885 2784 modis
902 2757 1045 2785 cursus
1062 2745 1154 2784 solis
1171 2746 1387 2786 dividatur:

440 2807 625 2857 quomodo
649 2806 842 2859 efficiatur
872 2807 1074 2847 bisserctus
1094 2808 1147 2846 ad
1163 2809 1288 2860 serias
1312 2812 1389 2848 Ka-

443 2867 646 2906 lendarum
676 2869 951 2908 inveniendas:
985 2869 1164 2919 Qualiter
1200 2871 1264 2909 vel
1289 2872 1389 2910 unde

442 2930 599 2979 requiae
639 2930 693 2968 ad
731 2930 858 2982 ferias
900 2932 1090 2971 mensium
1138 2933 1389 2973 inveniendas

441 2992 690 3040 praecedant.
732 2994 927 3041 Quomodo
957 2993 1096 3045 requla
1132 2994 1388 3033 terminorum

447 3051 714 3092 Hebraeorum
744 3056 940 3104 (Paschae)
979 3067 1034 3094 eoe
1062 3067 1185 3095 cursu
1212 3055 1304 3094 solis
1334 3057 1390 3094 in—

447 3114 650 3153 veniatur:
695 3116 748 3154 ad
781 3116 926 3168 seriam
968 3118 1278 3169 uniuscujusque
1315 3117 1393 3156 (liei

451 3173 725 3215 [inveniendam.
767 3181 819 3217 De
848 3184 1020 3231 quatuor
1049 3179 1311 3232 temporibus,
1353 3181 1391 3218 in

450 3233 591 3282 quibus
614 3237 781 3279 ‹latariis
804 3241 971 3281 solstitia
998 3244 1196 3282 veraciter
1224 3254 1306 3282 esse
1329 3243 1391 3282 de-

449 3293 559 3331 lwnut
577 3310 582 3332 z
601 3296 667 3333 nbi
683 3302 926 3350 aequinoctia
950 3304 1145 3343 veraciter
1178 3305 1391 3344 credantur

453 3369 543 3393 essen
583 3361 773 3403 (momodn
803 3366 997 3404 ,iduenlus
1024 3368 1175 3405 Domini
1203 3367 1254 3405 sit
1291 3367 1390 3405 inve-

1177 256 1680 297 PANDULPHUS

1467 327 1644 366 niendus.
1664 329 1709 366 Ut
1725 325 1838 367 litera
1855 329 2186 371 hebdomadarum
2203 344 2276 385 per
2297 336 2416 373 totum

1466 401 1613 427 annum
1663 389 1888 429 memoriter
1933 393 2174 433 inveniatur.
2222 395 2416 444 Quomodo

1467 452 1660 491 CHristus
1688 450 1741 488 sit
1762 462 1911 500 passus
1934 453 1973 492 in
1997 456 2109 495 tertio
2140 456 2342 496 Kalendas
2365 457 2418 496 Α·-

1459 513 1589 563 prilis.
1612 511 1806 560 Quomodo
1826 515 1923 552 anni
1940 514 1990 553 ab
2007 517 2157 568 oriyine
2180 519 2318 557 muudi
2338 530 2418 558 om·-

1464 588 1531 614 nes
1558 575 1713 627 fallunt.
1760 573 1939 623 Qualiter
1977 578 2086 616 Luna
2124 579 2416 631 quintadecima

1464 650 1537 675 non
1555 641 1683 689 potest
1702 636 1757 675 ad
1784 636 1892 675 illam
1921 637 2020 676 diem
2038 671 2046 679 .
2070 652 2150 692 qua
2176 641 2285 694 facta
2307 641 2389 695 fuit
2405 675 2413 690 ‚

1459 699 1667 749 pertinere.
1696 699 1751 736 De
1775 698 2017 738 assumtione
2045 702 2220 742 Sanctae
2251 704 2415 743 Mariae.

1464 763 1522 801 Ile
1551 762 1693 813 Aynete
1722 761 1996 813 Imperatrice,
2036 764 2126 802 Fuit·
2155 771 2290 806 autem
2317 772 2418 805 tem-

1465 825 1624 875 poribus
1664 824 1863 863 Michaelis
1893 825 2077 875 (Ducae,
2108 829 2173 877 qui
2214 827 2258 867 A.
2303 828 2416 869 4078.

1465 887 1583 935 obiit)
1624 891 1664 925 et
1693 886 1818 925 Alexii
1862 886 2084 936 (Comneni
2115 889 2181 939 qui
2215 889 2260 928 A.
2301 892 2415 930 408⁴.

1464 950 1591 999 coepit
1614 949 1804 999 praesse)
1829 950 2130 998 Imperatorum.

1518 1011 1620 1049 Haec
1649 1009 1697 1048 de
1721 1010 1952 1061 Pandulpho
1982 1011 2123 1050 Petrus
2146 1012 2344 1053 Diaconus
2371 1015 2419 1054 de

1466 1074 1561 1110 viris
1602 1072 1821 1111 illustribus
1851 1073 2136 1112 Casinensibus
2165 1084 2249 1125 cap.
2280 1074 2330 1114 26
2360 1077 2419 1115 Ex

1467 1134 1683 1185 pandulphi
1710 1135 1870 1184 scriptis
1895 1138 1934 1172 et
1960 1133 2187 1175 Curionibus
2210 1135 2424 1176 Mathema-

1468 1196 1554 1235 ticis
1576 1198 1641 1247 qui
1674 1197 1711 1233 in
1736 1195 1833 1234 Bibl.
1856 1196 2063 1235 Casinensi
2087 1198 2239 1236 servari
2261 1198 2424 1239 tradun-

1469 1265 1559 1307 tur,
1591 1259 1684 1296 nihil
1717 1258 1820 1308 quod
1847 1260 1966 1297 sciam
1997 1259 2147 1298 editum
2177 1265 2323 1300 exstat.

1522 1322 1848 1361 PANDULPHUS
1869 1320 2098 1361 Casinensis
2112 1351 2123 1370 ⁷
2139 1321 2353 1362 Monachus
2366 1327 2424 1362 at-

1468 1396 1544 1436 quc
1576 1384 1665 1422 inde
1693 1385 1734 1422 R.
1765 1385 1811 1422 E.
1845 1382 2102 1434 cardinalis,
2130 1385 2351 1435 Episcopus
2374 1385 2426 1423 O-

1468 1447 1630 1485 stiensis
1650 1446 1867 1486 defunctus
1884 1446 1931 1484 A.
1949 1447 2064 1485 ⁴434.
2081 1457 2199 1496 quern
2217 1446 2423 1486 celebrans

1468 1508 1570 1546 idem
1601 1509 1740 1546 Petrus
1763 1509 1959 1547 Diaconus
1987 1519 2072 1558 cap.
2115 1508 2181 1548 25.
2217 1510 2426 1549 Sermones

1468 1570 1554 1622 ojus
1584 1569 1633 1608 de
1658 1571 1779 1608 totius
1803 1571 1893 1608 anni
1920 1571 2202 1610 festivitatibus
2223 1600 2231 1619 ,
2261 1575 2301 1610 et
2325 1570 2427 1624 Rhy-

1468 1632 1615 1671 tlimum
1647 1633 1683 1668 in
1716 1630 1870 1669 laudem
1903 1632 1942 1670 S.
1970 1633 2112 1670 Mariae
2142 1638 2348 1672 memorat.

1523 1694 1851 1733 PANDULPHUS
1882 1692 2136 1734 Collenutius.
2168 1694 2294 1745 Supra
2330 1699 2425 1733 tom.

1472 1760 1505 1796 t.
1532 1768 1616 1807 pag.
1650 1756 1737 1794 368.
1770 1754 2094 1794 PANDULPHUS
2114 1756 2306 1796 Columna
2331 1757 2426 1795 Vide

1467 1816 1806 1858 PANDULPHUS.

1522 1880 1782 1920 PANDULPH
1791 1880 1850 1918 US
1870 1877 2058 1918 Ostiensis
2078 1909 2085 1928 ‚
2101 1878 2204 1918 idem
2221 1890 2312 1919 cum
2329 1879 2426 1919 alte-

1468 1955 1508 1982 ro
1538 1943 1758 1982 Casinensi.

1518 2002 1851 2044 PANDULPHUS
1878 2003 2072 2051 Pisanus,
2097 2003 2198 2042 idem
2221 2015 2310 2044 curn
2337 2003 2425 2043 Ale-

1469 2070 1587 2106 trino.

1518 2128 1843 2169 PANDULPHUS
1876 2126 2111 2166 leeanensis
2127 2129 2164 2166 in
2186 2139 2305 2180 regno
2327 2129 2424 2168 Nea-

1463 2193 1536 2244 pol.
1559 2193 1779 2242 Episcopus
1797 2219 1804 2237 ‚
1823 2191 1884 2228 cui
1904 2191 2044 2229 Petrus
2062 2191 2256 2230 Diaconus
2272 2190 2415 2230 librum

1462 2254 1509 2293 de
1530 2253 1634 2291 Viris
1653 2251 1875 2291 illustribus
1893 2251 2179 2291 Casinensibus
2196 2253 2312 2304 jussu
2331 2252 2418 2304 ejus

1454 2317 1654 2365 ‘scriptum
1681 2313 1895 2352 dedicavit.

1520 2376 1917 2416 PANORMITANUS.
1955 2375 2052 2414 Vide
2082 2375 2359 2425 ANTONIUS,
2388 2383 2416 2415 t.

1465 2443 1500 2479 4.
1522 2451 1606 2490 pag.
1634 2439 1721 2477 422.
1747 2443 1788 2475 et
1814 2438 2202 2478 PANORMlTANUS
2224 2439 2356 2478 Abbas
2380 2445 2419 2478 et

1465 2503 1695 2552 Episcopus,
1714 2502 1751 2538 in
1769 2499 1990 2541 NICOLAO
2006 2500 2052 2539 de
2071 2500 2254 2540 Tudescis
2267 2533 2278 2551 ,
2300 2513 2418 2553 supra

1465 2565 1500 2602 in
1534 2564 1605 2602 hoc
1636 2563 1838 2602 volumine
1868 2575 1904 2614 p.
1936 2563 2025 2602 428.
2054 2565 2123 2602 Hic
2149 2565 2253 2602 enim
2281 2565 2421 2603 intelli-

1465 2629 1571 2677 gitur
1599 2626 1703 2677 apud
1736 2627 2006 2664 Hei-manuum
2037 2626 2089 2664 ab
2114 2625 2238 2664 Hardt
2263 2631 2356 2665 tom.
2383 2627 2420 2665 6.

1465 2688 1625 2727 Concilii
1656 2688 1981 2726 constantiensis
2004 2687 2214 2737 prolegom.
2245 2699 2331 2739 pag.
2355 2689 2415 2727 46.

1467 2751 1527 2789 ubi
1555 2751 1717 2789 affertur
1733 2750 1843 2788 locus
1864 2761 1912 2788 ex
1932 2750 2192 2802 Panormitani
2210 2761 2419 2801 praegran-

1462 2813 1497 2850 ‹li
1535 2824 1650 2863 opere
1680 2813 1872 2851 Manuscr.
1901 2822 1970 2861 pro
1993 2807 2226 2851 auctoritate
2256 2812 2417 2852 Concilii

1463 2874 1575 2912 Basil.
1601 2879 1738 2911 contra
1766 2873 1993 2923 Eugenium
2026 2874 2180 2923 Papam.

1514 2935 1675 2974 ΡΑΝΤΑ
1686 2933 1812 2973 LEON
1830 2933 2006 2972 Medicus
2023 2965 2033 2982 ,
2058 2935 2174 2985 cujus
2195 2932 2351 2976 summa
2368 2935 2417 2975 de

1461 2998 1693 3035 confluentia
1724 2996 2023 3042 lacticiniorum,
2040 3001 2290 3036 attractatus
2319 2999 2416 3050 varii

1463 3059 1509 3096 dc
1529 3060 1672 3110 butyro
1688 3089 1698 3107 ,
1718 3058 1766 3096 dc
1783 3068 1989 3098 caseorum
2016 3059 2214 3098 variarum
2237 3060 2414 3110 gentium

1463 3122 1679 3160 differentia
1708 3124 1747 3160 ct
1789 3120 1973 3160 facultate
2002 3121 2230 3172 prodierunt
2255 3122 2414 3160 Taurini

1467 3183 1581 3221 4477.
1612 3184 1676 3221 fol,

1516 3245 1782 3285 PANTHEON
1800 3279 1810 3295 ,
1836 3247 2003 3297 suprain
2023 3244 2271 3285 GODFRIDO
2287 3245 2412 3284 Vitor-

1466 3308 1589 3345 hionsi
1622 3312 1716 3346 tom.
1746 3308 1781 3346 3.
1813 3319 1900 3359 pag.
1930 3308 1993 3346 66.

1518 3371 1534 3390 *
1550 3371 1717 3408 Joannes
1734 3369 1922 3408 Antonius
1939 3367 2200 3408 PANTHOUS
2219 3368 2410 3408 Sacerdos
