2517 4009
901 249 1346 292 OMNIBONUS

189 325 478 368 OMNIBONUS
531 323 794 372 Leonicenus,
845 325 1091 376 propinquus

133 390 278 431 Nicolai
311 387 546 435 Leonieeni,
577 385 626 426 dc
656 399 733 437 quo
764 399 883 439 supra
914 391 1010 425 tom.
1041 387 1091 425 IV

133 465 221 506 pag.
268 452 356 491 550.
399 450 632 488 vicentinus
676 451 800 501 patria
830 455 871 489 et
913 450 1091 488 Venetiis

136 513 295 554 auditor
321 512 553 551 Emanuelis
582 512 871 563 Chrysolorae,
917 511 1091 550 Graecae

135 577 220 627 ipse
265 579 306 614 et
350 574 512 613 Latinae
556 572 713 625 linguae
750 576 928 626 peritus,
959 585 1004 613 ac
1033 575 1090 612 Jo.

130 638 337 678 Trithemii
363 637 512 689 judicio
540 648 625 688 cap.
650 636 739 676 753.
766 637 1030 688 Philosophus
1051 639 1091 675 et

131 701 278 742 Rhetor
305 701 600 741 celeberrimus.
630 700 740 737 Diem
772 699 867 738 obiit
896 698 940 738 Α.
973 698 1089 738 4524.

133 765 166 804 si
194 763 398 803 credimus
426 762 599 802 Antonio
627 761 801 800 Orlando
845 762 995 812 Origin.
1029 766 1090 813 ty-

131 826 367 878 pographiae
412 837 499 877 pag.
531 826 619 864 356.
652 823 892 875 Quintiliani
934 826 1092 863 institu-

130 889 260 927 tiones
288 899 334 927 ex
362 887 451 938 ejus
475 886 753 926 emendatione
778 886 938 926 excudit
970 887 1091 925 nitide

129 951 312 990 Nicolaus
339 951 488 988 Jenson
519 949 721 998 Gallicus,
756 950 932 988 Venetiis
976 949 1092 989 4474.

134 1013 199 1052 fol.
229 1013 277 1052 de
307 1024 384 1064 qua
414 1013 588 1052 editione
619 1013 710 1051 vide
740 1012 951 1051 Christiani
1001 1013 1094 1051 Got-

130 1076 226 1115 tlicb
256 1076 471 1115 Schwartii
518 1075 687 1115 indicem
729 1076 919 1114 librorum
950 1076 1092 1114 Seculo

129 1139 213 1178 XV.
247 1139 533 1190 impressorum
579 1150 665 1189 pag.
697 1139 747 1176 65
792 1149 876 1188 seq.
913 1137 1094 1177 Valerius

128 1200 343 1241 Maximus
370 1212 462 1240 cum
492 1201 704 1240 Omniboni
736 1201 997 1250 expositione,
1029 1212 1095 1252 po-

131 1267 171 1302 st
193 1263 389 1302 editiones
410 1264 603 1302 Venetam
632 1261 749 1301 4482.
771 1267 811 1300 et
831 1261 1095 1301 Mediolanen-

132 1336 218 1364 sem
265 1324 380 1365 4487.
413 1325 479 1363 fol.
510 1323 654 1376 prodiit
681 1325 802 1362 etiam
834 1324 950 1371 alibi,
990 1326 1094 1364 sicut

132 1388 267 1428 itidem
294 1400 396 1440 quae
413 1389 575 1440 scripsit
600 1389 637 1426 in
666 1388 896 1428 Ciceronem
921 1387 966 1426 de
993 1389 1093 1428 Ora-

130 1454 240 1499 tore,
270 1462 348 1491 una
377 1462 469 1490 cum
499 1450 688 1489 Oratione
719 1449 767 1488 de
798 1449 984 1489 laudibus
1014 1451 1093 1489 elo-

130 1515 318 1564 quentiae
347 1513 492 1565 prodiit
520 1513 726 1551 Vicentiae
759 1512 877 1551 4476.
899 1512 963 1550 fol.
988 1512 1092 1551 Scri-

130 1576 210 1628 psit
238 1579 279 1614 et
308 1576 346 1613 in
378 1575 494 1614 Tullii
539 1572 713 1613 Laelium
750 1579 790 1612 et
833 1573 879 1612 de
917 1573 1090 1627 Officiis,

134 1648 210 1676 nec
239 1648 316 1676 non
346 1638 384 1676 in
414 1635 649 1676 Sallustium
669 1668 679 1684 ,
711 1639 747 1674 in
781 1635 934 1675 Lucani
974 1636 1092 1675 Phar-

129 1700 296 1749 saliam,
343 1698 479 1738 Venet.
527 1699 642 1739 4475.
689 1699 843 1738 Brixiae
891 1699 1008 1738 4486.
1044 1698 1092 1737 de

132 1761 279 1814 quibus
308 1761 389 1800 dixi
415 1763 453 1800 in
479 1761 577 1801 Bibl.
609 1762 773 1801 Latina:
803 1765 844 1800 et
874 1763 911 1799 in
943 1760 1091 1800 Graeca

125 1824 176 1864 de
203 1825 250 1863 iis
279 1835 383 1875 quae
411 1832 461 1863 ex
493 1824 643 1863 Graeco
678 1825 813 1862 Latine
858 1824 1091 1872 transtulit,

129 1891 173 1926 ut
201 1891 360 1939 praeter
406 1888 614 1939 AEsopicas
658 1886 812 1926 fabulas
850 1887 1090 1935 nonnullas,

125 1950 304 1990 libellum
329 1950 607 2001 Xenophontis
625 1948 673 1988 de
702 1951 913 1988 venatione
933 1981 943 1997 ‚
965 1954 1089 2000 atque

133 2013 173 2052 S.
201 2012 408 2052 Athanasii
438 2012 540 2052 duos
569 2015 709 2052 contra
739 2012 890 2050 Gentes
917 2017 957 2050 et
1001 2012 1094 2051 hae-

125 2077 300 2126 reticos,
330 2087 408 2127 qua
439 2078 628 2114 versione
659 2075 905 2126 singularem
932 2075 1091 2114 laudern

125 2139 266 2178 tulisse
295 2143 406 2178 notat
434 2139 639 2177 Gesnerus
667 2149 704 2189 p.
736 2137 825 2176 527.
871 2139 1092 2177 Memoran-

124 2206 191 2241 tur
218 2206 259 2240 et
288 2200 379 2253 ejus
407 2202 640 2241 Orationes:
673 2205 757 2240 tum
784 2202 1018 2240 scansiones
1041 2202 1092 2238 si-

128 2276 178 2303 ve
202 2264 360 2303 libellus
384 2263 433 2302 de
451 2268 535 2302 arte
562 2265 728 2302 metrica
753 2265 892 2303 Venet.
912 2265 1028 2303 4494.
1056 2265 1092 2301 4.

179 2325 202 2350 *
231 2327 391 2364 Praeter
421 2326 518 2364 haec
546 2327 678 2364 omnia
709 2327 784 2364 viri
816 2326 937 2365 huius
974 2337 1093 2376 opera

131 2399 152 2427 a
180 2388 356 2426 Fabricio
385 2387 555 2426 indicata
585 2392 725 2426 extant
753 2390 871 2426 etiam
897 2387 1090 2439 quaedam

130 2451 218 2488 eius
262 2449 454 2500 epistolae
492 2450 530 2487 in
561 2450 792 2488 collectione
835 2450 1092 2500 epistolarum

130 2512 268 2549 Franc.
312 2510 474 2549 Barbari
517 2511 566 2549 ab
610 2512 699 2550 Em.
744 2512 861 2550 Card.
904 2513 1004 2563 Ang.
1046 2514 1094 2550 M.

128 2572 295 2619 Quirino
343 2571 545 2611 adornata.
590 2573 651 2611 Ex
681 2574 846 2624 epistola
884 2575 960 2612 4⁶26
1004 2574 1093 2612 ibid.

128 2633 297 2685 legenda
329 2634 378 2673 ab
407 2634 631 2673 Omnibono
659 2647 707 2674 ex
739 2637 916 2675 Tarvisio
937 2636 1026 2675 data
1047 2637 1094 2674 Λ.

135 2698 230 2737 4444
269 2696 463 2736 discimus
492 2699 624 2737 virum
656 2698 762 2737 hune
791 2702 875 2737 tum
903 2702 1093 2748 Juvenem

131 2759 356 2799 studiorum
388 2770 552 2799 suorum
585 2761 823 2810 tyrocinium
851 2762 1030 2812 posuisse
1057 2764 1093 2800 in

128 2822 334 2873 Aesopicis
366 2823 538 2862 Fabellis
575 2824 752 2862 edendis.
791 2825 893 2863 Cum
926 2837 1018 2863 vero
1048 2825 1092 2864 Α.

136 2885 232 2925 4444
271 2885 307 2923 id
340 2887 482 2924 aetatis
512 2888 662 2936 egerit,
696 2891 737 2926 ut
769 2892 903 2938 posset
934 2888 1095 2940 Aesopi-

131 2957 200 2986 cas
247 2946 411 2986 fabellas
455 2960 502 2986 ex
550 2948 700 2987 Graeco
730 2949 850 2999 dare,
883 2951 949 2988 vix
979 2951 1095 2989 credo

129 3010 254 3048 vitam
285 3008 502 3060 producere
533 3012 707 3060 potuisse
725 3023 850 3062 usque
868 3011 914 3050 ad
932 3011 1093 3051 Annum

135 3071 253 3112 4524.
286 3077 381 3110 tunc
411 3073 517 3110 enim
564 3073 684 3111 vitani
729 3075 819 3124 plus
865 3076 982 3112 nimis
1012 3075 1092 3112 lon-

129 3136 218 3187 gius
247 3146 366 3187 quam
399 3139 535 3185 posset
564 3134 672 3173 credi
717 3138 980 3187 prorogasset.
1020 3138 1089 3175 4Ὶο-

132 3197 188 3237 dit
221 3199 384 3249 insuper
412 3196 661 3236 Omnibonus
687 3197 975 3236 Grammatz'ces
1001 3210 1090 3237 cru—

130 3260 329 3307 ciamenta,
377 3271 479 3311 quae
517 3259 690 3311 junctim
735 3271 827 3299 cum
872 3258 998 3298 libello
1042 3261 1089 3300 (lc

130 3327 219 3364 arte
246 3324 414 3363 metrica
443 3323 566 3361 habeo
599 3323 789 3372 impressa
815 3323 1014 3361 vicentiae.
1040 3325 1084 3363 Λ.

135 3387 238 3427 4506
268 3399 318 3426 ex
349 3386 579 3426 recensione
620 3386 817 3425 Francisci
852 3387 988 3425 Nitalis
1018 3389 1088 3426 Bo-

133 3449 258 3498 diam,
288 3450 385 3490 alias
414 3450 678 3489 Frucanliani.
711 3448 729 3471 ¹*

2057 259 2130 298 157

1222 324 1418 364 OMNIUM
1442 326 1745 369 SANCTORUM
1767 328 2015 377 Monasterii,
2040 330 2134 370 Ord.

1168 387 1576 427 praemonstratensis
1622 392 1658 428 in
1690 390 1862 429 dioecesi
1893 391 2135 443 Argentora-

1168 451 1302 497 tensi,
1334 448 1566 490 documenta
1611 457 1745 492 vetera
1781 454 1907 492 xxll.
1953 455 2134 506 vulgavit

1167 512 1209 549 V.
1241 512 1284 550 C.
1303 513 1360 550 Jo.
1381 513 1605 553 Fridericus
1634 514 1838 555 Schannat
1855 517 1892 554 in
1912 517 2133 557 vindemiis

1167 573 1638 622 litterariis,collcctionc
1669 580 1793 629 prima
1826 591 1861 631 p.
1894 581 1983 620 ⁴42.
2014 582 2104 622 454.

1218 635 1442 676 Μαίασὴίαε
1460 638 1736 679 OMONGAIR.
1751 642 1878 693 Supra
1896 641 2131 683 Malachias.

1218 699 1478 739 ONESIMUS
1521 704 1690 752 scriptor
1723 703 1832 743 Vitae
1864 705 1974 743 Probi
2006 707 2134 758 Impe-

1166 762 1309 800 ratoris
1339 761 1388 800 ab
1414 763 1461 800 A.
1484 763 1576 802 276.
1606 764 1653 803 ad
1680 765 1770 804 282.
1797 767 1933 805 Latine
1963 771 2135 820 scripse-

1166 824 1215 861 rit
1245 835 1294 861 an
1325 822 1475 863 Graece
1507 837 1583 864 non
1616 832 1678 865 est
1708 829 1823 879 plane
1853 831 2132 881 exploratum,

1168 897 1414 938 quamquam
1448 889 1598 927 Latinis
1629 891 1836 930 Historicis
1865 891 1887 930 a
1920 894 2056 931 Vossio
2095 906 2130 946 p.

1169 948 1255 986 484.
1287 954 1535 989 accensetur.
1583 952 1709 1004 Saepe
1754 953 1939 995 laudatur
1968 958 1989 995 “3
2021 958 2135 1008 Vopi-

1168 1021 1235 1048 sco
1262 1011 1299 1048 in
1329 1012 1491 1051 Proculo
1517 1025 1606 1066 cap.
1633 1016 1694 1054 43.
1723 1018 1760 1054 40
1783 1017 1937 1056 Bonoso
1961 1030 2044 1070 cap.
2073 1022 2136 1059 44.

1169 1073 1207 1110 40
1238 1073 1350 1122 Caro,
1384 1075 1771 1128 ubidiligentissime
1791 1081 1912 1119 vitam
1932 1082 2041 1120 Probi
2071 1085 2126 1121 ait

1168 1137 1380 1187 scripsisse
1397 1149 1481 1189 cap.
1503 1140 1535 1177 4.
1553 1144 1592 1178 ct
1607 1139 1643 1178 7.
1667 1143 1703 1179 in
1735 1144 1877 1181 Carino
1898 1154 1931 1182 c.
1952 1146 1984 1183 4.
2005 1149 2045 1182 et
2068 1147 2130 1183 49.

1221 1199 1562 1241 ONGARELLUM
1593 1205 1661 1253 qui
1692 1211 1785 1243 ante
1815 1216 1942 1244 annos
1978 1212 2134 1246 trecen-

1168 1265 1230 1299 tos
1260 1264 1491 1313 scripserit,
1522 1264 1639 1303 edere
1670 1267 1795 1306 voluit
1826 1268 1992 1307 illustris
2026 1271 2135 1309 Leib-

1169 1325 1294 1362 nitius
1322 1325 1358 1362 in
1384 1326 1593 1366 Volumine
1619 1340 1753 1367 rerum
1782 1330 2021 1381 Italicarum,
2041 1335 2117 1372 scri

1167 1391 1324 1438 ptorum
1358 1388 1499 1427 bonam
1535 1397 1690 1440 partem
1718 1393 1958 1433 ineditorum
1983 1401 2052 1435 aut
2072 1409 2140 1438 au—

1167 1450 1350 1488 otiorum.
1384 1449 1480 1489 Vide
1510 1451 1598 1501 ejus
1629 1453 1827 1504 Epistolas
1857 1456 1904 1494 ad
1951 1457 2132 1498 diversos

1168 1514 1191 1551 a
1219 1512 1380 1551 Clariss.
1407 1513 1634 1553 Christiano
1660 1517 1867 1556 Kortholto
1890 1526 2030 1571 nepote
2052 1522 2134 1560 edi-

1167 1580 1257 1622 tas,
1291 1580 1388 1613 tom.
1419 1577 1433 1615 4
1472 1588 1508 1627 p.
1542 1577 1630 1617 393.

1220 1637 1474 1686 ONlTHON,
1505 1639 1695 1680 Sutrinus
1716 1642 1940 1695 Episcopus
1964 1647 2133 1697 scriptor

1172 1699 1361 1740 Chronici
1389 1701 1619 1754 Pontificum
1649 1705 1755 1743 Rom.
1789 1707 1824 1743 in
1859 1706 1954 1746 Lud.
2000 1709 2132 1747 Jacobi

1168 1764 1266 1803 Bibl.
1298 1765 1499 1804 Pontificia
1544 1778 1579 1817 p.
1627 1766 1715 1805 408.
1746 1773 1786 1806 et
1815 1769 1920 1821 apud
1949 1771 2130 1810 Vossium

1168 1838 1257 1878 pag.
1286 1827 1377 1866 745.
1407 1827 1429 1866 ὲ
1460 1827 1632 1867 Lelando
1664 1836 1920 1871 memoratur.
1945 1833 2019 1872 Sed
2048 1835 2134 1873 nul-

1168 1889 1231 1929 lus
1275 1889 1378 1941 apud
1425 1891 1636 1942 Ughellum
1681 1892 1856 1933 Onithus
1887 1900 1913 1933 t.
1945 1897 1959 1934 4
1998 1897 2132 1936 Italiae

1169 1963 1305 1992 sacrae
1324 1953 1428 1992 inter
1443 1954 1631 1993 Sutrinos
1647 1955 1867 2007 Episcopos
1878 1970 1915 2009 p.
1929 1960 1943 1998 4
1955 1959 2031 1998 273
2049 1970 2131 2011 seq.

1221 2015 1243 2038 ³¹⁶
1273 2015 1374 2062 Quis
1407 2017 1583 2067 profecto
1613 2017 1711 2056 adeo
1741 2019 1871 2058 hebeti
1897 2026 1959 2059 est
1980 2023 2136 2073 ingenio

1169 2082 1213 2118 ut
1243 2090 1322 2117 non
1357 2079 1554 2131 intelligat
1585 2081 1661 2120 sub
1696 2081 1769 2120 hac
1812 2084 1984 2122 nominis
2026 2085 2136 2124 larva

1167 2140 1404 2181 delitescere
1436 2141 1673 2182 Bonitonem
1707 2155 1778 2183 seu
1804 2147 2044 2186 Bonizonem
2064 2149 2137 2187 Su-

1167 2206 1318 2243 trinum
1351 2206 1620 2256 Episcopum,
1651 2208 1767 2246 cuius
1796 2208 2016 2248 chronicon
2039 2212 2137 2249 Pon-

1168 2267 1320 2306 tificum
1343 2268 1611 2306 Romanorum
1644 2269 1708 2307 vel
1739 2275 1958 2320 praecessit
1981 2274 2042 2311 vel
2078 2275 2135 2311 in-

1169 2333 1322 2368 sertum
1343 2335 1406 2367 est
1423 2330 1630 2369 Canonum
1655 2331 1879 2371 collectioni
1905 2334 1954 2372 ab
1977 2346 2023 2373 eo
2047 2347 2139 2373 con-

1169 2391 1308 2430 fectae.
1340 2392 1438 2430 Vide
1471 2403 1590 2444 supra
1623 2393 1818 2434 BOMZO.

1220 2453 1382 2498 ONNO,
1414 2454 1514 2493 inira
1543 2454 1694 2494 OUVO.

1220 2516 1472 2555 ONOFRIUS
1522 2518 1741 2555 Steccutus
1791 2518 1839 2557 de
1889 2519 2130 2558 Visdominis

1168 2579 1447 2627 Florentinus,
1481 2580 1821 2629 Augustinianus,
1862 2592 1909 2619 cx
1955 2582 2113 2620 Volatci·

1170 2652 1265 2679 rano
1294 2641 1342 2679 34)
1367 2641 1411 2679 Α.
1438 2640 1553 2679 4384.
1580 2642 1774 2692 Episcopo
1805 2643 2025 2694 Episcopus
2049 2645 2129 2683 Flo-

1171 2704 1355 2742 rentinus
1400 2703 1448 2740 ab
1491 2704 1537 2742 A.
1579 2703 1692 2742 4390.
1722 2704 1768 2742 ad
1803 2705 1911 2743 4400.
1949 2707 2130 2757 Denique

1170 2767 1391 2816 Episcopus
1433 2765 1666 2815 designatus
1709 2767 1993 2805 Comacliensis
2030 2770 2126 2806 obiit

1169 2829 1214 2867 Α.
1247 2829 1362 2867 4403.
1394 2830 1447 2867 De
1478 2839 1522 2866 eo
1556 2828 1745 2879 Ughellus
1790 2834 1882 2867 tom.
1915 2830 1937 2868 3
1969 2842 2002 2881 p.
2038 2832 2126 2869 460.

1171 2903 1253 2942 seq.
1285 2896 1381 2929 tom.
1413 2893 1425 2930 4
1465 2902 1550 2941 pag.
1584 2891 1697 2930 44:57.
1729 2896 1768 2928 ct
1799 2897 1823 2929 t.
1856 2893 1878 2930 ἱ)
1911 2904 1994 2942 pag.
2035 2893 2122 2932 484.

1171 2966 1253 3004 seq.
1282 2954 1374 2991 cdit.
1408 2965 1558 3001 novae,
1589 2954 1718 2992 Julius
1749 2955 1862 3003 Niger
1894 2956 1929 2992 in
1963 2955 2126 2995 historia

1169 3019 1406 3068 scriptorum
1454 3018 1708 3055 l·'lor‹·ntinor.
1741 3028 1825 3066 pag.
1858 3018 1943 3055 4:355.
1979 3019 2025 3056 Ιῗῑ
2055 3031 2125 3058 344-

1167 3085 1252 3117 ctor
1282 3079 1463 3118 (ΠΗ-044404
1508 3079 1849 3127 Oldenburgcnsis
1894 3080 1996 3130 apud
2038 3083 2126 3119 Mei-

1168 3143 1341 3180 bomium
1375 3147 1468 3178 tom.
1497 3143 1519 3179 Ξ)
1545 3143 1728 3192 scriptor.
1755 3142 1886 3179 Germ.
1920 3155 2004 3193 pag.
2041 3144 2125 3182 467.

1166 3205 1230 3254 qui
1260 3209 1369 3241 440434
1394 3202 1517 3241 multu
1542 3215 1627 3241 cum
1650 3202 1766 3253 (liqna
1793 3203 2006 3256 confecisse
2031 3218 2125 3256 opu-

1166 3265 1302 3309 scula,
1351 3266 1447 3302 „lem
1492 3264 1767 3315 ⁴lposlolorum
1817 3266 2118 3318 interpretatum

1164 3340 1268 3369 csse.
1308 3340 1427 3380 super
1466 3328 1688 3378 Evuufsvle't's
1716 3328 1857 3380 fecisse
1887 3335 2118 3368 commentu-

1165 3392 1247 3429 re'os
1264 3423 1272 3438 ,
1304 3394 1340 3430 c!
1366 3390 1590 3430 munna-ros
1615 3391 1788 3430 edidisse
1816 3397 1893 3430 lum
1923 3393 1977 3430 ml
2000 3405 2123 3445 popu-
