2533 4009
442 261 518 300 254

441 331 649 378 historica,
682 330 853 366 Thomas
879 325 1123 374 l‘opcblount
1152 329 1226 361 etc.
1272 325 1391 363 Flori-

441 393 615 431 mundus
641 386 895 428 Raeniundus
917 385 1013 423 libro
1035 387 1072 423 3.
1093 385 1278 424 historiae
1301 386 1393 424 hao-

440 456 586 491 resium
618 462 701 500 cap.
747 451 780 486 5.
827 447 1024 496 Dupinius
1069 447 1105 483 in
1151 447 1390 485 Bibliotheca

438 516 672 562 scriptorum
706 509 992 546 haereticorum
1010 538 1020 553 ,
1046 512 1086 544 et
1110 506 1158 544 de
1180 509 1393 546 Commen-

438 577 546 613 tariis
576 573 675 610 Petri
707 571 891 619 Martyris
923 570 958 605 in
993 568 1111 607 libros
1142 569 1310 607 Biblicos
1330 571 1393 608 Ri-

436 635 607 673 clim-das
638 633 772 670 Simon
805 631 902 668 libro
935 631 996 669 111.
1040 631 1178 682 histor.
1223 632 1392 670 Criticac

438 699 473 733 in
506 695 658 731 Veteris
689 695 795 731 Test.
828 704 916 743 pag.
945 692 995 731 66

491 754 826 799 Palaestinorum,
849 753 1056 805 Tyriorum
1079 758 1116 792 et
1138 753 1390 793 Sidoniorum

434 816 638 855 historiam
669 816 816 854 editam
847 817 978 866 Tiguri
1014 817 1126 855 1592.
1160 817 1190 853 Ιι4
1221 827 1295 853 non
1322 816 1394 854 du-

433 880 538 917 bium
571 883 632 915 est
679 877 864 915 Vermilio
908 878 1058 915 auctori
1104 877 1264 923 deberi,
1298 877 1396 915 falli-

434 952 510 990 que
527 951 594 977 eos
613 941 678 989 qui
696 940 881 990 Anglerio
899 940 1092 978 tribuunt.
1110 940 1235 977 Fuere
1259 940 1393 986 etiam,

434 1001 500 1039 sed
530 1001 737 1050 juniores:
1354 996 1356 998 ’

489 1064 680 1102 ΡΙΞΤ111Ῑ8
697 1064 857 1114 Martyr
879 1063 1017 1101 Festus
1041 1063 1126 1100 sive
1147 1062 1263 1100 Festa
1283 1063 1396 1099 Lom-

436 1125 582 1164 bardus
616 1127 821 1164 t'rceanus
851 1124 945 1163 Ord.
987 1123 1121 1163 l‘raed.
1166 1126 1270 1165 circa
1316 1123 1397 1162 An-

436 1199 528 1225 num
563 1188 677 1226 1612.
703 1187 820 1236 cujus
845 1187 1109 1225 summarium
1135 1186 1396 1224 Constitutio-

435 1261 528 1287 num
562 1261 630 1299 pro
661 1250 852 1299 regimine
883 1248 1044 1288 Ordinis
1074 1247 1392 1286 Praedicatorum

433 1317 552 1361 atque
583 1312 656 1350 alia
688 1313 835 1361 scripta
865 1310 970 1349 edita
1000 1314 1120 1360 atqnc
1157 1309 1305 1348 inedita
1336 1321 1395 1348 re-

435 1374 510 1412 fert
541 1375 621 1412 lac.
654 1373 864 1412 Echardus
894 1378 987 1411 tom.
1020 1373 1055 1410 2.
1088 1383 1171 1422 pag.
1199 1373 1260 1411 83.

487 1436 678 1474 PETRUS
708 1436 865 1484 Martyr
894 1433 1129 1482 Lusitanus,
1162 1433 1298 1471 itidem
1321 1432 1393 1470 Or-

432 1497 511 1535 din.
547 1497 680 1536 Praed.
709 1498 775 1546 qui
793 1499 896 1534 circa
911 1497 1072 1534 Annum
1095 1496 1209 1535 1615.
1233 1496 1394 1534 Conim-

433 1559 564 1597 bricae
593 1559 756 1605 docuit,
786 1563 825 1596 et
854 1558 970 1607 cujus
1015 1558 1308 1597 Commentaria
1354 1559 1391 1595 in

434 1622 591 1659 tertiam
625 1625 777 1670 partem
804 1620 992 1658 Summae
1023 1620 1060 1658 S.
1094 1620 1268 1658 Thomae
1313 1630 1393 1657 me-

435 1687 562 1720 morat
590 1683 759 1720 Jacobus
790 1681 997 1720 Echardus
1029 1686 1122 1719 tom.
1141 1681 1177 1719 2.
1200 1693 1285 1732 pag.
1303 1682 1392 1720 410.

432 1745 581 1783 Omitto
613 1744 746 1794 plures
776 1755 824 1781 ex
857 1742 997 1781 eodem
1042 1744 1390 1781 Dominicanorum

430 1806 604 1852 Ordine,
633 1806 681 1844 de
711 1805 857 1856 quibus
889 1805 991 1843 idem
1023 1805 1209 1844 laudatus
1243 1805 1392 1843 Echar-

432 1867 508 1905 dus
537 1867 832 1906 consulendus:
853 1869 1012 1906 Petrum
1035 1867 1252 1916 Martyron]
1294 1867 1391 1904 Bac-

433 1928 588 1966 cionum
618 1930 703 1967 sive
734 1928 965 1967 Buciom'um
997 1934 1022 1966 t.
1055 1929 1078 1967 2
1110 1939 1196 1979 pag.
1222 1929 1311 1968 329.
1343 1927 1390 1966 de

433 1990 542 2028 Bona
578 1992 706 2038 Casa,
740 2002 826 2042 pag.
868 1993 958 2030 735.
1006 1989 1279 2028 Frescz'ancem
1318 2001 1390 2029 seu

436 2053 705 2090 Frosciantem
731 2065 816 2103 pag.
847 2054 936 2091 636.
968 2053 1021 2091 De
1038 2054 1182 2090 Sancto
1203 2052 1391 2092 Cervasz'o

436 2125 523 2164 pag.
555 2114 640 2153 132.
671 2113 926 2162 Locatellum,
958 2115 1392 2164 p.4-'42.PetrumMar-

437 2180 568 2224 tyrem
598 2177 644 2213 (lc
674 2177 881 2224 Mevania,
914 2189 948 2226 p.
980 2176 1055 2214 329
1087 2174 1277 2214 Moralem
1305 2177 1391 2214 sive

435 2236 647 2275 Mor-allum
676 2239 906 2285 >possevino
922 2236 1140 2284 Mor-ellum)
1158 2239 1391 2288 scriptorem

438 2299 595 2348 Collyrii
629 2301 802 2347 mentis,
844 2310 929 2349 pag.
960 2300 1049 2338 231.
1080 2301 1280 2339 Moxetum
1306 2311 1392 2350 pag.

436 2361 525 2398 561.
556 2359 770 2399 ,Valde'num
801 2373 874 2412 pag
917 2360 1007 2399 607.
1042 2361 1280 2399 Romam'um
1306 2373 1390 2412 pag.

436 2422 525 2460 550.
556 2422 852 2461 Scandanatum
884 2435 968 2474 pag.
1001 2422 1094 2462 761.
1116 2427 1156 2461 et
1187 2422 1393 2462 Volcarum

437 2496 521 2534 pag.
552 2484 642 2523 700.
675 2487 740 2524 llis
765 2498 813 2524 ex
848 2486 1063 2524 l’ossevino
1093 2485 1241 2525 addere
1262 2486 1393 2524 licebit

438 2550 596 2588 Petrum
628 2551 841 2598 Martyrem
873 2550 1119 2598 Hispanum,
1152 2549 1392 2599 Episcopum

439 2610 643 2649 Clu-ensem
675 2613 710 2648 in
744 2622 864 2662 regno
894 2610 1123 2649 Cataloniae
1167 2611 1269 2649 circa
1318 2611 1394 2648 An.

440 2674 556 2713 1575.
585 2676 818 2724 scriptorem
851 2674 1056 2712 Directorii
1077 2673 1317 2711 Curatorum
1337 2683 1394 2710 ec.

506 2737 697 2775 PETRUS
713 2737 871 2787 Martyr
892 2736 1040 2773 Troicus
1055 2735 1308 2773 Novariensis
1321 2736 1398 2774 Mc-

441 2797 564 2846 dicus,
582 2798 698 2848 cujus
716 2799 799 2836 libri
820 2799 879 2836 lV.
911 2798 959 2835 de
977 2797 1212 2835 vulneribus
1233 2802 1273 2835 et
1292 2798 1396 2836 ulce-

442 2862 550 2899 ribus
568 2861 710 2911 capitis
731 2859 917 2898 viderunt
937 2860 1065 2898 lucem
1086 2859 1211 2898 Ticini
1236 2860 1396 2898 1581.ιί.

493 2923 687 2961 PETRUS
717 2923 875 2971 Martyr
895 2922 1097 2959 Ferrarius
1114 2922 1221 2959 Juris
1236 2921 1396 2958 consul-

444 2990 526 3029 tus,
544 2986 758 3024 defunctus
775 2985 846 3023 An.
873 2984 986 3023 1527.
1009 2984 1056 3022 de
1074 2984 1396 3034 qquranciscus

443 3047 595 3086 Arisius
626 3053 640 3084 t
686 3050 720 3086 l.
750 3048 968 3086 Cremonae
999 3047 1197 3084 litteratae
1228 3057 1266 3096 p.
1305 3046 1395 3083 399.

443 3119 522 3157 seq.
552 3109 853 3147 dissertationes
883 3109 971 3158 ejus
1007 3108 1154 3159 legales
1174 3107 1395 3145 celebrans.

501 3171 693 3208 l’l-LTRL'S
725 3170 954 3209 Matthaeus
987 3170 1216 3209 Carrantus
1263 3169 1398 3206 Latine

446 3241 493 3266 ex
528 3230 658 3267 Italico
690 3234 807 3269 vertit
835 3233 956 3271 vitam
984 3231 1195 3270 Francisci
1223 3229 1399 3283 Sfortiae

448 3291 558 3338 primi
592 3291 936 3332 mediolanensium
963 3304 1002 3331 et
1031 3294 1305 3332 (januensium
1323 3293 1401 3331 Du-

447 3352 503 3386 cis
526 3382 533 3395 ,
567 3353 751 3401 scriptam
779 3356 797 3390 ?i
817 3357 941 3394 Marco
967 3355 1306 3394 Attento.1’rodiit
1332 3356 1402 3393 La-

1293 255 1575 294 PETRUS

1464 326 1544 362 tina
1567 327 1696 363 versio
1724 328 1916 367 Bononiae
1954 332 2067 368 1526.
2098 333 2152 370 De
2183 331 2269 369 aliis
2313 332 2417 370 vitae

1466 386 1660 423 Francisci
1694 386 1860 426 Sfortiae
1905 392 2163 440 scriptoribus
2207 391 2298 431 vide
2330 392 2420 431 illu-

1465 452 1589 485 strem
1620 449 1875 487 Muratorium
1901 455 1927 488 t.
1949 453 2053 491 Xlx.
2084 465 2217 493 rerum
2250 454 2418 494 ltalicar.

1468 508 1562 546 Vide
1583 520 1702 559 supra
1726 510 1866 548 PETRI
1898 513 1945 550 M.
1974 513 2172 554 Carranti
2194 528 2227 566 p.
2249 515 2341 554 238.

1520 570 1714 609 PETRUS
1744 571 1995 623 Mauricius,
2025 585 2143 626 supra
2161 577 2304 615 Petrus
2330 575 2423 616 Clu-
2479 582 2482 583 ’

1465 641 1674 669 macetzszs.

1519 695 1710 734 PETRUS
1738 695 2004 734 Maurocenus
2034 698 2223 737 Patricius
2242 699 2422 738 Venetus

1465 760 1505 793 et
1535 757 1752 807 Episcopus
1782 757 2002 797 Cardinalis
2029 758 2077 796 ab
2105 757 2178 797 An.
2215 761 2330 799 1408.
2356 761 2424 810 qui

1467 818 1640 856 Concilio
1671 819 1971 857 Constantiensi
2003 818 2426 864 Aii.4448.interfuit.

1467 883 1588 928 atque
1619 878 1763 917 deinde
1793 879 1897 917 diem
1928 879 2023 917 obiit
2059 881 2214 930 propior
2256 892 2429 932 nonage-

1470 951 1577 978 nario
1607 941 1722 978 Anno
1753 940 1867 979 1424.
1901 942 1962 979 11.
1994 940 2165 991 August.
2183 940 2233 979 de
2250 952 2329 992 quo
2344 943 2429 981 Tri-

1468 1002 1644 1042 themius
1669 1013 1754 1052 cap.
1785 1001 1876 1042 737.
1906 1007 1947 1040 et
1976 1003 2212 1042 Ciacconius
2255 1004 2293 1041 in
2335 1004 2429 1044 Gar-

1468 1064 1659 1103 dinalium
1692 1065 1790 1102 Vitis
1821 1075 1909 1114 pag.
1940 1063 2336 1114 4073.G.Jose9hus
2351 1065 2430 1115 Eg·-

1469 1136 1514 1176 gs
1546 1126 1581 1163 in
1615 1137 1790 1177 purpura
1820 1125 1936 1164 docta
1966 1129 2060 1163 tom.
2080 1127 2219 1176 Lpag.
2241 1126 2329 1165 516.
2348 1126 2432 1164 alii-

1468 1199 1559 1237 que.
1581 1187 1818 1226 Laudantur
1847 1191 1934 1237 ejus
1954 1187 2094 1226 Variae
2115 1186 2430 1237 determatz‘orzes,

1471 1248 1672 1297 Consilia,
1717 1253 1838 1299 atque
1881 1250 2036 1301 insigne
2078 1249 2268 1289 volumen
2310 1260 2432 1302 super

1468 1315 1630 1350 seoetum
1660 1310 1943 1350 Decretalz'um.

1523 1374 1718 1413 PETRUS
1746 1373 1795 1412 de
1827 1373 2042 1422 Vercellis,
2073 1384 2123 1412 ex
2145 1373 2341 1424 Episcopo
2367 1374 2433 1412 Di-

1467 1437 1621 1486 gniensi
1655 1437 1691 1473 in
1724 1433 2183 1483 Provincia,Meldensz's
2207 1434 2281 1473 An.
2312 1435 2430 1473 1439.

1467 1497 1690 1547 Episcopus
1719 1496 1935 1536 defunctus
1965 1495 2039 1534 An.
2072 1497 2190 1536 ⁴446.
2210 1497 2302 1535 Post
2323 1496 2428 1547 lega-

1467 1560 1616 1598 tionem
1649 1560 1686 1596 in
1712 1559 1920 1597 Graeciam
1950 1562 2194 1609 susceptam,
2212 1569 2332 1608 quam
2349 1558 2433 1597 Eu-

1466 1622 1607 1672 genius
1638 1622 1698 1659 IV.
1731 1622 1765 1659 ei
1796 1620 2014 1670 injuxerat,
2048 1620 2226 1659 interfuit
2252 1619 2428 1659 Concilio

1467 1682 1710 1729 Basileensi,
1742 1683 1780 1720 in
1811 1693 1938 1732 eoque
1968 1683 2091 1720 totius
2133 1682 2236 1721 Cleri
2271 1682 2431 1720 nomine

1465 1746 1678 1793 peroravit.
1710 1746 1884 1794 Legatus
1913 1745 2039 1782 etiam
2064 1743 2254 1782 Ludovici
2277 1743 2341 1781 111.
2359 1743 2433 1782 Re-

1465 1807 1526 1855 gis
1557 1806 1801 1845 Hierusalem
1827 1835 1835 1853 ,
1867 1806 2035 1844 Comitis
2067 1805 2314 1848 Provinciae,
2345 1808 2432 1843 turn

1465 1868 1584 1905 etiam
1617 1868 1653 1905 in
1680 1867 1839 1918 synodo
1856 1868 2098 1906 Florentiua.
2115 1866 2211 1906 Vide
2232 1867 2432 1906 Sammar-

1466 1928 1609 1968 thanos
1639 1935 1731 1968 tom.
1765 1931 1786 1968 3
1813 1941 1899 1981 pag.
1930 1928 2021 1967 704.
2051 1929 2108 1967 De
2139 1927 2227 1978 ejus
2271 1929 2432 1980 legatio-

1466 2003 1514 2029 ne
1538 2022 1546 2041 ,
1575 1992 1701 2031 Caroli
1734 1992 1814 2031 Vll.
1830 1993 1990 2030 nomine
2008 1990 2120 2041 gesta
2139 1990 2188 2030 ad
2204 1990 2431 2041 Eugenium

1466 2054 1528 2092 IV.
1560 2054 1779 2091 Florentiae
1810 2057 1996 2102 agentem
2036 2052 2232 2091 Odoricus
2263 2051 2432 2102 Raynal-

1466 2115 1542 2153 dus
1573 2115 1621 2153 ad
1652 2115 1726 2153 An.
1760 2114 1875 2153 1111.
1922 2118 1962 2151 et
2003 2114 2176 2152 Jacobus
2213 2113 2430 2164 Benignius

1469 2178 1688 2215 Bossuetus
1728 2175 1960 2214 defensione·
2003 2174 2282 2214 declarationis
2326 2174 2430 2214 Cleri

1466 2238 1654 2276 Gallicani
1687 2238 1751 2276 lib.
1783 2239 1832 2276 X.
1863 2249 1947 2288 cap.
1978 2237 2037 2275 16.
2069 2241 2098 2275 t.
2129 2237 2165 2275 2.
2199 2248 2234 2287 p.
2257 2237 2320 2275 95.
2346 2246 2430 2287 seq.

1523 2301 1717 2339 'PETRUS
1737 2299 1969 2349 Monachus,
1983 2298 2100 2348 cujus
2119 2328 2127 2347 ,
2145 2302 2310 2337 notante
2328 2297 2430 2338 Can-

1467 2364 1553 2414 gio,
1585 2362 1753 2401 habetur
1784 2362 1972 2413 praefatio
2015 2363 2053 2399 in
2098 2361 2243 2400 librum
2289 2361 2430 2399 nescio

1468 2436 1602 2475 quem.
1640 2425 1678 2463 S.
1722 2423 1906 2462 Metliodii
1949 2423 2178 2462 Patarensis
2223 2423 2261 2461 in
2307 2422 2432 2473 Lycia

1467 2487 1678 2538 Episcopi,
1711 2487 1747 2524 in
1782 2485 1964 2524 Biblioth.
1995 2484 2332 2534 sangermanensi
2358 2483 2433 2524 Co-

1469 2550 1555 2588 dice
1587 2549 1679 2587 281.
1716 2550 1771 2587 De
1816 2547 2012 2587 Methodio
2054 2545 2224 2596 ejusque
2268 2546 2428 2595 scriptis

1472 2611 1629 2651 abunde
1660 2610 1811 2649 dictum
1843 2610 1891 2649 ab
1921 2609 2066 2648 Allatio
2108 2607 2160 2646 de
2197 2606 2432 2656 Methodiis,

1471 2678 1511 2711 et
1532 2673 1597 2711 lib.
1621 2674 1661 2712 V.
1689 2672 1870 2711 Biblioth.
1885 2671 2060 2710 Graecae
2078 2681 2111 2709 c.
2132 2671 2166 2709 1.
2185 2680 2221 2720 p.
2240 2670 2332 2709 255.
2350 2679 2436 2720 seq.

1529 2735 1619 2784 (263
1643 2734 1834 2773 PETRUS
1855 2731 1900 2771 de
1917 2733 2186 2782 Moritaynaiza
2207 2730 2436 2769 Fasciculus

1471 2797 1688 2835 Medicinae
1719 2796 1895 2834 Venetiis
1919 2795 1974 2832 De
1995 2792 2195 2843 Gregoriis
2227 2791 2343 2831 4500.
2369 2790 2431 2829 fol.

1474 2858 1535 2908 lig.
1554 2858 1674 2896 scilic.
1697 2858 1756 2895 .10.
1774 2856 1820 2894 de
1848 2854 2070 2894 RETHAM
2100 2852 2307 2893 Alamann.
2324 2851 2436 2902 judi-

1473 2920 1536 2958 cia
1555 2919 1784 2957 urinarum.
1806 2917 1852 2956 de
1869 2915 2101 2967 flebotomia.
2122 2915 2169 2954 cle
2188 2916 2369 2967 cyrogfia.
2389 2913 2436 2953 de

1474 2981 1640 3019 matrice
1660 2987 1734 3019 etc
1763 2980 1919 3018 PETRI
1933 2978 1978 3016 de
2001 2977 2249 3029 Tausiynano
2270 2976 2435 3017 consilia

1473 3048 1613 3083 contra
1623 3043 1846 3095 epiclimiam
1869 3041 2104 3082 1ΙΗΝΒΙΝΙ
2119 3039 2333 3078 Anatomia
2350 3038 2436 3080 RA-

1474 3107 1554 3144 SIS
1574 3104 1619 3143 (le
1637 3102 1917 3155 aeqrztudinib
1938 3103 2199 3154 puerorum.)

1530 3169 1589 3206 PE
1594 3168 1719 3206 TRUS
1757 3166 1803 3205 de
1833 3168 1988 3212 Monte,
2036 3165 2240 3212 Venetus,
2285 3164 2431 3202 artium

1475 3232 1618 3269 Doctor
1648 3234 1687 3267 et
1716 3229 1821 3267 luris
1850 3225 2434 3275 consultissimus,Episcopus

1477 3292 1524 3331 ab
1556 3291 1628 3330 An.
1657 3291 1771 3330 4442.
1799 3289 1845 3329 ad
1873 3289 1948 3328 An.
1973 3287 2089 3328 4456.
2127 3286 2346 3325 Brixiensis
2383 3285 2434 3324 de

1478 3365 1555 3403 quo
1582 3353 1770 3404 Ugliellus
1794 3355 1890 3388 tom.
1918 3351 1952 3388 1.
1982 3359 2068 3399 pag.
2095 3348 2183 3386 558.
2210 3351 2249 3386 et
2267 3348 2435 3386 Leonar-
