2517 4009
915 234 1314 273 ROBERTUS

112 306 275 352 cturna,
299 302 458 340 Tonitru
478 304 615 340 contra.
643 302 810 342 Curiam
831 305 1042 343 Romanam
1061 336 1071 353 ‚

110 369 248 404 contra
267 363 541 403 Praelatorum
571 362 771 413 iynaviain
789 395 798 411 ‚
819 365 873 404 ad
895 366 1072 404 Minores

110 426 157 465 de
178 425 365 465 laudibus
383 424 637 477 paupertatis
654 457 662 473 ,
685 426 861 477 Epistola
881 427 935 466 ad
973 427 1071 466 Con-

107 491 264 527 ventum
303 487 528 527 Missensem
566 497 644 536 pro
683 486 833 527 Abbate
872 488 1043 538 eti'yenclo
1058 520 1068 535 ,

32 556 48 574 ¹
112 549 278 590 Suidam
309 560 328 586 e
349 548 502 586 Graeco
533 548 739 586 transtulit
757 553 794 587 et
810 550 1071 588 annotationi-

109 610 183 649 bus
208 609 429 649 illustravit
451 610 571 648 varia
599 609 869 662 Pliilosophz'ca
894 614 963 649 etc.

161 673 274 712 Plura
299 671 348 711 de
375 673 459 722 ipso
480 671 631 710 dabunt
649 673 728 710 Nic.
753 674 940 711 Trivetus
961 673 1006 711 ad
1034 684 1067 710 a.

107 735 222 774 ⁴253.
253 732 527 772 Thrithemius
558 733 606 770 dc
637 734 818 784 scriptor.
848 734 1000 772 Eccles.
1033 744 1067 771 c,

107 796 196 835 393.
227 794 430 834 Lelandus
458 806 491 833 c.
516 795 606 832 269.
630 796 796 834 Bulaeus
815 796 978 834 Centur.
1007 796 1066 833 [v.

107 859 170 898 48.
198 859 354 897 Pitseus
370 869 404 896 c.
423 857 511 896 364.
544 857 704 896 Cavcus
721 869 757 907 p.
777 857 866 896 629.
890 856 1069 907 Lyserus

105 919 255 958 inhist.
272 921 482 959 Poetarum
517 919 633 958 medii
665 920 751 958 aevi
782 931 817 969 p.
841 918 1062 957 996.1-1enr,

103 981 298 1020 Wharton
331 986 357 1019 t.
376 982 421 1020 11.
443 980 602 1032 Angliae
619 981 760 1020 Sacrae
777 992 813 1031 p.
831 982 921 1019 345.
941 991 1038 1031 seqq

157 1042 180 1066 *
211 1042 374 1082 Roberti
401 1042 521 1082 huius
545 1053 646 1093 opus
672 1043 1003 1081 Commentarior.
1029 1043 1066 1080 in

104 1105 226 1144 libros
254 1106 521 1156 posteriorum
555 1104 784 1143 Aristotelis
830 1115 921 1142 cum
963 1115 1070 1142 com-

104 1168 311 1206 mentariis
346 1168 383 1204 in
415 1166 526 1204 eosd.
557 1165 679 1203 libros
707 1165 900 1204 Gualterii
936 1166 1066 1204 Burlei

104 1229 236 1268 lucem
280 1226 528 1278 aspexerunt
574 1226 736 1276 quidem
777 1227 955 1264 Venetiis
996 1226 1065 1264 sed

100 1295 206 1328 anno
231 1289 334 1329 4494
356 1300 426 1339 per
446 1290 642 1326 Bonetum
667 1287 911 1325 Locatellum
941 1289 977 1326 in
1004 1289 1066 1326 fol.

105 1361 248 1401 nempe
281 1354 374 1388 ante
413 1349 628 1388 editionem
663 1348 727 1386 hic
756 1358 777 1385 a
806 1348 1069 1387 Bibliotheca-

108 1413 163 1451 rio
192 1410 404 1451 indicatam
429 1411 637 1450 decennio.

155 1474 423 1514 ROBERTUS
452 1472 628 1512 Lirensis
643 1502 653 1519 ‚
672 1472 890 1512 monachus
907 1472 1065 1520 Gallus,

30 1558 34 1560 -
105 1533 267 1587 scripsit
295 1535 336 1574 in
359 1533 621 1586 Evanqelium
649 1534 825 1573 loannis.
845 1535 906 1573 Ex
922 1534 1066 1574 Codice

107 1598 227 1649 Regio
255 1598 351 1637 citat
379 1597 546 1638 Carolus
575 1596 630 1636 du
659 1598 818 1635 Fresne.

146 1659 412 1699 ROBERTUS
452 1656 763 1710 Lonqobardus,
806 1657 896 1696 vide
941 1669 1061 1709 supra

42 1728 45 1730 ·
96 1719 293 1761 Robertus
324 1719 595 1760 Bononiensis.

144 1783 410 1822 ROBERTUS
439 1781 653 1831 Lorraine,
672 1782 757 1820 sive
775 1780 1063 1833 Lotharinyus,

96 1844 188 1884 vide
217 1855 338 1895 supra
369 1842 708 1895 Hereforctiensis.

150 1905 416 1945 ROBEBTUS
434 1903 670 1945 Malchotius
685 1936 695 1954 ,
718 1905 797 1944 vid.
816 1904 1062 1944 Antissiodo-

10 1999 19 2003 .
96 1967 241 2008 rensis.

143 2030 408 2069 ROBERTUS
436 2028 747 2078 Maresclzallus,
778 2029 865 2068 aliis
886 2027 1065 2069 Mascal-

92 2090 188 2140 lus,
218 2090 432 2130 Ludloviae
463 2092 500 2128 in
523 2091 707 2130 Cambria
739 2091 1063 2140 natus,Ordinis

99 2153 357 2194 Carmelitani
389 2152 636 2201 monachus,
674 2153 849 2192 Oxoniae
889 2152 1066 2191 Philoso-

96 2216 211 2267 phiae
240 2221 281 2255 et
310 2214 545 2266 Theologiae
575 2226 734 2266 operam
761 2214 895 2263 dedit,
927 2215 1064 2253 Henri-

98 2288 145 2315 co
175 2277 238 2315 lV.
282 2288 304 2315 a
333 2277 475 2315 ‘sacris
517 2277 834 2315 confessionibus
877 2277 973 2322 fuit,
1017 2277 1065 2315 ab

98 2339 266 2377 Henrico
294 2338 340 2377 V.
372 2339 496 2376 variis
530 2338 818 2388 legationibus,
852 2340 974 2377 etiam
1017 2338 1064 2377 ad

101 2399 320 2440 Concilium
366 2399 674 2438 Constantiense
692 2430 702 2448 ,
751 2400 951 2439 adhibitus
970 2431 980 2449 ,
1025 2404 1066 2438 ct

95 2462 319 2512 Episcopus
349 2459 648 2499 Herefordensis
677 2462 946 2510 constitutus,
971 2461 1064 2500 obiit

91 2534 126 2562 a.
158 2521 273 2562 4447.
305 2522 372 2561 24.
400 2523 493 2560 Dec.
531 2521 684 2572 Scripta
715 2521 803 2571 ejus
833 2528 929 2562 sunt
972 2525 1063 2562 Ser-

97 2595 232 2623 mones
256 2594 392 2623 coram
410 2585 530 2634 Re9e,
548 2584 756 2623 Sermones
778 2583 993 2634 vulyares,
1017 2584 1063 2623 de

93 2647 180 2687 suis
203 2644 463 2698 leyationibus
487 2643 552 2684 lib.
577 2646 605 2683 I.
632 2645 686 2683 acl
702 2645 1011 2697 Heresordenses
1027 2651 1064 2684 et

91 2707 339 2761 Salopienses
369 2705 435 2746 lib.
466 2708 497 2746 Ι.
529 2707 728 2746 Lelandus
761 2719 793 2746 c.
820 2708 909 2747 508.
927 2709 1062 2747 Balae-

92 2781 143 2811 us
175 2771 341 2810 centur.
375 2771 454 2808 Vll.
488 2770 553 2808 44.
583 2770 741 2808 Pitaeus
772 2780 806 2807 c.
835 2770 926 2807 768.

145 2832 411 2872 ROBERTUS
437 2830 726 2871 Melodunensis
743 2860 752 2877 ,
784 2831 862 2868 vid.
884 2829 1061 2869 Foliotns

144 2893 418 2935 RORERTUS
432 2924 442 2941 ,
468 2895 508 2933 S.
525 2893 701 2932 Meriani
720 2893 939 2932 monachus
958 2922 965 2941 ,
982 2892 1062 2931 vid.

3 2970 12 2976 ’
27 2952 31 2956 ’
90 2954 462 2995 Autissiodorensis.

139 3017 405 3057 ROBERTUS
430 3015 476 3054 de
500 3016 732 3056 Monstrolio
753 3047 760 3065 ,
793 3017 958 3065 Gallus,
986 3019 1058 3056 Do-

89 3084 175 3118 ctor
204 3079 435 3125 Parisinus,
466 3079 567 3116 vixit
597 3080 732 3118 seculo
766 3080 846 3117 XV.
894 3080 1060 3130 Scripsit

96 3139 318 3180 Sententias
349 3138 414 3177 lib.
437 3140 456 3177 Ι
464 3141 500 3179 V.
528 3140 573 3176 ln
595 3139 794 3190 Epistolas
814 3139 936 3178 Pauli
952 3144 1061 3179 nota-

91 3200 207 3240 bilem
231 3202 441 3240 Lecturam
467 3199 534 3239 tib.
559 3201 654 3239 XIV.
680 3204 887 3241 Sermones
904 3202 949 3241 a'e
968 3206 1060 3241 tem-

83 3274 182 3316 pore
203 3266 238 3302 et
269 3262 442 3303 Sanctis.
484 3263 727 3302 'l'ritliemius
771 3264 820 3302 dc
866 3266 1054 3316 Scriptor.

89 3325 293 3366 Carmelit.
324 3337 347 3376 p
388 3325 454 3364 74.

2034 238 2111 277 403

1200 305 1467 345 nOBEuTUs
1491 307 1537 344 (le
1559 307 1713 353 Monte,
1760 309 1882 357 patria
1912 308 2106 346 ivm-man-

1146 378 1223 405 nus
1260 380 1303 406 cx
1342 369 1426 406 vico
1460 369 1695 417 Torinneio,
1735 369 1933 421 (Toriqny)
1979 370 2111 409 Abbas

1151 432 1186 469 S.
1222 430 1421 469 Michaelis
1450 430 1498 468 de
1528 432 1656 469 Monte
1679 433 1714 469 in
1758 432 1927 470 dioecesi
1971 432 2113 472 Abrin-

1148 494 1256 530 ccusi
1281 495 1383 531 circa
1415 504 1446 531 a.
1481 494 1595 532 ⁴240.
1628 494 1704 532 Alii
1736 506 1783 532 ex
1810 495 1938 533 l‘riorc
1964 497 2111 533 Recen-

1144 565 1187 592 sc
1218 555 1415 593 Abbatcm
1449 555 1489 593 S.
1517 555 1717 594 Michaelis
1747 555 1795 595 de
1826 557 2000 607 periculo
2031 569 2112 594 ma-

1144 616 1196 653 ris
1228 617 1265 654 in
1296 617 1536 655 Normannia
1566 623 1744 656 creatum
1784 630 1874 657 esse
1918 619 2110 664 trudunt,

1143 678 1208 727 qui
1241 677 1379 715 obierit
1409 689 1442 716 a.
1476 678 1591 716 4486.
1621 679 1718 729 Ejus
1749 685 1856 718 sunt.

1199 740 1233 777 4.
1261 738 1513 778 Continuatio
1541 739 1729 779 Cin-Onici
1769 740 1964 791 Siyeberti
1999 743 2111 780 Gem-

1144 799 1367 848 blacensz's,
1397 801 1446 839 ab
1475 812 1508 839 a.
1541 802 1780 841 4412-4210.
1807 804 1875 842 sod
1903 817 1950 843 an
1980 807 2110 843 omnia

1144 862 1192 900 ab
1224 863 1307 912 ipso
1338 865 1602 913 proveniant,
1633 863 1797 903 dubium
1829 870 1903 904 cst.
1934 868 2050 904 Corte
2073 868 2109 904 iii

1145 924 1387 963 Collectione
1418 925 1556 963 Ronati
1589 926 1787 964 Laurentii
1819 926 1866 965 dc
1898 928 1931 965 la
1964 930 2109 972 Bane,

1144 996 1244 1036 quac
1280 986 1444 1024 Historia
1477 985 1704 1025 Christiana
1738 989 1924 1045 Veterum
1973 990 2111 1028 inscri-

1144 1048 1274 1094 bitur,
1307 1047 1404 1086 haec
1435 1050 1691 1088 Continuatio
1737 1050 1908 1100 legitur,
1951 1051 2109 1090 additur

1142 1115 1275 1148 autem
1296 1141 1305 1157 ,
1331 1110 1435 1149 illam
1462 1122 1509 1149 ex
1532 1112 1812 1151 ins‹=rtionibus
1829 1114 2000 1152 Galsredi
2019 1125 2112 1152 con-

1143 1172 1284 1211 fectam
1317 1184 1419 1212 esse.
1451 1173 1546 1211 Vide
1578 1174 1752 1223 lttigium
1786 1174 1833 1213 de
1855 1176 2109 1214 Bibliothecis

1144 1235 1301 1272 l’atrum
1328 1247 1365 1284 p.
1396 1234 1484 1273 754.
1512 1235 1653 1274 Editur
1681 1246 1772 1274 cum
1805 1237 2034 1288 sigeberto,
2060 1237 2108 1275 dc

1141 1306 1219 1344 quo
1250 1296 1361 1333 infru.

1193 1357 1229 1395 2.
1265 1355 1445 1407 Epistola
1475 1368 1555 1394 una
1577 1362 1641 1403 ,et
1666 1358 1858 1410 Prol09u8
1888 1360 1928 1397 in
1956 1359 2108 1398 Abbre-

1141 1417 1339 1456 viationes
1367 1417 1637 1468 Epistola-rum
1675 1420 1853 1470 Apostoli
1893 1422 2109 1461 secundum

1136 1478 1419 1529 Auyustinum.

1194 1544 1230 1581 3.
1261 1540 1473 1593 Appendiae
1502 1542 1661 1593 ¹qemina
1690 1543 1744 1581 ad
1772 1543 2110 1594 simoen-turmali

1140 1616 1175 1644 a.
1205 1603 1421 1643 876-4409.
1447 1609 1487 1643 et
1516 1605 1577 1643 ab.
1607 1616 1640 1643 a.
1673 1605 1918 1645 4404-4486.

1194 1664 1229 1701 4.
1253 1663 1463 1702 Tractatus
1480 1663 1526 1701 (le
1544 1663 1888 1703 immutationibus
1904 1665 2092 1703 monacho
2104 1688 2112 1694 -

1134 1737 1226 1763 rum
1245 1754 1253 1772 ,
1278 1724 1324 1763 de
1348 1723 1531 1764 Abbatiz's
1553 1729 1591 1763 et
1613 1724 1836 1764 Abbatibus
1857 1726 2103 1766 ΝονηιαηηοΑ

1136 1798 1245 1835 rum,
1264 1790 1303 1824 et
1314 1785 1637 1837 aedificatoribus
1653 1790 1691 1825 et
1699 1787 1948 1828 (locutoribus
1958 1801 2107 1827 eorum.

1188 1842 1390 1899 opuscula
1422 1849 1519 1888 haec
1557 1849 1681 1888 edidit
1727 1851 1852 1888 Lucas
1890 1852 2110 1890 Dacherius

1138 1912 1174 1949 in
1206 1909 1435 1961 Appendice
1461 1910 1508 1949 ad
1539 1910 1668 1962 Opera
1692 1911 1870 1950 Guiberti
1901 1913 1949 1950 de
1993 1914 2112 1952 Novi-

1136 1976 1256 2023 gento
1288 1984 1323 2023 p.
1357 1971 1450 2012 745.
1483 1983 1596 2022 seqq.
1627 1972 1724 2011 Vide
1755 1984 1875 2024 supra
1921 1979 2012 2013 tom.
2048 1976 2110 2013 lll.

1139 2046 1224 2085 pag.
1258 2035 1349 2074 448.

1193 2099 1229 2136 5.
1254 2095 1476 2135 Historiam
1493 2097 1730 2137 monasterii
1747 2100 1785 2138 S.
1806 2098 2010 2138 Michaelis
2029 2099 2111 2138 edi-

1137 2159 1194 2198 dit
1227 2170 1302 2197 non
1326 2159 1545 2199 Dacherius
1571 2162 1607 2198 in
1625 2161 1832 2212 Spicilegio
1852 2191 1859 2209 ,
1878 2163 1934 2200 uti
1951 2163 2110 2201 Caveus

1139 2222 1327 2259 memoria
1359 2220 1495 2270 lapsus
1525 2223 1660 2270 ponit,
1692 2234 1815 2272 quem
1837 2223 2022 2262 Oudinus
2046 2235 2108 2261 se-

1136 2284 1297 2332 quitur,
1330 2281 1398 2320 sed
1429 2282 1678 2322 Mabillonius
1712 2285 1748 2321 in
1785 2284 1993 2322 Analectis
2023 2296 2111 2335 pag.

1138 2345 1228 2382 350.
1258 2353 1402 2383 verum
1435 2355 1632 2395 οινωνιμως
1663 2344 1777 2383 Adde
1813 2345 1990 2384 caveum
2027 2357 2113 2396 pag.

1140 2406 1231 2446 622.
1261 2406 1353 2444 623.

1192 2467 1229 2505 6.
1250 2466 1473 2507 Chronicon
1488 2466 1687 2507 Abbatum
1702 2467 1934 2506 monasterii
1947 2469 2110 2506 Beccen-

1135 2529 1192 2569 sis
1220 2530 1269 2567 ab
1297 2541 1331 2567 a.
1388 2531 1627 2569 4034-4467.
1671 2532 1947 2569 continuatum
1995 2531 2111 2578 igitur

1137 2591 1185 2628 ab
1216 2591 1291 2629 alio
1320 2591 1492 2641 quodam
1527 2593 1738 2641 incognito.
1768 2592 1912 2631 Exstat
1955 2592 1991 2628 in
2032 2592 2111 2642 Ap-

1142 2651 1306 2702 pendice
1337 2652 1512 2702 Operum
1562 2653 1767 2692 Lautranci
1814 2654 1948 2703 (Paris.
1993 2653 2108 2692 4648.

1139 2714 1218 2761 fol)
1250 2725 1288 2764 p.
1320 2715 1355 2752 4.

1194 2775 1232 2813 7.
1259 2775 1504 2814 Brevissima
1528 2775 1746 2829 Appendioe
1765 2777 1820 2816 ad
1842 2775 2105 2828 Siqebertum,

1140 2837 1188 2875 ab
1225 2848 1259 2876 a.
1307 2838 1549 2877 4443-4462.
1595 2839 1698 2877 edita
1744 2841 1780 2877 in
1826 2840 1965 2878 Labbei
2010 2839 2106 2877 Bibl.

1138 2910 1238 2937 nova
1268 2900 1348 2939 MS.
1383 2903 1478 2938 tom.
1512 2901 1542 2938 l.
1573 2912 1611 2951 p.
1641 2902 1730 2940 390.
1765 2902 1864 2940 Nihil
1895 2912 2108 2939 commune

1139 2960 1294 3009 habet,
1340 2973 1469 3012 neque
1513 2973 1604 3001 cum
1651 2963 1867 3013 appendice
1914 2963 2107 3012 vulgata,

1138 3033 1270 3072 noque
1301 3034 1393 3061 cum
1428 3024 1659 3062 Ache-riano.

1187 3085 1223 3121 8.
1248 3085 1427 3123 Historia
1471 3084 1831 3136 Hierosolymitana
1871 3098 1946 3124 nou
1989 3087 2108 3136 liuius

1135 3145 1288 3183 Rnbcrti
1309 3176 1317 3192 ,
1345 3146 1412 3184 sed
1432 3147 1596 3186 alterius
1613 3147 1824 3191 tiernensis,
1840 3147 1888 3185 do
1903 3159 1980 3198 quo
1998 3149 2108 3186 iufra.

1190 3208 1224 3245 9.
1262 3206 1452 3257 Prologyus
1483 3209 1520 3245 in
1554 3209 1652 3246 Flori
1677 3209 1992 3260 Explicationem
2014 3210 2107 3261 Epi-

1136 3269 1328 3308 stolarum
1361 3272 1398 3307 S.
1435 3270 1570 3315 Pauli,
1604 3281 1675 3309 nec
1708 3282 1784 3309 non
1817 3272 1854 3308 in
1897 3271 2099 3310 historiam

1135 3330 1356 3368 naturalem
1385 3331 1493 3368 Plinii
1512 3365 1520 3378 ‚
1546 3336 1681 3382 utpote
1708 3343 1826 3379 quum
1852 3334 1932 3382 ipse
1951 3334 2102 3383 primus
