2517 4009
868 269 1252 311 NICOLAUS

74 347 203 382 torum
231 344 270 379 et
298 339 345 379 cle
375 339 572 379 Oratione.
617 340 712 379 Vide
742 342 932 381 Bzovium
979 342 1026 382 ad

75 405 122 444 A.
154 403 269 444 4445.
315 415 353 441 n.
398 403 457 442 ult
512 415 597 454 pag.
632 406 719 443 489.
751 417 834 455 seq.
864 406 1026 444 Baleum

72 468 158 507 VII.
186 467 250 506 29.
281 470 321 504 et
351 467 524 505 Pitseum
557 479 640 518 pag.
672 468 762 507 583.
793 479 874 518 seq.
911 467 1030 505 Wad-

71 528 233 580 dingum
263 540 349 580 pag.
379 529 468 567 263.
500 540 583 579 seq.
614 531 694 568 Non
740 530 927 568 diversus
958 531 1029 567 mi-

71 590 111 629 hi
155 590 315 630 videtur
360 590 611 631 NICOLAUS
654 591 866 631 Falconius
908 603 1026 642 quem

70 653 269 693 Lelandus
312 664 395 704 cap.
439 655 527 693 385.
571 656 673 694 circa
721 655 824 693 idem
868 659 1028 706 tempus

71 716 207 755 scribit
232 716 354 755 fuisse
379 718 690 768 Promagistrum
713 719 798 756 sive
829 719 1029 756 Protoma-

68 780 238 829 gistrum
280 779 601 829 chordigerorum
632 779 822 830 Angliae,
862 784 902 819 et
933 781 1029 819 scri-

3 883 5 887 4
69 842 198 892 psisse
227 839 274 879 de
297 840 446 880 unitate
475 840 677 880 Ecclesiae
707 842 883 882 libellum
927 843 1031 881 schi-

4 896 6 961 1
68 905 208 944 smatis
226 909 322 943 tunc
337 904 415 943 late
432 906 653 956 grassantis
678 906 899 945 remedium
919 918 1028 958 prae-

70 968 360 1006 santissimum.

123 1028 380 1070 NICOLAUS
408 1028 554 1078 Falce,
584 1028 700 1080 cujus
730 1030 863 1071 Codex
893 1033 1027 1070 Manu-

68 1094 242 1145 scriptus
286 1093 426 1132 Oxonii
467 1093 505 1131 in
535 1092 632 1132 Bibl.
671 1094 908 1132 Mertonensi
944 1093 1024 1144 jam

69 1159 314 1195 memoratus
331 1155 469 1193 Vossio
483 1166 568 1206 pag.
593 1155 680 1194 495.
701 1155 773 1194 hac
789 1157 1024 1207 epigraphe:

65 1217 183 1258 Liber
206 1216 469 1257 historiarum
490 1217 670 1269 partium
694 1217 891 1267 Orientis,
912 1231 1026 1270 quem

65 1292 132 1333 eqo
155 1280 339 1320 Nicolaus
365 1281 511 1319 Falcon
537 1279 687 1336 scripsi
703 1282 880 1332 primum
906 1280 1026 1320 Galli-

5 1353 7 1390 ξ
65 1354 108 1382 co
124 1341 308 1381 idiomate
323 1374 334 1392 ‚
351 1341 453 1381 etde
471 1337 622 1380 Gallico
641 1342 828 1383 transtuli
845 1343 889 1381 Α.
909 1343 1023 1383 4307.

65 1404 165 1444 Vide
189 1417 308 1456 supra
339 1406 376 1443 in
407 1404 661 1454 AlTHONO‚
692 1411 721 1443 t..
754 1408 767 1445 4
805 1418 892 1457 pag.
926 1407 988 1444 33.

5 1504 7 1508 .
116 1467 366 1507 NlCOLAUS
384 1466 643 1516 Falcuccius⁷
667 1469 922 1508 Florentinus
943 1469 1025 1507 Me-

5 1545 8 1574 i,
62 1528 201 1579 dicus,
239 1529 454 1568 defunctus
494 1530 540 1568 A.
573 1531 690 1570 4442.
732 1535 772 1567 et
812 1531 832 1568 a
870 1531 1024 1569 Nicolao

6 1592 7 1613 ³
64 1590 234 1639 Nicoli0‚
274 1591 322 1630 de
362 1603 440 1642 quo
470 1592 595 1639 infra,
626 1592 746 1643 probe
777 1591 1025 1642 distinguen—

6 1643 7 1679 ἶ
63 1653 151 1693 dus.
182 1652 282 1704 Ejus
310 1665 511 1693 sermones
543 1654 625 1693 VII.
657 1653 912 1693 Medicinales
936 1666 1024 1705 pro-

63 1715 170 1755 diere
198 1716 340 1756 Venet.
370 1717 486 1756 4494.
525 1721 565 1755 et
606 1717 723 1756 4533.
753 1717 817 1755 fol.
852 1722 1023 1767 quatuor

5 1767 8 1782 J
59 1779 214 1818 volum.
253 1780 315 1818 Ex
350 1779 413 1818 his
443 1791 574 1818 sermo
611 1780 814 1818 secundus
854 1791 1022 1818 recusus

60 1842 98 1880 in
122 1841 250 1893 Opere
273 1843 421 1880 Veneto
444 1841 492 1881 de
515 1842 704 1881 febribus.
727 1843 932 1882 Praeterea
953 1843 972 1880 J
981 1855 1022 1881 u-

7 1892 9 1899 )
60 1903 139 1943 lius
162 1905 278 1955 Niger
307 1905 345 1942 in
376 1903 539 1943 historia
571 1905 808 1955 scriptorum
835 1905 1024 1944 Florenti-

58 1977 144 2004 nor.
179 1978 265 2018 pag.
307 1967 395 2005 424.
439 1971 633 2006 memorat
677 1967 1018 2007 Commentarium

57 2028 146 2078 ejus
173 2029 216 2067 in
243 2028 497 2081 Aphorismos
527 2029 782 2082 Hippocratis
811 2031 833 2068 a
862 2030 918 2068 Jo.
950 2033 1022 2070 Ba-

60 2092 184 2143 ptista
205 2093 242 2130 in
261 2092 488 2131 Theodoxio
505 2093 707 2131 Parmensi
726 2093 928 2143 vulgatum
945 2096 1018 2132 Bo-

57 2155 198 2193 noniae
224 2154 345 2194 4522.
369 2155 404 2193 8.
431 2165 504 2193 nec
529 2165 606 2193 non
632 2153 954 2205 Antidotarium,
981 2161 1021 2194 et

55 2216 166 2267 Opus
201 2217 433 2267 bipartitum
474 2217 671 2256 Manuscr.
705 2219 741 2255 in
780 2218 880 2256 Bibl.
904 2220 1019 2269 Regia

56 2280 183 2317 Paris.
205 2284 246 2318 et
275 2279 502 2318 Florentina
533 2280 571 2319 S.
602 2281 718 2319 Marci
739 2310 748 2326 ‚
779 2280 825 2319 de
849 2279 1021 2332 subjecto

57 2341 275 2381 Medicinae
312 2348 354 2382 et
381 2343 428 2382 de
459 2341 783 2395 dispositionibus
820 2342 1021 2395 febrium:

57 2405 81 2443 a
106 2405 263 2445 Nicolao
293 2405 437 2443 Nicolio
462 2406 717 2443 exactissime
747 2405 1019 2444 emendatum.

111 2467 214 2517 (225.
258 2466 353 2505 Vide
391 2465 527 2517 Eloyio
571 2478 590 2505 a
621 2467 705 2504 Jos.
736 2467 855 2505 Pellio
888 2468 927 2505 in
959 2479 1019 2518 op.

58 2527 175 2580 Eloqi
200 2527 406 2567 d’Illustri
435 2528 599 2566 Toscani
625 2529 689 2567 111.
732 2534 772 2567 et
806 2531 938 2567 Manui
964 2530 1022 2568 Si-

60 2591 140 2642 gilli
161 2591 230 2630 ΧΙ.
253 2590 315 2629 20.

113 2652 366 2692 NICOLAUS
387 2651 587 2690 Farinula
605 2682 612 2699 ‚
628 2653 778 2690 rectius
795 2652 843 2690 de
866 2653 1018 2690 Frean-

37 2713 159 2754 'villa
195 2714 332 2754 Gallus
376 2716 580 2764 aesinus,
624 2715 717 2754 Ord.
762 2715 897 2753 Praed.
933 2715 1019 2753 Phi-

61 2778 153 2830 lippi
194 2779 376 2825 Pulchri,
414 2779 531 2828 Regis
561 2780 801 2816 Francorum
838 2779 860 2816 ἐι
896 2779 1017 2816 sacris

62 2842 415 2890 Confessionibus‚
445 2846 565 2891 atque
591 2841 681 2879 inde
706 2840 924 2879 Cardinalis
952 2840 1019 2878 de-

65 2905 228 2944 functus
266 2905 310 2943 A.
352 2905 469 2944 4324.
499 2905 548 2943 de
577 2915 655 2954 quo
685 2903 853 2941 Jacobus
889 2903 1024 2949 Ouetis

65 2973 161 3007 tom.
189 2969 203 3007 4
235 2979 321 3019 pag.
348 2969 436 3006 555.
463 2978 546 3017 seq.
572 2971 612 3004 et
636 2967 822 3005 Baluzius
845 2967 883 3003 in
910 2968 1022 3016 l'apis·

65 3029 416 3070 Avenionensibus
436 3033 531 3067 tom.
553 3031 566 3067 4
596 3028 694 3078 Ejus
716 3030 862 3079 scripta
878 3059 888 3076 ,
911 3040 1024 3079 prae.-

65 3098 128 3132 ter
156 3093 364 3133 Sermones
388 3094 428 3128 et
458 3088 581 3128 libros
609 3089 780 3129 rituales
811 3091 935 3141 prisea
968 3090 1024 3128 di—

67 3156 234 3208 sciplina
256 3154 393 3194 rudius
426 3153 580 3204 digesta
611 3158 706 3191 sunt
745 3152 843 3190 Acta
867 3151 1024 3202 leontio-

66 3218 130 3258 nis
170 3216 346 3257 Gallicae
364 3248 374 3265 ,
405 3213 584 3267 Epistola
613 3215 661 3253 ad
700 3216 836 3253 Patres
865 3215 1022 3253 Ordinis

69 3282 107 3320 in
133 3281 314 3320 Comitiis
339 3278 598 3317 Generalibus
630 3276 807 3326 Lugduni
839 3276 881 3314 A.
909 3278 1020 3315 4318.

69 3349 354 3396 congregatos,
379 3343 649 3381 Instrumenta
678 3338 753 3377 cluo
777 3339 824 3377 de
851 3343 1024 3377 manerio

70 3417 143 3446 suo
168 3407 253 3446 sive
278 3406 434 3457 praedio
456 3404 760 3454 Rothomagensi
781 3431 789 3449 .
809 3407 846 3439 et
869 3401 916 3439 de
941 3413 1025 3452 pro-

1984 278 2053 317 111

1100 347 1281 381 curatore
1306 345 1371 393 qui
1400 343 1492 382 illud
1518 345 1825 384 irrevocabiliter
1855 349 2064 397 possiden-

1101 403 1195 442 dum
1237 403 1411 443 traderet
1442 408 1665 446 Conventui
1699 408 2061 451 Dominicanorum.

1102 467 1281 517 Denique
1312 470 1596 507 testamentum.

1156 528 1406 569 NiCOLAUS
1430 530 1476 569 de
1504 531 1722 571 Ferneleam
1753 535 1837 573 sive
1864 537 2063 576 Ferculza-

1101 603 1189 630 mus
1227 593 1380 643 Anglus
1402 620 1411 636 ,
1445 594 1558 632 bonis
1587 596 1740 634 artibus
1770 602 1810 635 et
1849 599 2062 640 Medicinae

1102 665 1260 705 operam
1292 655 1401 693 dedit
1429 656 1568 694 Oxonii
1589 688 1598 704 ‚
1631 659 1813 707 Parisiis,
1846 663 2062 713 Bononiae,

1103 717 1192 755 inde
1223 719 1375 756 ilenrici
1410 719 1472 756 111.
1504 719 1615 757 aulae
1646 721 1847 771 Medicus,
1879 736 1923 763 ac
1953 725 2063 764 deni-

1101 790 1178 830 que
1207 779 1431 830 Episcopus
1465 781 1745 819 Dunelmensis
1776 786 1861 823 sive
1888 787 2063 826 1111111101-

1103 843 1253 879 mensis
1292 842 1337 880 A.
1378 843 1491 882 424-1.
1525 845 1578 883 De
1609 856 1654 882 eo
1685 845 1913 885 Matthaeus
1955 850 2062 888 Paris

1100 903 1145 941 ad
1169 904 1213 941 Α.
1242 904 1357 943 4229.
1385 917 1469 956 pag.
1496 906 1586 944 244.
1617 908 1727 946 etad
1755 909 1914 948 Annum
1943 913 2062 951 4244.

1100 977 1186 1016 pag.
1229 967 1319 1005 382.
1355 972 1395 1005 et
1426 969 1514 1007 388.
1546 970 1768 1009 Matthaeus
1810 973 2063 1013 Westmona-

1101 1030 1308 1068 steriensis
1333 1030 1379 1069 ad
1411 1030 1456 1069 A.
1491 1031 1605 1070 4244.
1632 1043 1717 1082 pag.
1745 1032 1834 1071 302.
1863 1036 2061 1075 Lelandus

1100 1101 1184 1141 cap.
1216 1092 1306 1130 363.
1330 1093 1472 1132 Baleus
1502 1095 1562 1132 IV.
1595 1095 1630 1133 3.
1662 1096 1726 1144 qui
1756 1096 1959 1146 practicas
1984 1101 2062 1138 Me-

1100 1152 1270 1204 dicinae,
1313 1161 1352 1193 et
1391 1156 1532 1194 librum
1573 1155 1619 1194 de
1652 1155 1811 1197 viribus
1842 1158 2060 1200 herbarum

1099 1217 1151 1253 ait
1188 1219 1423 1268 scripsisse⁷
1464 1223 1506 1256 ut
1535 1230 1582 1257 ex
1613 1219 1728 1257 Baleo
1769 1222 1924 1260 Pitscus
1966 1235 2053 1274 pag.

1099 1278 1186 1318 343.
1210 1280 1428 1319 Abdicasso
1454 1292 1498 1319 se
1528 1282 1769 1332 Episcopatu
1800 1283 1844 1321 Λ.
1878 1284 1992 1323 4219.
2019 1291 2058 1323 et

1098 1341 1144 1380 A.
1171 1342 1289 1381 4259.
1310 1342 1358 1380 de
1385 1345 1464 1381 vita
1489 1343 1726 1382 discessisse
1754 1349 1904 1384 notavit
1923 1348 2058 1387 Franc.

1097 1402 1401 1443 Goodwinusde
1417 1405 1669 1455 praesulibus
1681 1407 1844 1457 Angliae
1856 1409 1899 1446 11.
1914 1420 1949 1459 p.
1969 1410 2056 1448 122.

1151 1466 1412 1506 NICOLAUM
1432 1467 1478 1505 de
1497 1466 1560 1518 flii
1576 1497 1585 1506 .
1608 1468 1853 1519 Episcopum
1869 1476 1908 1508 et
1926 1472 2053 1521 ipsum

1098 1530 1410 1568 Dunelmensem
1436 1531 1540 1568 circa
1567 1531 1611 1568 A.
1645 1530 1760 1570 4201.
1791 1544 1837 1570 ex
1866 1534 1992 1572 l‘itseo
2019 1547 2055 1585 p.

1099 1592 1186 1630 889.
1210 1592 1386 1641 (langius
1413 1596 1619 1631 memorat.
1647 1593 1723 1631 Sed
1750 1595 1852 1645 apud
1877 1596 2061 1633 Goodwi-

1097 1666 1193 1694 num
1218 1656 1394 1705 aliosque
1415 1685 1422 1701 ,
1448 1656 1553 1692 inter
1577 1656 1875 1695 Dunelmenses
1900 1669 2061 1708 praesu-

1097 1717 1154 1755 les
1177 1718 1328 1756 nullum
1352 1718 1556 1757 Nicolaum
1580 1718 1720 1756 Filium
1746 1720 1908 1769 reperio.
1935 1721 2061 1758 ilisto—

1096 1780 1221 1818 ricum
1269 1785 1402 1818 tamen
1443 1780 1615 1831 Anglum
1657 1782 1814 1820 Pitseus
1859 1783 2059 1832 appellat,

1095 1844 1161 1894 qui
1188 1842 1351 1892 juvenis
1380 1842 1427 1880 ad
1460 1842 1647 1881 historias
1677 1843 1907 1882 scribendas
1937 1856 2058 1895 appu-

1100 1906 1189 1944 lerit
1228 1906 1433 1952 animum,
1468 1910 1588 1955 atque
1620 1907 1722 1944 inter
1766 1907 1838 1945 alia
1879 1908 2056 1945 retulerit

1096 1969 1298 2006 Simonem
1310 1968 1555 2006 Thurvaium
1574 1998 1581 2016 ,
1600 1969 1731 2007 virum
1751 1969 2054 2018 electissimum,

1096 2037 1259 2082 repente
1293 2032 1472 2069 omnium
1504 2043 1637 2069 rerum
1669 2035 1830 2082 captum
1861 2032 2055 2070 oblivione.

1096 2099 1136 2132 et
1167 2104 1448 2145 repuerascere
1479 2095 1673 2144 coepisse.

1148 2157 1402 2196 MICOLAUS
1441 2155 1486 2194 cle
1517 2154 1747 2203 Florentia,
1777 2155 1952 2194 Medicus
1990 2155 2057 2193 de-

1097 2220 1260 2257 functus
1284 2219 1328 2257 A.
1362 2218 1478 2257 4042.
1510 2219 1681 2268 scriptor
1711 2217 1942 2256 anticlotarii
1977 2230 2055 2255 me-

1097 2283 1237 2320 morati
1267 2283 1289 2319 ἐι
1321 2280 1498 2319 Sandero
1529 2292 1565 2330 p.
1599 2281 1687 2318 495.
1720 2280 1903 2318 Biblioib.
1935 2281 2056 2329 Belgi—

1095 2354 1164 2382 cae
1193 2343 1500 2392 Manuscriptae.

1154 2405 1409 2445 NICOLAUS
1455 2403 1501 2442 cle
1553 2402 1751 2441 Florentia
1788 2404 1879 2442 Ord.
1921 2406 2054 2443 Minor.

1097 2470 1265 2519 scriptor
1291 2466 1451 2518 Speculi
1475 2465 1740 2518 Confessionis
1763 2467 1864 2515 quod
1890 2469 1909 2505 ξι
1935 2468 2052 2505 Sacra

1096 2532 1410 2581 Congregationc
1452 2529 1566 2567 indici
1609 2527 1893 2578 prohibitorum
1939 2529 2051 2566 libro-

1096 2603 1183 2630 rum
1216 2593 1408 2630 insertum
1443 2596 1555 2629 notat
1585 2590 1714 2628 Julius
1745 2590 1858 2635 Niger
1889 2603 1923 2640 p.
1962 2592 2048 2628 421.

1095 2654 1280 2692 historiae
1312 2655 1555 2704 Scriptorum
1592 2653 1918 2690 Florentinorum.

1145 2715 1394 2754 MCOLAUS
1411 2715 1575 2764 (Niccolis
1588 2712 1847 2761 Florentium,
1864 2715 2048 2763 magistro

1091 2790 1188 2817 usus
1218 2778 1309 2817 Lud.
1339 2778 1530 2819 Mai-silio,
1568 2776 1855 2825 Augustiniano
1885 2778 2038 2814 civibus·

1095 2842 1178 2879 suis
1202 2846 1338 2879 auctor
1359 2841 1432 2878 fuit
1459 2845 1501 2877 ut
1524 2839 1741 2878 Illanuelem
1771 2838 2048 2887 Chrysolonnn

1097 2904 1142 2942 nd
1170 2903 1367 2942 docendas
1397 2904 1568 2940 Graecas
1599 2902 1750 2940 litteras
1775 2909 2016 2939 arcesserent
2039 2932 2046 2940 .

1098 2971 1137 3004 et
1162 2965 1302 3002 deinde
1327 2966 1544 3003 (luminum
1566 2994 1571 3008 .
1590 2965 1645 3000 10.
1668 2963 1874 3012 Aurispum
1903 2994 1909 3004 ,
1935 2964 2050 3000 l-'run-

1099 3030 1247 3067 scicum
1275 3027 1551 3077 Pliilelplium:
1583 3027 1776 3074 mortique
1808 3026 1961 3062 vicinus
1993 3026 2050 3061 lii-

1099 3091 1335 3129 bliothecam
1368 3101 1479 3128 suuni
1517 3089 1657 3126 DCCC.
1689 3087 1909 3132 insignibus
1939 3086 2051 3124 (lodi-

1098 3154 1210 3192 cibus
1227 3154 1411 3191 refertani
1435 3151 1602 3201 publicis
1626 3149 1891 3187 studiosorum
1912 3149 2047 3187 usibus

1098 3216 1357 3253 consecravit.
1403 3213 1578 3262 l-llogiuni
1609 3210 1757 3248 (lictum
1789 3222 1808 3248 a
1840 3211 1976 3260 l‘oggio
2011 3212 2046 3247 in

1098 3278 1184 3327 ejus
1224 3277 1359 3314 sunere
1389 3275 1510 3311 edidit
1539 3274 1749 3323 praeterito
1778 3274 1948 3310 auctoris
1984 3285 2052 3309 no-

1103 3341 1205 3377 mine
1244 3337 1479 3375 {inmundus
1510 3338 1681 3375 Martene
1713 3341 1805 3373 tom.
1839 3338 1874 3374 3.
1914 3347 2051 3373 monu-

1102 3407 1324 3441 mentorum
1357 3411 1392 3449 p.
1424 3400 1513 3437 7¹27.
1541 3398 1690 3449 junctis
1720 3411 1804 3449 pag.
1837 3400 1924 3436 730.
1960 3400 2048 3436 739.
