2517 4009
955 240 987 279 N
1011 241 1024 280 1
1044 241 1075 279 u
1100 242 1129 280 E
1154 243 1182 280 tt
1994 256 2068 296 133

79 311 184 346 tomo
212 304 390 344 XXXIV.
413 306 529 343 Diarii
557 306 805 348 eruditorum
832 311 965 351 Italiae
994 324 1030 363 p.

78 369 167 410 276.
197 365 282 419 seq.

131 428 338 470 Nicolaum
358 427 528 480 Niyrum
544 431 760 481 Venatum,
776 435 934 474 Poetam
959 437 1032 474 lta-

77 492 185 540 lum,
215 492 280 542 qui
301 492 455 530 octonis
479 491 716 542 rhythmicis
748 497 931 535 versibus
955 498 1034 535 bcl-

75 555 156 594 lum
201 555 303 592 inter
348 564 534 602 muscas,
569 557 730 595 cimices
773 562 813 596 et
858 559 1039 599 formicas

74 621 234 667 gestum
270 616 441 663 cecinit,
482 616 703 668 eodemque
743 621 857 658 metri
893 633 1036 672 genere

73 676 120 715 D.
149 676 295 716 Nicolai
327 688 391 716 res
419 683 581 729 gestas,
613 681 858 721 comoediam
895 683 1038 722 Candi-

75 737 165 778 dam
182 743 223 778 et
242 738 349 778 aliud
370 739 505 779 drama
522 741 692 780 Animae
717 743 844 782 felicis
864 747 1032 783 nomine.

73 800 172 841 Vide
209 801 422 851 Erythraei
462 803 760 853 pinacothecam
795 808 828 845 4.
869 819 904 857 p.
944 809 1032 847 2¹48.

81 873 166 913 seq.
194 867 270 902 etc.

127 926 272 964 Petrus
301 925 480 974 NIGER,
522 927 744 978 (Schwart)
787 932 1034 981 Germanus,

73 989 167 1030 Ord.
210 989 346 1029 Praed.
395 990 602 1030 Hebraicas
630 992 783 1033 litteras
813 1007 832 1034 a
876 996 1037 1035 Judaeis

73 1051 238 1091 edoctus
268 1053 306 1091 in
337 1053 522 1104 Hispania
551 1055 654 1104 apud
698 1057 1034 1107 Salmaticenses,

73 1118 192 1164 atque
222 1114 457 1165 Theologiae
487 1116 619 1155 studio
664 1123 850 1168 operatus
881 1121 916 1158 in
947 1120 1035 1159 Gal-

74 1178 148 1216 liae
172 1176 384 1217 Academia
405 1179 761 1230 Montispessulaua
782 1193 790 1230 3
826 1187 867 1222 et
893 1183 1034 1221 deinde

74 1243 112 1280 in
141 1242 376 1280 Germaniae
406 1242 657 1293 Friburgensi
686 1249 805 1295 atque
847 1247 1037 1296 Ingolsta—

73 1303 229 1342 diensi.-
277 1302 449 1353 denique
501 1305 722 1357 Herbipoli,
768 1308 830 1347 ubi
878 1308 1034 1354 docuit,

73 1369 346 1417 evocatusque
375 1366 526 1406 Budam
558 1368 582 1406 a
615 1370 774 1409 Matthia
820 1372 1036 1421 Hungariae

71 1429 204 1480 Rege,
234 1428 284 1467 ibi
316 1433 406 1480 post
435 1430 508 1469 An.
543 1432 656 1470 4484.
679 1431 783 1471 diem
803 1433 909 1471 obiit.
936 1433 1038 1471 Scri-

76 1491 160 1542 psit
187 1502 287 1543 opus
309 1492 498 1531 eximium
522 1498 658 1532 contra
676 1494 846 1546 perfidos
868 1493 1037 1533 Judaeos

77 1552 125 1592 de
140 1553 355 1593 conditione
369 1555 460 1595 verz·
473 1557 639 1597 Messi'ae
653 1559 700 1597 ad
718 1558 862 1596 Psalm.
879 1556 1034 1596 CXVIII

73 1617 137 1658 22.
155 1616 340 1670 Lapidem
354 1630 470 1670 quem
492 1619 812 1672 reprobaverunt
833 1619 1037 1671 aedifican-

71 1684 152 1730 tes,
176 1679 238 1719 hic
277 1680 411 1734 factus
437 1684 557 1723 estin
592 1688 714 1735 caput
748 1681 897 1733 anqulz'.
926 1682 1035 1732 Opus

70 1744 244 1784 dicatum
275 1747 471 1798 Episcopo
493 1749 771 1787 Ratisbonensi
798 1746 962 1785 Henrico
983 1743 1033 1782 ΙΙΙ

71 1806 120 1846 de
149 1805 355 1859 Absperg,
387 1809 620 1861 editumque
649 1811 820 1861 primum
853 1808 1036 1857 Eslingae

71 1867 187 1908 ⁴475.
207 1869 241 1907 4.
260 1869 322 1909 tol.
341 1871 445 1921 apud
465 1872 694 1912 Conradum
712 1874 834 1923 Fyne.
853 1872 950 1909 Loca
969 1880 1037 1907 ve-

70 1931 166 1970 teris
194 1931 366 1971 Testam.
397 1934 520 1973 citare
550 1935 651 1973 solet
687 1935 898 1981 Hebraice,
927 1932 1032 1971 litte—

68 1994 122 2032 ris
151 1995 301 2033 Latinis
330 1994 531 2047 descripta
559 2008 650 2037 cum
688 1997 927 2036 interlineari
961 1997 1030 2033 La-

66 2056 147 2094 tina
177 2057 370 2096 versione.
402 2059 603 2098 Recusum
635 2059 778 2098 deinde
806 2058 1030 2098 Norimber-

66 2129 137 2170 gae
171 2117 283 2157 4477.
329 2120 463 2171 Neque
492 2121 597 2161 aliud
629 2127 693 2161 est
724 2133 843 2172 quam
875 2121 1030 2160 liberior

65 2181 198 2220 versio
221 2181 454 2222 Germanica
481 2186 697 2235 superioris
725 2185 879 2235 operis,
910 2188 1028 2234 atque

66 2243 228 2283 uberius
256 2245 452 2295 explicata
481 2251 521 2284 et
545 2247 728 2286 undecim
751 2247 961 2285 distributa
987 2246 1030 2284 li-

64 2305 171 2354 bris,
203 2317 305 2357 quae
335 2308 568 2347 inscribitur
917 2306 1029 2346 stella

59 2367 257 2418 Messzae,
295 2373 335 2406 et
378 2368 613 2409 Germanice
656 2371 797 2422 prodiit
842 2371 1027 2420 Eslingae

65 2429 183 2470 4t77.
215 2430 250 2468 [ι.
280 2430 376 2469 Vide
406 2431 454 2470 de
486 2432 560 2470 hac
588 2433 821 2471 Germanica
857 2432 1027 2470 editione

66 2491 385 2532 laudatissimum
418 2492 606 2532 Wolfium
638 2499 819 2533 nostrum
846 2498 940 2531 tom.
965 2494 1026 2531 IV.

63 2553 161 2593 Bibl.
192 2552 306 2592 Hebr.
351 2563 437 2604 pag.
483 2554 572 2593 525.
616 2565 699 2605 seq.
731 2560 770 2594 et
799 2554 847 2593 de
893 2557 1027 2593 Latina

65 2620 162 2654 tom.
192 2615 229 2653 2.
260 2625 345 2665 pag.
378 2615 491 2654 4037.
523 2620 563 2654 et
593 2618 707 2656 4440.
737 2628 820 2666 seq.
850 2620 890 2654 et
917 2617 1027 2654 Jaco-

63 2677 158 2717 bum
187 2676 324 2722 Quetif
363 2676 411 2716 de
456 2679 716 2729 scriptoribus
762 2679 1027 2717 Dominicanis

63 2745 158 2779 tom.
192 2740 226 2777 4.
258 2749 344 2790 pag.
375 2738 464 2778 864.
496 2751 580 2791 seq.
613 2741 778 2791 Scripsit
825 2745 1025 2791 praeterea

64 2802 128 2842 hic
151 2802 268 2852 Niger
296 2805 338 2839 et
367 2802 554 2841 Matthiae.
585 2803 675 2852 Regi
707 2802 906 2841 dedicavit
939 2801 1027 2853 Cly-

64 2874 183 2916 peum
206 2861 494 2902 Themistarum
516 2864 712 2904 adversus
736 2876 865 2903 omnes
895 2865 1027 2901 Docto-

67 2925 130 2964 ris
167 2922 345 2974 Anyelici
379 2924 673 2966 obtrectatores.
723 2928 857 2965 Venet.
914 2928 1025 2965 4484.

67 2986 265 3028 4504.101
311 2987 445 3038 Neque
487 2989 674 3028 diversus
703 2990 751 3028 ab
796 2989 868 3027 hoc
915 2990 1027 3035 Nigro

66 3053 130 3088 est
161 3050 301 3087 Petrus
348 3049 460 3087 Teuto
494 3050 610 3101 cujus
653 3056 847 3090 tractatus
891 3054 1027 3089 contra

66 3111 187 3150 Indos
231 3115 473 3150 memoratur
502 3113 604 3163 apud
636 3113 806 3152 eundem
836 3113 1024 3152 Jacobum

66 3173 205 3221 Quetit‘
231 3177 324 3211 tom.
357 3174 390 3212 4.
423 3185 507 3224 pag.
538 3174 628 3213 855.
673 3176 806 3225 Neque
836 3176 939 3213 enim
973 3175 1025 3212 le-

12 3251 19 3257 ·
67 3234 239 3287 gendum
271 3238 409 3274 contra
433 3234 560 3282 Indos,
586 3236 653 3274 sed
680 3239 817 3274 contra
840 3235 1021 3274 Juclaeos.

122 3295 352 3349 Radulphus
376 3297 538 3345 NIGER,
563 3298 678 3348 cujus
702 3298 923 3337 Chronieon
949 3300 1024 3337 Ma—

70 3361 319 3411 nuscriptum
349 3359 478 3399 laudat
511 3360 706 3399 Antonius
738 3359 858 3398 Wood
884 3361 919 3397 in
947 3361 1024 3399 An-

1104 316 1350 365 tiquitatibus
1379 320 1670 361 oxoniensibus
1699 322 1746 361 ad
1777 328 1851 363 An.
1888 327 2004 365 4470.
2039 333 2066 366 t.

1107 378 1140 414 4.
1173 389 1206 428 p.
1240 378 1302 418 55.
1334 385 1454 432 atque
1484 383 1586 421 alibi.

1156 439 1340 490 Syllanus
1381 443 1426 481 de
1469 446 1658 495 Melus,
1703 449 1904 498 Papiensis
1947 451 2065 489 Medi-

1107 512 1177 540 cus
1206 503 1320 552 cujus
1351 509 1542 556 expositio
1576 511 1610 546 in
1658 510 1798 548 Rhasis
1829 512 1968 552 librum
2002 525 2068 551 no-

1110 575 1203 602 num
1221 565 1267 602 ad
1284 566 1559 608 Almansorem
1584 571 1726 621 prodiit
1753 573 1929 612 Venetiis
1949 575 2064 614 ⁴483.

1161 626 1328 666 Joannes
1350 628 1396 667 de
1418 631 1567 671 Meno
1593 634 1787 682 MONTE,
1811 627 1918 675 iuris
1941 638 2065 676 cano-

1112 689 1184 725 nici
1214 689 1356 728 Doctor
1384 721 1391 739 ,
1420 695 1534 732 cuius
1582 696 1802 745 Disputatio
1844 700 1917 737 An.
1951 701 2063 738 4436.

1110 750 1146 786 in
1178 751 1348 790 Concilio
1381 749 1594 794 Basileensi
1626 757 1781 804 habita,
1806 772 1881 810 qua
1914 763 1954 800 B.
1985 761 2067 799 Vir-

1107 812 1235 861 ginem
1265 815 1301 850 in
1327 821 1487 865 peccato
1513 819 1674 868 originis
1697 827 1925 871 conceptam
1945 823 2064 861 luisse

1109 877 1293 923 negavit,
1323 878 1585 929 Manuscripta
1614 882 1799 920 Basileac.
1828 883 1919 922 tide
1944 885 2064 922 oudi-

1112 947 1204 974 num
1237 942 1329 976 tom.
1362 940 1396 977 3.
1429 952 1514 991 pag.
1545 943 1660 981 2394.

1163 999 1395 1040 ΜΝΙΛΜὶδ
1411 1004 1622 1042 Monachus
1639 1006 1950 1054 Cantuariensis,
1967 1010 2058 1048 Ord.

1107 1061 1249 1100 Bened.
1281 1065 1448 1114 scriptor
1477 1065 1634 1117 Euloyii
1673 1069 1757 1106 sive
1803 1068 1988 1108 Chronici
2025 1075 2060 1109 in

1107 1123 1283 1174 quinque
1305 1125 1421 1164 libros
1443 1127 1558 1166 divisi
1576 1129 1624 1166 ab
1640 1130 1742 1168 Orbe
1761 1131 1917 1169 condito
1937 1144 2061 1183 usque

1107 1183 1153 1222 ad
1184 1185 1229 1223 A.
1260 1187 1300 1225 C·
1332 1189 1445 1227 4367.
1475 1191 1667 1229 Manuscr.
1700 1193 1866 1243 oxonii,
1895 1194 1942 1231 de
1981 1208 2058 1245 quo

1109 1245 1210 1284 idem
1240 1249 1420 1288 Oudinus
1451 1256 1543 1290 tom.
1576 1253 1597 1290 3
1629 1265 1713 1303 pag.
1745 1257 1758 1292 4
1772 1254 1859 1292 089.

1161 1308 1404 1360 .4α91.ιεί1ἰιτιε
1434 1314 1640 1362 MPIIUS,
1671 1317 1914 1366 .lopolitanus
1944 1320 2058 1358 Cala-

1110 1371 1178 1409 ber
1193 1372 1272 1423 jam
1300 1373 1485 1425 Eutyclziz'
1508 1377 1568 1414 vel
1595 1375 1788 1415 Pltiloclzei
1800 1380 1880 1427 jam
1902 1379 1946 1417 cle
1973 1381 2057 1419 Me-

1110 1432 1214 1472 dices
1239 1435 1302 1473 vel
1326 1437 1461 1485 Maym·
1477 1441 1777 1488 cognominatus
1801 1443 2057 1492 appellatione

1111 1495 1367 1546 Philosophus
1388 1500 1669 1548 Peripateticus
1689 1502 1969 1542 celeberrimus
1993 1506 2057 1542 do-

1109 1558 1190 1595 cuit
1230 1560 1403 1606 Patavii,
1439 1561 1534 1598 Pisis
1563 1561 1727 1611 aliisque
1764 1564 1894 1602 ltaliae.
1937 1566 2054 1614 locis⁷

1110 1618 1280 1669 denique
1303 1620 1396 1658 obiit
1420 1621 1541 1671 major
1565 1627 1863 1673 septuagenario
1888 1628 2055 1665 Svessae

1110 1682 1147 1718 in
1178 1686 1280 1720 terra
1313 1683 1468 1722 Laboris
1499 1690 1586 1734 post
1614 1686 1645 1723 A
1691 1687 1802 1725 4545.
1835 1700 1911 1737 quo
1940 1700 2058 1739 expo-

1110 1745 1272 1784 sitiones
1301 1756 1393 1784 suas
1424 1747 1459 1783 in
1491 1748 1714 1786 Aristotelis
1745 1751 1949 1789 llistoriarn
1978 1754 2058 1790 aui-

1110 1807 1269 1845 mallum
1294 1807 1439 1846 dicavit
1463 1810 1594 1848 Paullo
1619 1811 1680 1848 111.
1710 1811 1802 1850 Vide
1827 1813 2052 1852 Cornelium

1109 1869 1273 1908 Tollium
1299 1869 1346 1908 de
1371 1871 1630 1910 litteratorum
1658 1874 1881 1913 infelicitate
1905 1888 1937 1925 p.
1967 1877 2055 1914 246.

1104 1929 1195 1968 edit.
1216 1932 1530 1972 Menckenianae.
1551 1935 1715 1985 Scripsit
1736 1948 1851 1985 quam
1871 1938 2056 1987 plurima.

1103 2005 1152 2032 ex
1171 1994 1315 2044 quibus
1334 1997 1502 2046 primum
1526 1998 1700 2035 Venetiis
1721 1999 1833 2036 Anno
1861 2000 1972 2038 ¹492.
1995 2000 2054 2037 toi.

1102 2056 1231 2094 lucem
1264 2057 1452 2097 viderunt
1482 2059 1565 2097 libri
1598 2071 1666 2098 sex
1699 2060 1746 2099 de
1777 2062 1982 2100 Intelleetu
2018 2068 2057 2098 et

1104 2117 1152 2156 de
1175 2119 1467 2168 DaemonibuS,
1494 2123 1622 2160 recusi
1649 2123 1788 2161 Venet.
1808 2124 1919 2161 4503.
1945 2124 2057 2162 ⁴527.

1104 2181 1266 2220 Caetera
1306 2183 1410 2221 illius
1449 2185 1471 2221 a
1500 2184 1654 2223 Nicolao
1696 2186 1840 2235 'l'oppio
1885 2188 1920 2223 in
1962 2187 2054 2223 Bibl.

1104 2244 1358 2293 Neapolitana
1386 2256 1471 2295 pag·
1497 2245 1534 2284 lt.
1556 2256 1637 2295 seq.
1664 2247 1731 2285 sed
1756 2248 1910 2297 plenius
1933 2254 1968 2285 et
1995 2260 2056 2286 ae-

1102 2306 1282 2343 curatius
1322 2312 1579 2345 recensentur
1610 2309 1631 2345 a
1660 2308 1838 2347 Gabriele
1877 2310 2056 2348 Naudaeo

1104 2368 1139 2404 in
1175 2366 1322 2416 judicio
1351 2367 1398 2405 de
1428 2368 1538 2418 Niphi
1570 2370 1751 2419 scriptis,
1793 2371 1896 2409 edito
1936 2373 2051 2409 l’aris.

1104 2428 1217 2467 4645.
1245 2429 1279 2466 4.
1308 2440 1397 2467 cum
1428 2431 1629 2480 opusculis
1657 2432 1742 2481 eJ'us
1769 2434 1980 2472 moralibus
2006 2445 2049 2471 ac

1101 2490 1293 2540 politicis:
1319 2496 1437 2541 atquc
1463 2492 1551 2529 inde
1575 2493 1595 2530 a
1624 2494 1820 2532 Leonardo
1844 2495 2051 2534 Nicodemo

1105 2553 1140 2588 in
1180 2552 1371 2590 addendis
1406 2553 1452 2591 ad
1486 2555 1678 2604 Toppium
1711 2567 1793 2604 pag-⁷.
1826 2557 1861 2592 3.
1893 2568 1973 2604 seq.
2011 2562 2050 2593 et

1102 2614 1122 2650 ἐι
1158 2615 1346 2653 Nicerono
1384 2616 1418 2651 in
1451 2617 1648 2652 memoriis
1678 2617 1823 2654 Gallice
1853 2617 1967 2654 editis
2002 2617 2049 2653 111Ἰ

1103 2676 1197 2712 viris
1235 2676 1399 2713 eruditis
1439 2682 1542 2713 tomo
1576 2676 1710 2715 xvlit.
1744 2690 1826 2727 pag.
1868 2680 1926 2717 63.
1968 2690 2047 2729 seq.

1103 2738 1258 2774 Praeter
1297 2737 1367 2774 lios
1405 2738 1451 2775 110
1483 2738 1605 2787 Nipho
1642 2741 1871 2778 consulendi
1911 2743 2046 2779 lox-iu<

1103 2799 1138 2835 in
1169 2798 1303 2849 elogiis
1342 2812 1424 2850 pag.
1459 2800 1545 2838 474.
1579 2801 1732 2839 Buclius
1763 2804 1797 2839 in
1832 2803 1971 2840 Lexico
2009 2810 2044 2840 et

1101 2862 1141 2899 C.
1182 2861 1226 2898 A.
1261 2862 1518 2901 lleumannus
1559 2865 1594 2900 in
1640 2864 1746 2902 Actis
1786 2865 2047 2915 l'hilosophnr.

1102 2927 1210 2972 parte
1242 2923 1361 2961 xvlt.
1392 2936 1474 2974 pag.
1498 2925 1585 2962 764.
1612 2938 1694 2975 seq.
1724 2928 1846 2976 Opera
1880 2926 2047 2964 Philoso-

1102 2986 1213 3035 phica
1251 2986 1361 3036 Niphi
1395 2998 1461 3025 sex
1498 2989 1767 3026 voluminilms
1798 2991 1833 3026 in
1868 2990 1928 3026 tol.
1959 3001 2045 3032 iun-

1101 3051 1193 3086 ctim
1232 3047 1334 3086 editu
1376 3050 1546 3087 venetiis
1576 3051 1619 3089 A.
1663 3052 1770 3089 ¹559.
1810 3058 1966 3089 exstant
2007 3055 2044 3090 in

1102 3110 1195 3148 Bibl.
1227 3111 1376 3160 publica
1410 3111 1599 3149 Leidensi.

1153 3171 1434 3211 NlTHARDUS
1457 3175 1494 3211 5.
1521 3174 1731 3220 Angilberti
1761 3174 1890 3216 lilius.
1916 3177 2041 3215 Caroli

1098 3237 1145 3273 M.
1167 3246 1287 3284 nepos
1307 3247 1353 3272 ex
1377 3235 1515 3273 Bertha
1539 3236 1611 3273 lilia
1632 3266 1639 3279 ,
1663 3237 1792 3275 Abbas
1813 3239 1851 3274 S.
1876 3238 2039 3276 Iticharii

1099 3296 1190 3336 Ord.
1231 3296 1372 3334 Rened.
1405 3298 1439 3334 in
1471 3298 1592 3336 Gallia
1622 3298 1846 3337 dioeceseos
1885 3300 2041 3339 Ambia-

1099 3360 1257 3406 ncusis‚
1293 3364 1410 3407 atque
1441 3361 1476 3397 iu
1509 3361 1651 3410 praelio
1680 3360 1873 3400 adversus
1914 3363 2038 3401 Dauos
