2550 4009
915 222 1329 263 MATTHIAS
2056 223 2108 262 55

121 305 163 339 et
191 301 239 341 ab
268 300 512 349 interprete,
534 295 724 335 Monacho
748 295 974 334 Trevirensi
999 305 1080 332 am-

119 362 289 414 plificata
317 360 523 399 recensuit
550 358 767 398 Bollandus
791 357 827 397 in
853 357 962 396 Actis
983 357 1081 395 San-

119 429 216 464 ctor.
236 430 328 463 tom.
361 424 424 461 III.
457 421 569 460 Febr.
599 422 662 460 24.
695 433 781 472 pag.
814 421 881 460 441
916 419 1004 459 454.
1028 431 1078 458 ex

119 493 288 537 quatuor
315 486 424 525 MSS.
455 489 495 523 et
523 485 664 524 collata
709 484 931 535 wolfgangi
976 483 1079 521 Lazii

119 548 289 587 editione
319 547 367 586 ad
397 547 545 586 calcem
576 547 731 587 Pseudo
761 546 935 593 Abdiae,
966 545 1083 584 varii-

118 622 218 662 sque
247 610 463 649 breviariis,
495 609 642 649 Confer
673 621 708 660 p.
742 609 817 648 433
839 620 925 659 seq.
952 608 1079 655 Quam

117 684 257 724 parum
288 671 377 710 fidei
407 671 468 710 his
492 674 544 710 sit
573 673 684 711 Actis
711 670 986 715 tribuendum,
1014 682 1083 708 no-

117 739 213 774 runt
251 745 392 773 omnes
421 739 468 773 ut
510 735 645 773 notavi
676 734 714 772 in
745 733 890 772 Codice
919 745 1084 784 apocry-

118 797 197 849 pho
221 798 319 836 Novi
343 798 588 836 Testamenti
619 808 705 848 pag.
736 796 829 835 782.
858 808 943 847 seq.
969 797 1079 835 Idem

117 859 331 900 dicendum
350 859 397 899 de
412 858 677 912 supplemento
700 858 889 899 historiae
907 858 1083 898 miracu-

119 922 248 963 lorum
271 924 310 963 S.
336 921 526 962 Matthiae
542 921 745 973 Apostoli,
769 927 931 961 auctore
952 924 1082 962 Mona-

119 986 194 1026 cho
218 986 470 1034 Trevirensi,
495 985 600 1036 quod
645 985 826 1036 vulgavit
854 985 1082 1024 Bernardus

117 1050 193 1088 Pez
213 1053 241 1087 t.
264 1049 310 1088 II.
335 1047 512 1087 thesauri
544 1047 683 1087 anecd.
708 1049 820 1086 Parte
839 1048 860 1082 3
905 1059 941 1099 p.
959 1047 996 1085 7.
1017 1047 1081 1086 26.

171 1110 426 1151 MATTHIAS
469 1109 518 1149 a'e
555 1108 717 1148 Beheim
754 1111 857 1149 Saxo
901 1111 1081 1149 inclusus

118 1172 337 1224 (Clusener)
367 1172 587 1219 Hallensis,
615 1174 751 1211 Latine
781 1184 882 1223 quae
913 1173 1082 1223 scripse-

117 1237 170 1275 rit
208 1247 285 1274 non
316 1234 412 1273 mihi
442 1239 691 1284 compertum
711 1265 721 1282 ,
753 1234 824 1273 sed
857 1246 906 1273 ex
945 1235 1081 1273 Latino

124 1299 246 1337 vertit
266 1297 504 1336 Germanice
523 1296 597 1334 An.
616 1296 731 1335 1343.
754 1301 925 1346 quatuor
949 1297 1081 1334 Evan-

117 1361 248 1412 gelia:
279 1365 401 1410 atque
433 1362 478 1397 ut
509 1358 669 1396 videtur
698 1358 775 1396 An.
820 1358 936 1397 4355.
975 1359 1081 1397 Psal-

118 1425 266 1464 terium
283 1453 292 1471 ,
316 1421 540 1472 Magnificat
563 1425 604 1458 et
628 1421 865 1472 Symbolum
894 1422 932 1460 S.
958 1421 1080 1460 Atha-

121 1488 233 1527 nasii.
263 1487 439 1536 Utraque
468 1485 577 1523 MSta
601 1485 759 1534 Lipsiae
792 1485 828 1521 in
860 1484 959 1522 Bibl.
986 1486 1083 1523 Pau-

119 1550 211 1589 lina.
234 1548 335 1588 Vide
361 1547 496 1587 Joach.
528 1547 669 1585 Felleri
699 1546 924 1597 catalogum
951 1558 987 1597 p.
1017 1546 1080 1585 79.

120 1617 161 1652 et
189 1613 253 1651 68.
281 1622 366 1662 seq.
396 1609 600 1650 Oudinum
631 1614 728 1648 tom.
761 1610 826 1648 III.
858 1620 895 1660 p.
927 1609 1017 1648 955.

173 1672 428 1714 MATTHIAS
448 1671 642 1712 Bohemus
658 1703 668 1720 ‚
695 1671 800 1710 idem
821 1670 1012 1710 Matthias
1035 1670 1082 1709 cle

118 1739 265 1778 Janaw
285 1769 295 1786 ,
330 1737 394 1775 vel
433 1737 554 1775 etiarn
597 1734 788 1775 Matthias
833 1733 1079 1773 Parisiensis

122 1801 251 1841 Caroli
280 1800 343 1840 IV.
367 1801 466 1850 Imp.
501 1810 523 1838 a
565 1798 894 1838 Confessionibus
931 1799 1080 1844 sacris,

123 1863 194 1903 sed
209 1863 395 1915 quoniam
415 1863 580 1900 Joannis
600 1861 724 1900 Militii
752 1861 944 1899 insistens
962 1861 1084 1899 vesti-

123 1927 223 1978 giis,
261 1925 412 1964 abusus
440 1924 658 1966 ,Ecclesiae
701 1924 785 1962 tolli
822 1923 1085 1962 vehementer

123 1987 342 2036 suadebat,
367 1986 571 2026 abeodem
600 1986 741 2025 Carolo
769 1987 804 2024 iu
830 1986 995 2036 gratiam
1024 1987 1086 2024 In-

128 2051 299 2090 nocentii
321 2051 387 2089 VI.
410 2049 602 2088 dimissus
621 2053 662 2088 et
678 2049 784 2096 exul,
807 2049 967 2099 scripsit
982 2050 1085 2087 circa

123 2112 288 2152 Annum
306 2111 421 2152 1370.
446 2112 591 2152 librum
605 2111 803 2163 prolixum
826 2110 872 2149 de
887 2110 1087 2150 Antichri-

125 2178 198 2227 sto,
213 2188 261 2215 ex
276 2188 355 2228 quo
371 2175 562 2214 nonnulla
570 2178 761 2226 excerpta
776 2175 965 2226 leguntur
981 2175 1086 2225 apud

126 2239 300 2278 Flacium
326 2240 364 2277 in
386 2239 575 2289 Catalogo
596 2240 762 2278 testium
786 2238 974 2277 Veritatis
998 2250 1084 2289 pag.

127 2301 219 2341 968.
239 2313 321 2353 seq.
340 2301 442 2340 edit.
465 2303 629 2353 primae.
660 2302 828 2353 Scripsit
856 2305 897 2339 et
925 2300 974 2339 de
1004 2302 1087 2339 vita

123 2364 378 2413 Christiana,
401 2369 442 2403 et
462 2364 511 2403 de
536 2364 764 2415 hypocrisi,
791 2368 831 2402 et
859 2375 930 2414 pro
970 2364 1085 2403 Com-

123 2427 314 2467 munione
333 2427 409 2466 sub
425 2431 608 2477 utraque.
627 2426 724 2465 Vide
741 2428 791 2465 M.
811 2427 953 2476 Georg.
979 2427 1087 2465 Cun-

124 2489 208 2528 radi
231 2490 412 2539 Riegeri‚
448 2490 624 2528 Pastoris
661 2489 866 2527 Ecclesiae
905 2489 1087 2538 Stutgar-

125 2551 276 2590 diensis
296 2551 440 2591 librum
457 2551 506 2589 de
524 2551 714 2589 fratribus
730 2551 916 2590 Bohemis
932 2550 1083 2589 editum

124 2612 359 2653 Germanice
381 2625 417 2665 p.
434 2612 485 2652 78
511 2624 594 2663 seq.
626 2613 858 2664 Zullighovii
900 2612 1016 2651 1734.
1048 2613 1082 2650 8.

178 2676 439 2716 MATTIIIAS
462 2676 663 2726 Dorinyus
679 2707 689 2725 ,
717 2687 837 2726 supra
859 2674 1085 2715 Matthaeus

127 2738 340 2790 Dorinqus.

176 2799 434 2841 MATTHIAS
470 2799 690 2840 Farz'nator
728 2800 776 2840 de
814 2800 965 2839 Vienna
1003 2800 1083 2839 Au-

125 2865 271 2913 striae,
314 2863 529 2904 Carmelita
571 2865 733 2915 scripsit
777 2864 879 2903 circa
912 2864 1080 2903 ·Annum

125 2925 242 2966 4330.
262 2925 380 2976 jussu
404 2927 570 2965 Joannis
594 2928 720 2966 XXII.
757 2927 902 2965 librum
931 2926 1080 2965 Morali—

125 2993 253 3029 tatum
283 2989 346 3028 cui
372 2988 514 3028 titulus
552 2990 700 3028 Lumen
731 2988 860 3041 fidelis
898 2988 1080 3036 animae,

124 3051 261 3090 ordine
285 3050 483 3101 digestum
510 3051 779 3103 Alphabetico.
804 3052 949 3091 Prodiit
979 3052 1078 3090 1477

122 3113 279 3154 duobus
295 3113 582 3152 voluminibus.
598 3113 693 3152 Vide
713 3113 932 3164 Launojurn
950 3113 998 3153 de
1013 3126 1082 3153 au-

125 3181 234 3215 ctore
261 3175 449 3214 librorum
476 3175 524 3213 de
551 3175 769 3214 imitatione
790 3177 941 3215 CIIriSti
968 3188 1002 3226 p.
1029 3175 1080 3214 94

126 3250 209 3290 seq.
230 3243 270 3277 et
294 3237 342 3276 de
364 3237 452 3288 ejus
487 3237 681 3288 exemplis
724 3242 955 3276 naturarum
995 3239 1079 3276 alii-

126 3312 225 3352 sque
242 3301 402 3351 scriptis
416 3305 455 3339 et
474 3299 724 3338 versionibus
742 3300 1004 3339 Possevinum
1022 3305 1079 3338 at-

125 3375 202 3415 que
228 3363 446 3415 Alegrium.

1214 298 1386 347 Magistri
1411 296 1658 338 MATTHIAE
1695 291 1872 335 Hillarcli
1903 293 1953 332 de
1992 293 2110 342 Lege-

1156 359 1258 407 nitz‚
1285 361 1466 400 Postillae
1491 372 1612 411 super
1638 358 1834 410 IIpistolas
1846 356 2110 396 Dominicales

1154 421 1284 459 MStae
1309 423 1345 460 in
1372 422 1468 461 Bibl.
1496 422 1655 461 Paulina
1693 421 1912 473 Lipsiensi‚
1937 423 2040 458 teste
2066 421 2106 457 Β.

1156 483 1306 522 Fellero
1336 496 1372 535 p.
1407 485 1492 523 179.

1207 546 1468 586 MATTIIIAS
1491 559 1517 584 a
1541 547 1695 585 Michou
1711 579 1720 595 ,
1743 549 1828 586 sive
1848 545 1894 586 de
1915 544 2111 586 Michovia

1156 609 1383 648 Canonicus
1408 614 1447 647 et
1464 609 1639 649 Medicus
1656 611 1936 650 Cracoviensis
1953 610 2112 660 scripsit

1158 671 1355 712 Chronica
1378 683 1517 710 rerum
1542 672 1834 720 Polonicarum,
1860 672 1987 711 dicata
2013 673 2113 723 Sigi-

1156 734 1329 773 Smunde
1353 735 1472 785 Regi,
1497 739 1538 774 et
1561 735 1783 774 desinentia
1810 737 1845 773 in
1874 736 1986 774 Anno
2009 735 2111 774 1506

1156 797 1266 835 libris
1304 797 1366 836 IV.
1411 797 1626 837 Cracoviae
1668 799 1784 837 ⁴521.
1824 798 1883 836 sol.
1909 803 1949 836 et
1980 798 2111 836 ltalice

1157 859 1353 899 Annibale
1378 862 1501 911 Maggi
1525 862 1741 911 interprete
1758 861 1896 898 Venet.
1921 860 2022 900 4562
2047 860 2109 898 fol.

1154 923 1345 973 Ejusdem
1371 925 1556 963 Matthiae
1581 923 1628 962 (le
1657 923 1864 963 Sarmatia
1903 922 2053 961 Asiana
2078 926 2116 960 et

1154 986 1367 1037 Europaea
1396 987 1516 1025 libros
1540 987 1642 1027 duos
1679 986 1802 1025 habes
1829 987 1864 1023 in
1891 987 1948 1023 .Ιο.
1987 987 2114 1024 {lutti-

1154 1049 1229 1087 chii
1254 1049 1415 1098 Sylloge
1441 1051 1739 1101 navigationum
1766 1054 1806 1087 et
1834 1050 2017 1087 itinerum
2044 1051 2116 1087 Ba-

1153 1113 1210 1150 sil.
1238 1112 1340 1151 4536
1363 1112 1424 1150 fol.
1448 1123 1533 1163 pag.
1551 1112 1641 1150 482.
1664 1113 1757 1149 etin
1777 1112 1836 1148 .Ιο.
1857 1112 2009 1149 I‘istorii
2026 1122 2109 1149 cor-

1154 1186 1247 1225 pore
1273 1176 1463 1213 Historiae
1490 1175 1693 1212 l'olonicae
1724 1178 1820 1211 toni.
1847 1174 1881 1211 4.
1905 1185 1993 1224 pag.
2024 1174 2112 1213 424.

1155 1237 1245 1275 ⁴50.
1270 1237 1385 1275 Basil.
1420 1237 1533 1276 ⁴582.
1567 1237 1630 1275 fol.

1201 1299 1456 1337 MATTHIAS
1474 1298 1689 1338 Monachus
1713 1300 1751 1338 S.
1775 1299 1943 1338 Martini
1960 1301 2107 1338 Torna—

1154 1362 1287 1399 censis
1327 1361 1442 1411 (quod
1490 1362 1723 1400 coenobium
1768 1363 1902 1401 seculo
1941 1363 2112 1413 septimo

1152 1422 1356 1461 conditum
1381 1435 1404 1462 a
1429 1424 1466 1462 S.
1493 1424 1617 1473 Eligio
1634 1425 1829 1475 Episcopo
1843 1425 2109 1473 Noviomensi)

1155 1486 1314 1535 scripsit
1339 1484 1378 1523 in
1401 1485 1590 1536 Requlam
1613 1487 1653 1526 S.
1676 1486 1884 1525 Benedicti.

1208 1548 1463 1586 MATTIIIAS
1487 1547 1719 1587 Palmerius
1748 1550 1937 1596 Pisanus,
1968 1549 2117 1588 Abbre-

1155 1610 1282 1648 viator
1308 1615 1347 1648 et
1376 1611 1626 1650 Secretarius
1662 1612 1864 1650 Pontificis
1894 1612 2112 1651 defunctus

1155 1672 1229 1712 An.
1257 1674 1372 1712 1483.
1397 1673 1446 1712 de
1476 1686 1554 1724 quo
1589 1676 1645 1712 .Ιο.
1686 1675 1919 1724 Ciampinus
1949 1673 1997 1712 de
2038 1675 2114 1713 Ab·

1156 1736 1447 1775 breviatoribus
1472 1737 1520 1776 de
1547 1739 1665 1777 Pareo
1690 1737 1848 1787 Majori,
1876 1739 1921 1776 II.
1946 1749 1984 1788 p.
2008 1738 2115 1777 XIII.

1155 1805 1196 1839 et
1219 1801 1394 1839 Diarium
1420 1800 1666 1839 eruditorum
1687 1801 1821 1840 Italiae
1847 1806 1942 1839 tom.
1964 1802 2052 1840 XX.
2078 1814 2113 1852 p.

1160 1864 1248 1903 402.
1271 1875 1354 1914 seq.
1381 1865 1507 1902 Vertit
1531 1876 1551 1902 e
1575 1865 1725 1903 Graeco
1758 1866 1895 1903 Latine
1934 1864 2118 1904 Aristeae

1160 1926 1373 1966 historiam
1382 1926 1429 1965 de
1439 1927 1541 1966 LXX.
1559 1925 1860 1979 Interpretibus.
1879 1939 1980 1977 quae
1999 1928 2117 1967 Paulo

1160 1991 1207 2029 ΙΙ.
1231 1990 1359 2029 dicata
1383 1991 1528 2041 prodiit
1553 1993 1724 2041 primum
1751 1992 1787 2028 in
1813 1990 1948 2029 Bibliis
1967 1993 2116 2030 Latinis

1159 2056 1321 2092 excusis
1341 2055 1486 2092 Romae
1514 2054 1616 2093 4472
1637 2054 1687 2092 fol
1725 2054 1899 2094 Norimb.
1926 2055 2028 2093 4575
2054 2055 2116 2093 fol.

1161 2118 1284 2156 Paris.
1311 2118 1426 2156 1511.
1453 2118 1489 2155 4.
1522 2117 1665 2155 deinde
1705 2129 1845 2156 recusa
1884 2119 2043 2168 saepius
2074 2121 2118 2156 ut

1161 2181 1294 2218 notavi
1322 2181 1359 2217 in
1385 2180 1482 2218 Bibl.
1506 2180 1655 2218 Graeca
1682 2181 1745 2219 III.
1770 2192 1854 2231 cap.
1882 2183 1944 2220 11.
1969 2193 2004 2231 p.
2025 2180 2115 2219 317.

1159 2243 1296 2281 Versio
1338 2241 1732 2293 Meteoroloqicorum
1761 2242 1987 2282 Aristotelis
2015 2255 2116 2294 quae

1161 2306 1360 2344 Manuscr.
1387 2306 1422 2343 in
1448 2306 1529 2343 Bib.
1557 2307 1673 2356 Regia
1692 2307 1811 2344 Paris.
1836 2311 1875 2344 et
1893 2304 1991 2344 libri
2010 2304 2120 2344 serti

1160 2366 1371 2414 Herodoti,
1393 2378 1513 2417 quam
1551 2369 1744 2407 Manuscr.
1788 2373 1923 2407 servat
1960 2368 2118 2406 Bibliot-

1163 2430 1259 2468 heca
1287 2430 1472 2468 Vaticana
1489 2461 1499 2477 ,
1527 2429 1656 2468 lucem
1688 2430 1856 2469 necdum
1878 2430 1991 2478 vidit,
2014 2431 2116 2468 sicut

1160 2503 1233 2530 nec
1271 2491 1438 2530 historia
1474 2490 1566 2530 belli
1596 2491 1750 2539 Italici,
1776 2491 1893 2542 cujus
1918 2494 1954 2530 in
1993 2493 2116 2541 epita—

1159 2554 1250 2605 phio
1267 2553 1354 2604 ejus
1380 2554 1421 2592 lit
1447 2557 1606 2592 mentio.
1647 2556 1701 2592 De
1726 2555 1856 2592 labore
1877 2565 1954 2604 quo
1987 2553 2113 2593 Chro-

1157 2616 1270 2654 m'con
1295 2615 1491 2655 Matthaei
1513 2615 1702 2654 Palmerii
1718 2617 1765 2654 ab
1781 2628 1843 2654 an.
1868 2617 1968 2654 1449
1994 2615 2040 2653 ad
2063 2616 2110 2654 A.

1159 2679 1276 2717 1481.
1293 2679 1554 2724 continuavit,
1573 2689 1673 2727 quae
1691 2679 1810 2716 etiam
1829 2679 1987 2728 saepius
2008 2677 2112 2716 edita

1161 2741 1232 2779 fuit
1270 2741 1543 2787 continuatio,
1584 2739 1662 2778 dixi
1700 2751 1817 2789 supra
1857 2752 1939 2789 pag.
1981 2739 2044 2778 49.
2075 2742 2111 2777 in

1157 2801 1352 2842 Matthaeo
1381 2801 1589 2841 Palmerz'o.
1609 2803 1690 2848 (2⁴14
1717 2802 1799 2839 vid.
1820 2803 1976 2840 Bostivri
1996 2803 2113 2849 (Ant.)

1160 2870 1254 2903 torn.
1287 2866 1335 2903 III
1367 2866 1439 2915 Op.
1471 2863 1628 2903 Illas-‘tri
1658 2863 1795 2903 Pisani
1831 2868 1868 2902 et
1910 2864 2112 2914 Bioyrafia

1156 2926 1222 2965 (lei
1239 2927 1376 2966 Pisani
1394 2926 1550 2965 Illustri
1562 2925 1749 2965 detineo-ti
1775 2926 1825 2965 (Ia
1848 2927 1878 2965 F
1881 2926 1961 2965 ercl.
1989 2926 2113 2966 Gras-

1154 2990 1243 3030 sz'ni.
1277 2992 1371 3029 Pisa
1404 2992 1521 3030 1838.

1207 3054 1464 3093 MATTIIIAS
1495 3053 1750 3099 Ρανίείθιιείε,
1776 3063 1893 3102 supra
1916 3051 2104 3091 :llatthias

1154 3114 1360 3154 Bohemus.

1205 3178 1460 3217 MATTIIIAS
1498 3178 1668 3219 Svecns.
1705 3177 1752 3215 de
1791 3189 1869 3228 quo
1904 3188 2023 3228 supra
2069 3178 2105 3215 in

1154 3240 1315 3284 Brigitta
1342 3240 1502 3277 Svecica
1531 3244 1621 3276 toni.
1654 3241 1684 3278 1.
1716 3251 1800 3290 pag.
1827 3240 1916 3278 2³59.

1205 3301 1375 3339 ,loannes
1396 3300 1645 3339 MATTnLtS
1680 3299 1892 3340 Tiberinus.
1920 3302 2045 3352 Supra
2072 3307 2101 3340 t.

1161 3363 1221 3400 lY.
1246 3374 1331 3413 pag.
1358 3363 1445 3400 387.
