2533 4009
471 240 547 277 :200

472 320 558 357 ρῃῘ-ν,
577 308 662 345 4513,
689 305 750 341 ubi
779 307 982 349 perperam
1004 304 1200 332 excusum
1229 294 1338 332 Petri
1357 296 1426 333 Re-

473 356 642 406 ymssncm‘i
669 370 866 401 sermones
895 357 941 393 (Ic
969 354 1093 405 festis.

526 424 714 466 vm'utjs
744 416 973 468 Quescellus
1002 415 1181 465 Anglus,
1207 415 1427 464 Theologus

471 496 506 527 ot
536 482 851 526 jurisconsultus
875 477 997 516 Ordin
1016 478 1149 514 Minor.
1169 478 1206 513 in
1230 476 1428 514 Coenobio

471 545 696 589 §tu-vicensi
729 543 814 580 Sec.
855 540 940 578 XV.
970 538 1130 587 scripsit
1166 541 1268 575 teste
1299 538 1427 575 Pitseo

471 607 667 659 1³²¹?-'·*89⁰·
697 605 749 640 De
771 602 818 639 iis
837 631 844 646 ,
868 611 970 651 quae
999 598 1053 636 ad
1070 599 1143 636 Jus
1169 602 1206 636 et
1227 597 1427 636 Judicium

469 670 669 719 spectant,
691 663 870 702 ordinate
902 659 1132 711 diriqendis.
1164 659 1427 698 Directorium

465 730 577 767 Juris
610 730 645 765 in
676 727 756 764 foro
782 724 1063 764 Conscientiae
1093 726 1133 760 et
1156 722 1363 769 Judieiali,
1393 724 1428 770 a)

469 792 577 829 libris
601 789 661 826 lv.
695 787 749 824 De
779 796 934 824 summa
969 784 1160 821 Trinitace
1190 787 1225 821 ec
1251 782 1326 833 fide
1355 783 1430 822 Ca-

468 850 608 889 tlzolica
639 855 679 886 et
709 848 756 886 de
787 854 935 897 sepiem
960 844 1258 884 snei-amentis.
1288 845 1340 882 De
1365 844 1431 882 iis-

466 915 550 952 dem
566 910 838 952 Sam-amentis
856 905 1429 956 mlnistramiisetaccipiendis:

465 981 503 1013 ct
529 974 575 1013 de
600 970 834 1011 criminibus
851 981 954 1020 quae
974 969 1000 1005 ὰ
1019 966 1288 1007 Sacramentis
1313 967 1432 1017 impe-

465 1037 599 1081 diunt,
631 1039 669 1072 et
691 1033 736 1072 (le
757 1032 893 1083 poenis
924 1030 1060 1068 iisdem
1090 1027 1350 1080 injunqendis.

492 1097 685 1137 I’ETRUS
700 1096 922 1138 Ravenna-s,
937 1091 1039 1129 idem
1056 1102 1148 1130 cum
1167 1090 1286 1128 Petro
1306 1088 1431 1140 Chry—

465 1158 592 1208 soloqo
621 1157 669 1193 de
694 1166 772 1205 quo
797 1164 916 1204 supra
935 1158 963 1190 t.
984 1154 1018 1191 ¹l.
1040 1164 1075 1202 p.
1094 1152 1182 1190 350.
1201 1163 1222 1190 e
1240 1157 1269 1190 t.
1285 1152 1322 1189 5.
1340 1151 1408 1190 244
1422 1179 1430 1188 .

520 1220 538 1239 ¹*
556 1220 644 1257 Fuit
660 1223 699 1255 et
723 1216 825 1255 alter
849 1216 990 1253 Petrus
1008 1214 1232 1259 Ravennas,
1255 1213 1320 1262 qui
1343 1216 1432 1262 post

467 1282 641 1320 medium
677 1281 786 1318 Sacc.
827 1277 910 1315 XV.
942 1276 1086 1314 ssoruit.
1109 1276 1268 1313 Praeter
1287 1279 1432 1313 tracta-

466 1343 632 1389 tumste
649 1340 839 1378 memoria
852 1349 929 1387 qua
949 1337 1104 1375 valebat
1121 1335 1166 1374 ad
1189 1336 1424 1374 miraculum

465 1404 574 1442 (ledit
604 1402 817 1451 Utriusque
832 1401 921 1437 Jur.
943 1397 1198 1449 Compendz'a,
1227 1398 1430 1436 Commen-

466 1465 616 1503 tarium
637 1465 672 1501 in
693 1462 820 1507 feuda,
841 1460 953 1498 Juris
972 1457 1232 1509 sllpliabetum
1255 1462 1292 1496 et
1312 1459 1429 1496 inler-

460 1525 703 1577 pretationes
732 1521 885 1573 amplas
918 1521 955 1558 in
979 1519 1174 1571 quasdam
1194 1519 1308 1570 juris
1326 1519 1428 1557 Pon-

465 1585 852 1637 tificiicostitutiones
877 1584 930 1621 ait
947 1582 1175 1621 Pancirolus
1193 1582 1306 1619 Libro
1331 1582 1367 1618 2.
1392 1593 1423 1619 c.

469 1649 552 1685 138.
589 1647 794 1685 Pelbartus
828 1647 865 1682 in
898 1645 1070 1694 pomario
1110 1644 1291 1681 meminit
1318 1644 1420 1681 Pet-ri

463 1709 679 1748 cuiusdam
712 1706 1035 1744 llavennatensis
1059 1705 1174 1742 cuius
1210 1708 1295 1741 erat
1326 1703 1422 1740 liber

463 1770 508 1808 de
529 1770 651 1819 yestis
668 1765 920 1805 notabilibus.
944 1765 1018 1804 An.
1039 1765 1140 1803 idem
1168 1766 1221 1801 sit
1237 1775 1328 1802 cum
1355 1763 1427 1801 boe

461 1830 566 1868 Juris
591 1828 751 1866 doctore
783 1827 949 1875 ambigo.
982 1824 1077 1863 Vide
1100 1822 1243 1862 ibidem
1271 1833 1422 1860 sermo-

464 1902 555 1928 nem
587 1890 635 1927 de
667 1889 705 1927 S.
752 1887 977 1927 Catberina.
1020 1887 1128 1923 Inter
1165 1884 1263 1923 haee
1309 1894 1424 1933 opera

464 1954 571 2001 typis
599 1949 790 2002 prodiisse
807 1953 964 1987 constat
979 1947 1086 1985 Juris
1103 1946 1359 1996 alphabetum
1384 1946 1420 1982 in

467 2013 501 2048 8.
533 2011 606 2048 An.
639 2010 753 2047 4511.
786 2008 871 2045 sine
902 2006 997 2044 loco.

517 2071 713 2109 PETRUS
743 2067 980 2114 manandi,
1006 2067 1054 2105 de
1094 2067 1228 2104 Insula
1254 2076 1391 2116 grassa
1414 2094 1421 2109 ,

463 2134 630 2179 Gallus,
668 2130 968 2169 Carmelitarum
1006 2129 1054 2166 ab
1079 2127 1193 2165 Anno
1231 2127 1347 2166 4343.
1376 2126 1424 2164 ad

466 2195 582 2234 4355.
613 2192 819 2232 Generalis
844 2191 1002 2239 scripsit
1028 2190 1067 2227 in
1099 2190 1163 2227 IV.
1190 2187 1312 2227 libros
1332 2190 1426 2228 Sen-

465 2256 688 2294 tentiarum.
716 2254 810 2291 Vide
832 2252 1093 2290 Trithemium
1118 2262 1202 2301 cap.
1225 2252 1314 2289 603.
1337 2250 1428 2289 Ale-

468 2320 595 2368 grium
623 2328 708 2366 pag.
731 2315 822 2352 292·

520 2378 714 2417 PETRUS
732 2377 945 2414 Ransanus
971 2376 1057 2413 sive
1082 2376 1300 2413 Ranzanus
1322 2374 1429 2411 nobi-

464 2441 512 2478 lis
553 2439 858 2476 panormitanus
875 2467 883 2483 ,
928 2436 1087 2475 Siculus
1107 2465 1115 2482 ,
1154 2435 1250 2473 Ord.
1291 2434 1426 2473 Praed.

465 2501 618 2539 Siculae
641 2500 870 2538 Provinciae
890 2498 1060 2548 praefuit
1076 2498 1124 2536 ab
1141 2497 1185 2535 A.
1205 2498 1320 2536 4457.
1339 2497 1431 2547 Epi-

466 2572 610 2612 scopus
653 2561 906 2599 Luceriensis
936 2560 984 2597 ab
1028 2560 1073 2598 A.
1116 2559 1233 2598 4478.
1262 2558 1351 2596 inde
1380 2557 1429 2596 ad

465 2624 668 2663 Matthiam
702 2623 921 2661 Corvinum
954 2622 1178 2672 IIungariae
1202 2622 1348 2670 Regem
1376 2619 1430 2657 le-

463 2691 578 2735 gatus
606 2696 674 2734 per
698 2684 942 2731 triennium,
979 2682 1083 2720 diem
1121 2683 1216 2720 obiit
1234 2680 1280 2720 A.
1312 2681 1427 2720 4492.

463 2748 510 2784 de
541 2756 619 2795 quo
650 2744 860 2793 diligenter
895 2749 939 2781 ut
977 2744 1078 2782 solet
1102 2744 1300 2782 Antonius
1320 2744 1426 2781 Mon-

464 2810 564 2858 gitor
589 2810 681 2843 tom.
708 2806 744 2842 2.
770 2804 952 2842 Biblioth.
980 2805 1135 2844 Siculae
1162 2817 1197 2854 p.
1225 2806 1314 2843 455.
1338 2814 1421 2852 seq.

464 2874 503 2906 et
529 2868 701 2906 Jacobus
721 2866 963 2911 Quotiftom.
987 2868 1022 2904 1.
1047 2877 1132 2915 pag·
1158 2866 1246 2903 876.
1266 2876 1350 2914 seq.
1374 2877 1423 2902 ex

464 2941 541 2980 quo
559 2930 734 2967 notitiam
749 2928 986 2976 scriptorum
1006 2927 1093 2976 ejus
1110 2928 1258 2964 referre
1280 2927 1421 2976 placet.

519 2992 554 3029 4.
587 2991 903 3029 Commentarius
933 2988 979 3026 de
1007 2987 1137 3027 Rebus
1181 2986 1422 3037 Hunqaricss

464 3052 647 3089 Matthiae
667 3052 837 3090 Corvino
865 3050 1090 3100 llungariae
1115 3049 1194 3099 regi
1219 3059 1422 3098 nuncupa-

467 3116 544 3158 tus,
565 3113 659 3150 dum
678 3111 780 3162 apud
800 3123 890 3150 eum
910 3113 1013 3162 regis
1024 3108 1422 3149 SieiliaeFerdinandi

489 3204 522 3239 a)
542 3204 706 3235 Velamen
720 3207 859 3245 inqens,
869 3211 902 3237 et
915 3207 1030 3246 stylus
1049 3211 1191 3246 praeter
1208 3207 1428 3238 Juristarum

465 3254 751 3284 consuetudinem
770 3256 912 3294 eleqans
927 3257 1038 3295 judice
1056 3255 1241 3295 Waddingo
1260 3263 1337 3296 pag.
1350 3255 1426 3287 ⁶288.

465 3301 522 3336 qui
542 3300 661 3330 evolvit
680 3303 712 3331 in
731 3304 887 3335 nililiotli.
904 3306 1062 3337 vaticana
1079 3308 1110 3336 et
1128 3306 1425 3336 {franciscanorum

1319 224 1602 263 PETRUS

1502 294 1737 342 legationem
1754 294 1892 331 obiret.
1904 295 1961 332 Ex
1979 295 2152 333 auctoris
2163 293 2459 333 CodManuser.

1503 354 1609 403 typis
1625 353 1766 403 prodiit
1781 365 1871 392 eum
1891 355 1978 393 aliis
1995 355 2458 404 Rei-umilungaricarum

1502 415 1762 464 scriptoribus
1777 416 1941 453 Joannis
1961 415 2157 464 Sambuci,
2173 417 2457 464 Timaviensis,

1503 476 1574 512 viri
1599 475 1857 513 eruditissimi
1887 477 1997 514 curis
2025 481 2066 515 et
2095 476 2254 523 studio,
2285 475 2459 514 Viennae

1502 537 1688 574 Austriae
1731 536 1844 574 4558.
1888 536 1951 573 fol.
1981 538 2080 575 Tum
2119 541 2256 587 postea
2293 540 2460 575 curante

1499 599 1650 635 100000
1674 596 1914 646 Bongarsio,
1954 597 2129 635 Francof.
2163 597 2211 636 ad
2249 598 2458 645 Moenum,

1502 659 1609 708 typis
1632 657 1803 696 Veehelii
1824 656 1938 696 4600.
1963 657 2027 694 fol.
2044 657 2153 702 Quod
2170 669 2270 708 opus
2295 657 2461 697 Sambu-

1503 731 1574 757 cus
1590 719 1756 769 epistola
1773 718 1820 756 ad
1837 718 2147 757 Maximilianum
2164 730 2295 770 regem
2317 731 2342 770 p
2369 719 2459 758 200.

1503 781 1653 830 prolixe
1695 791 1751 819 sic
1780 779 2058 818 commendat:
2089 778 2163 818 Hic
2190 791 2284 818 vero
2321 784 2463 819 auctor

1507 843 1727 881 Bauzanus
1762 853 1834 892 per
1873 839 2019 879 indices
2051 839 2241 892 quosdam
2270 852 2408 893 requm
2437 842 2463 879 ὰ

1504 903 1683 941 Bealrice
1707 901 1787 941 sibi
1804 903 1970 941 Viennae
1989 901 2102 941 datos
2125 913 2180 940 ecc
2200 900 2338 941 iisdem
2361 902 2463 942 unde

1506 964 1705 1015 Bonfinius
1725 976 1801 1003 sua
1826 964 2117 1015 descripserat,
2142 963 2199 1002 ita
2215 961 2396 1014 deduxit,
2421 967 2466 1001 ut

1505 1026 1576 1077 qui
1589 1025 1637 1064 de
1652 1024 2020 1076 rebusllunqaricis
2035 1023 2188 1076 aliquid
2191 1023 2466 1077 prodiderunt,

1504 1086 1615 1126 nulla
1659 1100 1713 1126 ex
1754 1090 1871 1139 parte
1898 1087 1952 1126 su
1987 1085 2287 1139 postponendus.
2312 1085 2466 1125 Etenim

1505 1148 1577 1187 lzac
1589 1147 1780 1188 brevitate
1787 1152 1928 1187 cuncta
1943 1147 2140 1200 eleqanter
2156 1151 2216 1186 est
2225 1146 2465 1199 complexus,

1504 1220 1551 1247 ac
1571 1209 1634 1247 nih
1643 1208 1671 1248 il
1686 1209 1792 1261 quod
1806 1210 1845 1248 in
1861 1209 2032 1248 historia
2047 1208 2292 1260 requiritur,
2308 1208 2465 1259 uspiam

1506 1271 1647 1310 omisit.
1673 1271 1804 1322 Atque
1837 1270 1906 1310 hoc
1930 1270 2083 1309 nomine-
2113 1269 2175 1309 hic
2203 1271 2378 1321 scriplor
2405 1270 2469 1309 vel

1500 1331 1717 1382 praecipue
1756 1331 2044 1383 coqnoscendus
2061 1362 2071 1380 ,
2103 1330 2207 1383 quod
2248 1330 2385 1382 aliqua
2429 1330 2468 1369 in

1505 1393 1678 1444 Bonfinio
1692 1393 1756 1432 vel
1771 1394 1995 1444 interrupta
2005 1391 2068 1432 vel
2080 1391 2264 1432 mendosa
2282 1390 2467 1431 librario-

1504 1467 1597 1493 rum
1626 1455 1785 1494 incuria
1811 1466 1900 1493 cum
1923 1455 2027 1503 sint,
2053 1453 2114 1493 hic
2143 1454 2314 1493 omnium
2335 1453 2468 1492 admo-

1502 1517 1592 1554 neri
1605 1549 1615 1564 ‚
1634 1521 1673 1555 ec
1687 1528 1762 1554 non
1771 1528 1920 1567 parum
1937 1515 1991 1554 ad
2005 1515 2203 1555 sinceram
2219 1519 2257 1554 et
2274 1516 2467 1567 inteqram

1500 1578 1680 1617 veritatis
1704 1578 1960 1628 coquitionem
1979 1577 2129 1628 Juvari
2149 1588 2357 1628 queamus.
2381 1577 2468 1616 Non

1503 1639 1649 1678 idcirco
1681 1643 1809 1678 tamen
1847 1639 2046 1690 Bonfinius
2078 1639 2158 1691 ipse
2184 1638 2461 1690 neqliqendus,

1501 1702 1572 1752 qui
1592 1700 1832 1753 amplissime
1852 1712 1917 1739 res
1937 1712 2093 1752 quoque
2116 1704 2308 1739 coeternas
2327 1711 2466 1752 prose-

1502 1766 1616 1800 cutus
1633 1767 1692 1801 esc
1716 1791 1723 1810 ,
1740 1761 1811 1800 sed
1825 1760 1872 1800 ob
1898 1760 2130 1801 brevitatem
2149 1760 2211 1799 hic
2228 1761 2345 1800 etiam
2364 1773 2465 1801 com-

1511 1821 1768 1871 mcndabilis,
1790 1826 1827 1861 et
1854 1822 1894 1860 in
1912 1821 2150 1873 quibusdam
2174 1821 2328 1860 omnino
2344 1834 2465 1874 prae-

1499 1883 1704 1935 ferendus.
1725 1884 1805 1932 Qui
1822 1895 1910 1922 cuni
1932 1883 2000 1922 diu
2026 1883 2209 1922 latuisset
2230 1885 2246 1933 (
2258 1883 2320 1922 uli
2333 1883 2463 1922 adhuc

1498 1945 1655 1996 reliqua
1672 1946 1757 1997 ejus
1773 1945 2078 1993 desiderantur,
2095 1945 2238 1997 quippe
2256 1946 2324 1996 qui
2337 1956 2465 1984 anna-

1499 2006 1552 2046 les
1577 2007 1751 2045 omnium
1781 2011 2001 2057 temporum
2031 2005 2143 2046 alios.
2173 2009 2252 2046 LX.
2289 2011 2326 2046 et
2359 2006 2460 2046 hunc

1504 2071 1600 2108 LXI.
1633 2072 1670 2107 et
1706 2068 1888 2107 ultimum
1925 2067 2133 2119 reliquerit
2143 2070 2159 2118 )
2198 2069 2225 2107 ὰ
2252 2081 2312 2108 me
2340 2081 2461 2120 opera

1498 2130 1750 2181 quorundam
1772 2129 1995 2168 amicorum
2015 2128 2181 2180 denique
2201 2128 2326 2168 lucem
2354 2131 2462 2182 aspi-

1498 2191 1578 2238 cit,
1607 2191 1767 2242 diqnum
1795 2191 1866 2242 qui
1893 2193 1983 2229 ante
2013 2190 2165 2242 Bonfini
2188 2189 2360 2230 natalem
2389 2204 2460 2244 ap-

1496 2253 1728 2304 paruisset..
1761 2254 1870 2299 Quae
1895 2265 1943 2292 ex
1971 2253 2169 2292 Sambueo
2193 2253 2315 2292 refert
2343 2254 2463 2305 Sigis-

1502 2315 1678 2354 mundus
1704 2316 1909 2353 Ferrarius
1938 2313 2033 2353 Ord·
2063 2313 2203 2354 Praed.
2233 2314 2325 2353 Hist
2343 2325 2460 2366 prov.

1504 2376 1630 2426 Hunq.
1649 2387 1685 2426 p.
1712 2377 1801 2415 454.
1827 2377 1911 2415 Non
1937 2374 2206 2414 omittendum
2224 2377 2299 2414 etsi
2324 2387 2373 2414 ex
2399 2377 2463 2414 iis-
2532 2407 2533 2412 ,

1504 2437 1593 2475 dem
1621 2438 1795 2476 fontibus
1822 2441 1901 2475 tam
1929 2438 2166 2485 Ranzanus,
2188 2447 2309 2487 quam
2333 2437 2462 2476 Bonfi-
2531 2456 2533 2466 ι

1506 2501 1595 2539 nius
1606 2511 1700 2539 suos
1718 2500 1914 2539 ediderint
1929 2500 2256 2548 commentarios,
2273 2504 2458 2540 neutrum

1503 2563 1552 2601 ab
1593 2563 1716 2601 altero
1760 2562 1963 2611 accepisse
1982 2590 1991 2607 ,
2035 2561 2232 2612 siquidem
2274 2562 2461 2612 aequales

1502 2628 1616 2662 erant
1633 2652 1640 2670 ,
1659 2623 1749 2661 licet
1765 2624 1976 2661 Ranzanus
1993 2623 2108 2672 paulo
2126 2623 2258 2661 senior
2275 2627 2459 2663 mortuus

1500 2696 1604 2723 anno
1628 2685 1742 2723 4492.
1765 2696 1856 2723 eum
1877 2683 2100 2722 Bonfinium
2116 2682 2164 2722 ad
2183 2685 2298 2724 4495.
2320 2695 2460 2735 perve-

1500 2747 1607 2784 nisse
1630 2750 1803 2784 narrent.
1831 2744 1964 2783 Indice
1988 2745 2149 2784 XXVII.
2172 2746 2385 2785 Ranzanus
2404 2747 2459 2785 ait

1498 2818 1541 2845 se.
1579 2809 1724 2845 Romae
1762 2806 1962 2853 adfuisse,
1984 2816 2074 2844 eum
2096 2805 2215 2855 jussu
2244 2806 2387 2846 Nicolai
2412 2797 2458 2846 V.

1496 2868 1518 2905 a
1540 2872 1756 2918 purpurato
1781 2866 2049 2906 Cardinalium
2067 2871 2210 2907 senatu
2225 2868 2457 2908 solemniter

1496 2934 1536 2966 et
1575 2928 1782 2978 magnifice
1818 2929 1958 2966 Joanni
2000 2928 2172 2968 Huniadi
2203 2934 2455 2980 parentatum

1496 2995 1557 3027 est
1587 3001 1691 3028 anno
1723 2989 1840 3028 4456.
1865 2989 1947 3028 llos
1977 3001 2071 3028 vcro
2098 2989 2248 3030 indices
2270 2989 2453 3030 XXXVI.

1497 3063 1587 3089 nam
1609 3053 1755 3090 caeteri
1781 3056 1877 3090 sunt
1901 3051 2086 3090 Sambuci
2107 3052 2305 3102 ,seribere
2329 3064 2372 3091 se
2396 3056 2454 3091 te-

1497 3117 1626 3152 statur
1650 3124 1753 3152 anno
1779 3113 1895 3152 4488.

1489 3207 1657 3240 'toletana
1676 3212 1720 3239 De
1746 3208 1823 3239 aliis
1841 3208 2022 3241 codicibus
2040 3208 2274 3249 manuscriptis
2291 3209 2366 3242 vide
2388 3211 2459 3242 Ou-

1489 3257 1607 3289 dinum
1624 3262 1705 3290 tom.
1733 3258 1763 3288 5.
1785 3266 1862 3298 pag.
1882 3257 1973 3290 1168.
2502 3259 2503 3262 ’
