2533 4009
456 237 506 276 54
1019 236 1023 238 ⁷
1202 229 1670 270 MATTHAEUS

454 307 639 346 Matthaei
683 303 987 343 vindocinensis
1027 301 1075 340 de
1107 302 1335 353 aequivocis
1364 304 1402 340 in

456 371 551 409 Bibl.
584 370 700 420 Regis
729 367 875 405 Galliae
905 370 944 402 et
970 364 1220 402 Bibliotheci's
1243 364 1404 414 Angliae

452 435 646 472 Manuser.
687 429 776 467 vide
815 427 959 465 Oudini
1005 432 1100 465 tom.
1131 427 1166 464 3.
1199 438 1284 477 pag.
1317 427 1405 464 484.

455 497 537 534 Non
565 505 660 531 vero
682 492 874 530 Poetriam
901 491 921 528 a
946 489 1068 528 Tobia
1088 488 1288 527 diversam
1304 489 1407 528 Dau-

453 559 557 595 mius
582 555 890 603 Manuscriptam
923 552 1084 598 habuit,
1116 552 1170 590 uti
1203 551 1345 602 legitur
1367 552 1402 588 in

451 617 689 658 Bibliotheca
732 617 887 654 curiosa
931 611 1200 661 Hallervordi';
1234 612 1304 651 sed
1334 614 1406 651 To-

451 682 553 719 biam
585 677 914 725 vindocinensis,
941 681 981 716 et
1011 676 1045 715 id
1079 678 1208 727 ipsum
1239 676 1406 714 fortasse

450 745 647 781 Manuscr.
676 740 779 792 quod
811 752 832 779 a
863 740 1050 778 Gevartio
1081 739 1264 778 Barthius
1293 749 1403 777 acce-

452 809 588 855 perat,
619 816 668 842 ex
699 814 776 853 quo
800 807 962 841 centum
987 802 1145 840 circiter
1172 811 1313 839 versus
1337 800 1406 838 ali-

451 872 549 917 quot
579 867 675 904 locis
704 865 927 904 emendatis
958 865 1126 902 inseruit
1157 863 1222 901 lib.
1258 862 1404 901 XXXI.

450 929 782 968 Adversariorusn
827 929 955 978 capite
1003 927 1164 965 ultimo:
1198 925 1260 962 ubi
1308 925 1407 960 inte-

452 1003 566 1043 grum
599 991 932 1029 Vindocinensem
960 988 1161 1027 editurum
1193 997 1235 1024 se
1258 985 1407 1035 recepit

452 1056 489 1092 in
520 1064 682 1105 corpore
703 1053 881 1090 omnium
909 1052 1114 1088 Poetarum
1135 1079 1142 1096 ,
1164 1047 1267 1099 quod
1294 1058 1408 1086 secu-

452 1117 500 1155 lis
530 1116 764 1154 distinctum
798 1114 922 1151 moliri
954 1123 996 1150 se
1027 1116 1200 1149 testatus
1229 1115 1303 1149 est.
1335 1112 1407 1149 Ta-

451 1179 565 1217 metsi
598 1188 692 1214 vero
722 1187 866 1226 corpus
898 1174 990 1214 illud
1027 1176 1235 1212 Poetarum
1274 1173 1404 1212 lucem

449 1252 526 1279 non
557 1239 767 1289 adspexit,
804 1240 978 1276 Joannes
1020 1242 1154 1275 tamen
1195 1237 1406 1287 Heringius

447 1302 571 1341 JCtus
591 1308 631 1340 et
656 1301 857 1352 Syndicus
872 1301 1113 1345 BremensiS,
1130 1300 1315 1338 Matthaei
1334 1301 1407 1338 To-

447 1364 602 1403 biadem
629 1376 676 1402 ex
701 1364 857 1402 duobus
876 1363 1157 1413 Manuscriptis
1172 1362 1295 1400 edidit
1316 1364 1408 1401 Bre-

449 1439 536 1466 mae
566 1427 680 1465 Anno
706 1427 809 1466 4642
839 1427 874 1465 8.
901 1428 1037 1476 Neque
1064 1427 1187 1477 prima
1215 1426 1288 1464 ista
1316 1426 1407 1463 Vin-

449 1489 678 1528 docinensis
697 1490 830 1538 editio,
850 1490 903 1528 uti
923 1490 1169 1527 existimavit
1186 1489 1406 1538 lleringius,

450 1552 519 1590 sed
541 1557 652 1590 extat
677 1553 796 1590 etiam
821 1552 1100 1602 Lugdunensis
1125 1552 1197 1589 An.
1227 1551 1343 1590 1505.
1368 1553 1405 1587 in

449 1615 573 1653 forma
599 1620 738 1665 quarta
761 1614 920 1664 majore,
946 1626 1037 1653 cum
1069 1619 1284 1653 comment.
1307 1615 1407 1651 inter

447 1683 630 1716 auctores
659 1682 747 1715 octo
789 1678 969 1724 moraleS‚
1001 1682 1041 1716 et
1070 1689 1120 1715 ex
1150 1676 1287 1715 eadem
1328 1675 1409 1714 edi-

450 1742 556 1778 tione
587 1741 940 1790 Argentoratensis
976 1740 1050 1777 An.
1091 1740 1208 1778 1510.
1239 1743 1406 1787 utraque

449 1804 682 1853 Heringiana
707 1803 833 1852 longe,
860 1803 1094 1852 praesertim
1125 1803 1228 1840 circa
1259 1801 1404 1848 finem,

449 1867 612 1904 auctior.
639 1864 715 1903 Sed
747 1868 787 1902 et
815 1865 889 1902 alia
929 1864 1209 1914 Lugdunensis
1240 1876 1309 1915 per
1345 1865 1409 1901 ,Ιο-

449 1939 593 1966 annem
615 1929 852 1966 Raenerium
870 1928 943 1965 An.
968 1928 1081 1966 1538.
1109 1929 1143 1965 8.
1170 1927 1409 1978 apudTheo-

450 1990 609 2029 baldum
631 1992 843 2040 Paganum,
862 1995 902 2028 at
918 1992 1002 2029 sine
1019 1992 1274 2029 comentario.
1294 1992 1411 2030 Deni-

453 2064 531 2104 que
555 2053 793 2104 Oporiniana
811 2065 830 2091 a
847 2052 904 2090 Jo.
925 2052 1091 2091 Heroldo
1110 2058 1317 2103 procurata
1337 2054 1411 2092 An.

457 2116 558 2154 1663
572 2116 791 2161 &Quarum
810 2115 1027 2154 editionum
1047 2118 1223 2155 notitiam
1238 2117 1294 2156 Cl.
1315 2105 1416 2156 bau-

458 2179 509 2216 mi
526 2179 533 2215 i
549 2178 773 2228 diligentiae
791 2178 934 2216 debere
952 2190 1014 2216 me
1032 2179 1199 2217 libenter
1215 2179 1412 2229 profiteor.

456 2241 667 2280 Caeterum
687 2241 748 2278 vir
769 2240 1150 2291 Clarissimusatque
1161 2241 1415 2280 doctissimus

457 2304 485 2341 B
501 2302 730 2341 Joachimus
757 2304 945 2350 Fellerus,
967 2314 1037 2354 pro
1063 2304 1253 2354 singulari
1268 2314 1337 2342 sua
1349 2303 1414 2341 be-

455 2366 681 2404 nevolentia
703 2377 747 2404 ac
770 2366 1047 2411 humanitate,
1073 2378 1151 2416 qua
1180 2377 1318 2404 omnes
1347 2366 1415 2404 bo-

455 2439 594 2466 narum
627 2429 829 2467 literarum
852 2428 1084 2476 studiosos,
1110 2428 1204 2467 dum
1236 2429 1411 2476 viveret,

452 2490 816 2540 complectebatur,
839 2502 902 2529 an.
933 2491 1033 2529 1690
1059 2492 1210 2541 copiam
1238 2491 1332 2528 mihi
1361 2491 1414 2529 fe—

452 2553 506 2591 cit
554 2553 858 2592 vindocinensis
900 2565 1019 2592 manu
1058 2555 1208 2591 exarati
1239 2554 1261 2591 a
1297 2553 1412 2591 docto

453 2615 624 2666 quodam
643 2618 740 2663 viro,
763 2617 799 2653 in
817 2617 935 2654 cuius
955 2617 1209 2666 Manuscripti
1238 2617 1413 2666 margine

454 2680 602 2728 passim
651 2680 786 2716 variae
821 2679 1015 2717 lectiones
1044 2684 1256 2717 annotatae
1287 2684 1414 2717 erant.

453 2741 606 2778 Desinit
637 2741 698 2779 ille
733 2741 858 2779 codex
883 2742 919 2778 in
947 2752 1071 2780 versu
1103 2742 1220 2780 1510.
1246 2741 1319 2779 hoc
1349 2746 1411 2779 est

456 2804 493 2840 in
520 2802 596 2841 fine
621 2804 762 2852 capitis
782 2803 924 2840 decimi
949 2804 1104 2842 Tobiae.
1130 2805 1191 2842 Ex
1215 2806 1410 2843 Manuscr.

454 2865 804 2916 Guelpherbytano
831 2866 971 2903 Varias
992 2867 1198 2904 Lectiones
1219 2866 1412 2916 quasdam

455 2929 570 2967 offert
594 2927 834 2978 Polycarpus
862 2928 1060 2975 Leyserus
1079 2928 1115 2964 in
1138 2928 1300 2966 historia
1325 2939 1416 2978 poe-

457 3002 547 3030 seos
566 2991 681 3029 medii
706 2990 793 3028 aevi
815 3001 850 3041 p.
872 2989 962 3027 766.
988 2990 1030 3027 ln
1051 2990 1275 3040 pericopam
1296 2991 1415 3037 illam,

514 3134 544 3171 a}
562 3133 676 3164 Baleus
697 3134 747 3164 vl.
764 3131 816 3163 51.
834 3132 1003 3163 locelinus
1022 3132 1061 3163 de
1079 3133 1268 3163 nistoricis
1287 3131 1425 3171 Angliae

455 3186 619 3215 manuscr.
642 3183 730 3223 apud
753 3185 790 3214 11.
814 3184 1031 3214 Warthonutn
1046 3207 1054 3220 ,
1076 3184 1213 3214 vossius
1238 3191 1258 3222 p
1295 3182 1367 3213 550.
1394 3186 1424 3212 et

455 3235 583 3264 pitseus
603 3242 677 3272 pag.
699 3234 771 3265 519.
791 3236 847 3273 qui
874 3242 949 3264 cum
974 3237 1021 3264 ait
1045 3232 1231 3264 additionis
1255 3241 1423 3263 annorum

455 3286 542 3315 Lxx.
560 3286 760 3314 mentionem
779 3284 883 3314 facere
901 3283 1099 3314 matthaeum
1117 3284 1156 3313 aii
1177 3286 1211 3313 Α.
1234 3282 1328 3313 1Ξ50.
1346 3291 1422 3322 pag.

461 3334 539 3367 559.
565 3342 630 3364 non
657 3338 704 3364 est
728 3333 922 3365 audiendus.
947 3334 992 3364 Ad
1016 3333 1143 3364 librum
1166 3335 1255 3365 enirn
1279 3334 1424 3365 addila-

462 3391 661 3420 mentorum
680 3390 864 3423 provocans
882 3385 1015 3423 respicit
1030 3385 1254 3416 additamenta
1273 3386 1424 3418 Matthaei

1478 322 1595 362 quam
1621 312 1640 349 a
1663 309 1823 349 Barthio
1848 311 1884 348 in
1910 310 2158 352 Adversariis
2181 312 2323 354 editam
2355 324 2422 353 su-

1480 385 1547 424 pra
1568 384 1656 412 esse
1673 372 1766 420 dixi,
1791 377 1906 410 notas
1926 376 2118 425 quasdam
2135 375 2426 427 conscripserat

1478 436 1522 473 D.
1568 434 1749 473 Andreas
1791 435 1971 482 nivinus,
2001 448 2100 486 quas
2136 436 2271 475 itidem
2294 439 2428 478 Manu-

1479 497 1649 547 scriptas
1677 496 1802 535 oculis
1833 507 2026 547 usurpare
2054 510 2116 538 me
2146 499 2322 537 memini.
2348 500 2429 538 Ali-

1479 563 1574 609 quot
1595 559 1714 597 etiam
1740 557 1927 597 Matthaei
1952 558 2253 599 vindocinensis
2277 560 2360 599 loca
2384 561 2427 600 il-

1476 620 1644 659 lustrata
1673 621 1780 671 leges
1821 621 1857 658 in
1892 621 2078 671 Epistolis
2114 621 2294 661 Reinesio
2323 623 2430 662 Dau-

1480 684 1620 721 mianis
1650 694 1737 733 pag.
1770 684 1859 722 344.
1891 684 1928 720 in
1954 681 2099 733 quibus
2128 686 2167 720 et
2199 685 2346 734 passim
2377 683 2427 723 de

1477 745 1775 783 Bartholomaeo
1813 745 1875 783 illo
1916 746 2069 795 agitur,
2107 744 2170 783 cui
2206 746 2429 786 Matthaeus

1479 807 1638 844 'sobiam
1666 818 1782 845 suum
1813 806 2032 845 dedicavit.

1531 868 1817 907 MATTHAEUS
1861 867 2291 908 Westmonasteriensis
2307 900 2318 919 ,
2353 869 2432 908 An-

1478 929 1567 978 gius
1592 930 1806 968 Monachus
1843 929 1938 968 Ord.
1967 930 2114 969 Bened.
2144 931 2304 982 scripsit
2335 931 2435 982 flore

1480 990 1742 1029 historiarum
1766 991 1814 1030 ab
1835 991 1996 1030 exordio
2017 991 2150 1031 Mundi
2173 1003 2300 1044 usque
2319 992 2369 1031 ad
2387 994 2432 1033 A.

1479 1052 1519 1092 C.
1547 1052 1660 1092 1307.
1688 1053 1793 1092 unde
1810 1052 2001 1104 Florileyi
2016 1065 2162 1093 nomen
2176 1055 2266 1094 tulit
2285 1067 2293 1093 :
2315 1055 2438 1094 ΜΑΤ-

1479 1115 1667 1155 THAEUM
1695 1115 1898 1154 Par-isium
1919 1121 2097 1166 secutus,
2115 1117 2155 1155 in
2178 1120 2290 1166 parte
2310 1116 2438 1167 priore

1479 1179 1731 1228 potissimum
1754 1206 1762 1224 ‚
1812 1183 1853 1217 et
1893 1180 2090 1229 Rogerum
2141 1178 2439 1218 Wendoverum

1479 1240 1684 1290 aliosque,
1731 1251 1862 1279 rerum
1910 1242 2229 1280 Britannicarum
2270 1240 2440 1291 diligens

1479 1307 1713 1341 annotator:
1740 1314 1816 1340 non
1847 1302 1914 1341 diu
1945 1303 2048 1342 ultra
2077 1304 2123 1342 Α.
2155 1302 2256 1342 1306
2281 1302 2440 1341 videtur

1480 1365 1564 1415 ipse
1611 1369 1784 1403 aetatem
1833 1365 2072 1415 protulisse,
2113 1375 2204 1404 nam
2249 1364 2440 1404 falluntur

1481 1427 1551 1463 viri
1585 1426 1773 1477 praeclari
1797 1428 1832 1475 a)
1861 1429 1926 1477 qui
1956 1425 2162 1466 historiam
2186 1426 2232 1465 ad
2255 1425 2300 1464 A.
2324 1426 2439 1466 1377.

1479 1488 1751 1527 continuatam
1789 1490 1822 1527 ei
1862 1489 2074 1537 tribuunt,
2104 1500 2197 1528 cum
2227 1490 2266 1527 in
2305 1489 2443 1528 Manu-

1479 1552 1640 1602 scriptis
1664 1551 1876 1590 Codicibus
1901 1551 2236 1590 Bibliothecarum
2259 1549 2442 1602 Anglica-

1479 1625 1568 1652 rum
1599 1617 1763 1652 exstent
1791 1624 1888 1652 sane
1917 1614 2138 1653 continuati
2168 1613 2206 1652 hi
2236 1613 2354 1652 flores
2381 1613 2442 1652 hi-

1480 1676 1721 1725 storiarum,
1752 1675 1821 1714 sed
1853 1676 1928 1714 alio
1958 1676 2092 1726 stylo,
2117 1676 2283 1727 aliisque
2305 1680 2443 1715 aucto-

1480 1739 1619 1776 ribus:
1664 1742 1708 1776 ut
1748 1738 1797 1776 ab
1838 1737 2013 1778 ADAMO
2053 1737 2367 1778 Muremuthensi
2404 1738 2440 1787 b)

1481 1812 1609 1851 usque
1639 1800 1686 1839 ad
1717 1799 1794 1839 An.
1825 1801 1939 1840 1336.
1970 1800 2019 1839 ab
2047 1801 2122 1840 alio
2152 1811 2280 1851 usque
2303 1800 2350 1840 ad
2376 1811 2441 1840 an.

1484 1863 1598 1902 4380.
1630 1868 1670 1901 ot
1698 1875 1719 1902 a
1751 1863 1943 1903 monacho
1986 1863 2158 1903 Roffensi
2188 1864 2274 1903 sive
2317 1863 2438 1903 EAD-

1483 1925 1658 1965 MUNDO
1688 1925 1734 1964 de
1764 1925 1999 1965 Hadenham
2028 1925 2075 1965 ad
2101 1925 2174 1965 An.
2201 1925 2317 1965 1277.
2341 1925 2439 1965 Vide

1487 1988 1672 2027 Guilelmi
1689 1988 1848 2027 Nichols
1863 1988 2146 2027 Bibliothecam
2167 1988 2442 2027 historicorum

1488 2051 1652 2101 Angliae
1690 2062 1775 2102 pag.
1814 2051 1877 2089 66.
1923 2051 2134 2089 ilenricum
2179 2049 2443 2089 Warthonum

1489 2107 1703 2164 prolegom.
1732 2113 1780 2152 ad
1812 2118 1908 2151 tom.
1938 2115 1972 2152 1.
2004 2105 2171 2164 Α631136
2199 2123 2334 2152 sacrae
2358 2123 2444 2163 pag.

1490 2177 1636 2214 XXXI.
1667 2187 1750 2226 seq.
1777 2180 1898 2226 atque
1933 2174 2134 2214 Oudinum
2167 2170 2263 2213 tou.
2293 2175 2328 2213 3.
2359 2185 2445 2225 pag.

1489 2239 1581 2277 700.
1611 2249 1693 2288 seq,
1735 2238 1920 2277 Matthaei
1951 2238 2069 2276 flores
2114 2238 2378 2276 Historiarum
2408 2238 2447 2275 in

1489 2301 1562 2338 An.
1594 2300 1707 2340 1307.
1751 2299 2012 2348 desinentes,
2044 2301 2081 2338 in
2113 2299 2259 2350 quibus
2295 2310 2446 2338 annum

1488 2375 1509 2401 a
1539 2363 1639 2401 festo
1663 2362 1863 2401 Michaelis
1884 2363 2082 2413 auspicari
2108 2362 2337 2411 consuevit,
2359 2372 2448 2412 pro-

1487 2426 1594 2465 diere
1624 2430 1791 2464 curante
1820 2425 2019 2464 Matthaeo
2045 2424 2236 2472 Parkero,
2261 2423 2446 2474 Archiep.

1489 2489 1767 2527 Cantuariensi
1792 2486 1911 2526 Lond.
1939 2486 2053 2526 1567.
2079 2487 2141 2526 fol.
2167 2490 2287 2536 atque
2311 2495 2446 2524 emen-

1491 2551 1662 2589 datiores
1686 2550 1862 2588 Francos.
1890 2550 2005 2589 1601.
2032 2549 2096 2588 fol.
2122 2559 2198 2588 una
2221 2559 2312 2587 cum
2335 2547 2446 2586 FLO-

1488 2613 1672 2653 RiiNriO
1711 2614 1982 2663 vigorniensi.
2009 2611 2057 2651 de
2082 2623 2160 2662 quo
2200 2621 2319 2662 supra
2345 2615 2359 2648 t
2397 2611 2446 2649 11.

1488 2689 1572 2729 pag.
1599 2677 1688 2716 579.
1716 2674 1938 2715 Chronicon
1966 2672 2383 2715 Westmonasterz’ense
2411 2675 2450 2711 et

1490 2739 1726 2779 Chrom'cam
1747 2737 1837 2789 fani
1857 2735 2087 2775 Eadmundi
2112 2735 2215 2786 quod
2245 2735 2446 2773 Westmo-

1490 2801 1724 2841 nasteriensi
1742 2798 2075 2838 tribuuntBaleus
2090 2802 2130 2836 et
2146 2797 2314 2846 Pitseu5‚
2327 2807 2442 2834 nemo

1488 2864 1616 2902 adhuc
1638 2865 1672 2900 in
1700 2863 1828 2900 lucem
1856 2860 2030 2912 protulit.

1543 2926 1580 2963 S.
1610 2925 1852 2963 MATTUIAE
1895 2921 2073 2974 Apostoli
2109 2921 2232 2966 Acta,
2265 2933 2366 2972 quae
2394 2922 2444 2961 ab

1491 2987 1699 3037 Anonymo
1729 2987 1874 3036 scripta
1901 2985 2102 3035 jactantur
2131 2985 2222 3024 olim
2245 2983 2444 3036 Hebraice,

1487 3130 1604 3160 Parisii
1644 3129 1684 3160 ad
1707 3131 1742 3158 Λ.
1768 3127 1858 3158 1959.
1884 3127 1974 3159 idem
2003 3129 2131 3160 Pitseus
2152 3128 2341 3160 historiam
2366 3137 2444 3160 am-

1486 3181 1583 3219 plam
1620 3179 1774 3210 Matthaei
1799 3178 1921 3210 editam
1946 3179 2086 3210 Londini
2113 3181 2147 3209 A.
2174 3177 2264 3210 1570.
2296 3188 2314 3211 a
2344 3178 2446 3211 libris

1487 3229 1600 3261 tribus
1625 3228 1745 3270 floran
1765 3229 2035 3267 Historiarum,
2057 3231 2083 3260 Α
2120 3228 2213 3260 1601.
2233 3229 2442 3261 Francosurti

1485 3282 1583 3313 editis
1609 3289 1782 3321 perperam
1807 3280 1996 3320 distinguit.

1548 3333 1584 3372 1))
1612 3335 1655 3364 De
1679 3331 1740 3363 hoc
1764 3338 1862 3371 supra
1885 3333 1977 3362 Tom:
2002 3328 2030 3362 1.
2055 3336 2129 3370 pag.
2155 3327 2207 3360 24.
2230 3337 2301 3369 seq,
