2533 4009
464 216 538 254 679.

460 303 536 339 Non
565 299 753 335 hominem
776 293 947 330 redolens
971 290 1133 326 hominis
1156 290 1327 334 denigrat
1347 288 1409 323 ho-

1219 383 1223 387 .
1265 364 1408 396 norem,

480 428 549 472 Qui
578 425 703 471 nequit
731 423 898 460 adversis
927 431 1101 466 prospera
1133 421 1252 455 iuncta
1281 420 1369 464 pati.

459 495 576 531 [titur
606 494 734 536 ignare
763 490 873 531 dulci,
903 498 973 522 non
1003 498 1088 522 usus
1112 497 1262 522 amaro:

480 558 648 602 Namque
675 567 740 602 per
767 554 974 600 oppositum
1004 553 1168 589 noscitur
1202 561 1312 587 omne
1348 550 1412 585 bo·

1309 626 1408 651 uum.

454 689 560 726 Disce
578 688 768 733 gravanda
789 687 883 731 pati:
903 686 1081 731 patientia
1103 688 1285 729 temperat
1302 684 1408 727 iram,

474 752 519 790 Et
546 755 656 789 duros
685 753 827 790 animos
859 752 994 787 mentis
1021 750 1119 785 oliva
1147 749 1283 784 domat.

449 820 580 856 Nonne
604 819 823 856 recordaris.
848 817 960 853 veluti
985 817 1199 852 stimulante
1223 820 1399 862 tyranno,

472 887 637 930 Moriger
665 885 819 920 innocua
848 882 990 918 Seneca
1018 885 1136 917 morte
1165 880 1294 925 perit?

450 951 580 988 Nonne
608 962 709 987 meus
737 950 939 987 Severinus
963 949 1063 985 inani
1089 948 1168 983 iure
1191 950 1405 991 peremptus

472 1020 630 1056 Carcere
660 1018 797 1063 Papiae
825 1029 896 1053 non
928 1017 1100 1061 patienda
1128 1013 1242 1050 tulit?

448 1084 578 1121 Nonne
605 1084 822 1128 cupidineus
850 1086 1032 1118 metrosus
1059 1080 1157 1116 Naso
1184 1080 1364 1124 magister

472 1148 661 1194 Expulsus
692 1150 811 1194 patria
841 1158 992 1193 pauper,
1021 1151 1058 1182 et
1084 1146 1170 1181 exul
1197 1144 1304 1180 obit?

447 1214 543 1258 Quid
574 1215 732 1250 reseram
761 1214 896 1250 multos
915 1243 925 1260 ‚
952 1223 1107 1259 quorum
1138 1212 1219 1248 sine
1247 1210 1407 1246 crimine

1309 1277 1408 1313 vitae

471 1347 638 1383 Verbera
667 1346 836 1382 fortunae
863 1355 935 1380 non
965 1344 1138 1389 patienda
1167 1342 1279 1378 tulit?

446 1411 546 1448 Silva
573 1412 797 1457 capillorum
828 1410 1035 1445 numeratis
1062 1409 1211 1444 cederet
1238 1406 1324 1446 illis,

470 1476 568 1521 Quos
596 1478 698 1514 necis
726 1478 909 1512 immunes
936 1474 1079 1520 inclyta
1107 1473 1180 1508 vita
1208 1472 1320 1508 dedit.

448 1545 592 1589 Aspera
615 1544 711 1579 serre
732 1544 861 1584 decet;
883 1544 1071 1577 maturant
1087 1550 1218 1584 aspera
1235 1541 1398 1573 mentem

471 1609 515 1645 Et
543 1610 638 1644 bene
665 1614 806 1645 matura
835 1608 981 1654 plenius
1010 1616 1079 1642 uva
1106 1608 1213 1650 sapit.

365 1685 421 1720 30,
453 1676 522 1712 Per
551 1676 684 1712 nimios
711 1679 833 1711 aestus
862 1673 1005 1719 gelidas
1033 1672 1214 1708 transitur
1240 1670 1283 1706 ad
1324 1678 1403 1703 um-

1295 1735 1404 1769 bras:

474 1806 607 1853 Sicque
635 1817 700 1852 per
723 1805 928 1851 opposltum
952 1803 1071 1838 dulcia
1094 1801 1241 1848 quaerit
1261 1800 1382 1835 homo.

449 1872 591 1908 Laurea
621 1883 686 1917 pro
709 1881 837 1916 poena,
859 1880 926 1914 pro
946 1872 1062 1903 morte
1085 1877 1219 1902 corona
1241 1866 1405 1909 resultat,

474 1938 578 1973 sude
607 1937 749 1972 laborat
777 1935 898 1977 homo,
927 1933 1111 1980 praemiat
1140 1932 1226 1967 inde
1253 1931 1369 1966 labor.

450 2003 546 2047 Quid
576 2003 689 2048 sacis,
719 2002 932 2042 immunde,
971 1999 1172 2043 mundique
1214 1996 1405 2031 immunda

1156 2062 1242 2109 quid
1271 2067 1372 2107 optas
1392 2061 1409 2095 ’ἲ

471 2134 702 2177 Immundus,
724 2134 884 2168 mundus
908 2141 1001 2176 quae
1027 2129 1090 2165 tibi
1113 2129 1248 2165 munda
1270 2126 1406 2162 dabit?

451 2200 600 2243 Vivere,
628 2200 764 2244 stulte,
793 2203 947 2244 putasne
985 2207 1049 2242 per
1076 2195 1200 2230 omnia
1227 2192 1405 2229 saecula?

1286 2269 1351 2304 per
1373 2263 1406 2294 te

473 2334 602 2369 Factus
629 2343 668 2367 es
697 2332 848 2367 insanus
875 2328 1092 2365 credulitate
1120 2331 1191 2364 tua.

448 2394 573 2430 lusani
601 2403 692 2429 sane
719 2393 852 2439 capitis
880 2393 1061 2437 gravitate
1088 2391 1231 2426 laborat

471 2460 539 2503 Qui
568 2463 667 2504 putat
694 2458 760 2494 hoc
788 2458 926 2492 mundo
953 2458 1081 2492 vivere
1110 2466 1215 2501 posse
1243 2455 1317 2490 diu.

446 2525 584 2561 Sensus
604 2524 707 2560 abest
730 2529 824 2568 tuus,
847 2528 882 2559 et
905 2527 985 2558 tuus
1007 2521 1219 2558 intellectus
1238 2520 1401 2555 aberrat.

469 2589 516 2627 Et
545 2595 603 2626 tua
632 2590 789 2625 lethaeis
818 2600 923 2625 mens
951 2587 1167 2633 peregrinat
1193 2584 1310 2632 aquis.

446 2657 513 2694 Dic
542 2657 599 2692 ubi
627 2661 724 2700 sunt,
751 2666 846 2701 quae
874 2660 908 2691 te
935 2652 1055 2689 docuit
1088 2651 1255 2689 Bononia
1289 2662 1403 2697 quon-

1304 2718 1402 2761 dani,

470 2788 572 2825 Haec
601 2799 694 2834 ege,
723 2788 804 2832 dic,
839 2788 901 2822 ubi
927 2790 1010 2830 sunt
1049 2795 1143 2832 quae
1184 2784 1247 2820 tibi
1290 2792 1402 2827 saepe

1285 2849 1369 2884 dedi
1387 2848 1404 2882 ‘3

447 2920 499 2955 Te
528 2920 682 2955 multum
712 2919 798 2961 sori,
829 2918 932 2954 docui
964 2922 997 2954 te
1023 2927 1148 2962 saepe,
1176 2915 1318 2960 rogavi,

472 2984 516 3022 Et
545 2997 626 3021 mea
654 2990 794 3020 secreta
823 2994 934 3028 saepe
963 2983 1092 3019 videre
1119 2983 1216 3017 dedi.

447 3051 501 3087 Tu
530 3061 610 3086 mea
640 3051 725 3085 vitis
752 3060 862 3093 eras,
897 3054 930 3085 tu
960 3049 1123 3094 palmitis
1165 3047 1294 3083 umbra
1341 3057 1404 3081 no-

1290 3112 1401 3156 velli3

472 3181 523 3215 Tu
553 3182 690 3216 sructns
714 3181 875 3216 validam
900 3191 1002 3226 spem
1027 3180 1116 3215 mihi
1137 3189 1248 3224 saepe
1271 3179 1396 3214 dabaS.

449 3245 501 3279 'se
529 3247 656 3281 rastris
682 3247 791 3291 colui,
818 3247 917 3291 sepis
945 3246 1153 3281 munimine
1179 3245 1294 3288 cinxi,

475 3308 519 3344 lit
546 3311 684 3355 lapides
711 3323 755 3346 ex
785 3317 830 3353 te,
859 3316 894 3347 et
921 3316 1049 3346 cuncta
1080 3311 1244 3346 nocenda
1272 3310 1349 3345 tuli.

965 3377 1048 3410 xiiis
1087 3376 1187 3411 dedit
1228 3375 1304 3419 ipsa
1345 3376 1395 3410 la·

1218 3441 1396 3480 l›ruscas;

370 3385 423 3419 ⁴0,
450 3373 610 3419 Tempus
637 3377 738 3411 :otest
766 3378 899 3411 fructu<
923 3391 929 3417 ;

1071 203 1260 242 tlENR.
1312 200 1808 240 SEPTIMELLEN.

1504 289 1647 334 Proque
1677 299 1759 324 rosa
1784 291 1899 326 crevit
1927 301 2056 336 aspera
2084 292 2192 336 spina
2219 293 2295 328 diu.

1477 354 1574 390 Heu!
1594 355 1687 390 cadit
1708 354 1744 390 in
1761 356 1908 400 spinas;
1931 358 2026 402 quod
2053 369 2121 402 ego
2149 359 2184 393 in
2213 362 2247 394 te
2274 359 2431 400 semino,

2290 434 2431 466 semen,

1503 484 1547 520 Et
1577 489 1741 522 mentem
1768 486 1874 531 spina
1903 488 2050 524 suffocat
2078 489 2157 533 ipsa
2185 492 2296 524 tuam.

1478 550 1582 593 Quod
1618 551 1756 597 loquor,
1785 555 1820 588 et
1847 563 1998 593 mone0,
2024 555 2118 600 quod
2145 553 2288 591 semino
2313 555 2430 590 susci-

2275 619 2327 666 pit
2353 620 2433 665 ipsa

1502 680 1605 724 Quae
1634 683 1731 718 male
1760 683 1981 728 multiplicat
2007 695 2134 721 semen
2161 697 2276 723 arena
2297 696 2418 722 suum.

1478 747 1532 783 Tu
1561 748 1718 784 nimium
1761 754 1841 784 tuus
1868 760 1932 795 es,
1969 752 2080 786 nimis
2119 756 2154 789 et
2196 753 2260 789 tibi
2287 753 2431 797 credis,

2295 818 2431 864 inepte,

1501 878 1544 915 Et
1572 879 1671 913 solus
1698 881 1821 915 credis
1848 881 2023 925 providus
2050 891 2132 918 esse
2159 880 2260 920 Cato.

1478 944 1724 991 Philosophus
1753 945 1868 982 nimis
1894 956 1953 992 es,
1981 946 2211 993 nimiumque
2251 947 2432 993 platonior

2346 1013 2433 1058 ipso,

1503 1076 1606 1112 Ultra
1635 1075 1876 1121 philosophos
1904 1087 2010 1113 mens
2039 1081 2097 1114 tua
2124 1087 2235 1123 saepe
2262 1078 2351 1115 fluit.

1476 1141 1628 1186 Absque
1645 1141 1771 1177 labore
1787 1143 1891 1187 sequi
1911 1143 2138 1188 (pytagorica
2156 1154 2292 1179 cornua
2305 1144 2428 1190 cerne)

1502 1206 1686 1241 Virtutem
1715 1207 1844 1241 dextro
1872 1207 2012 1242 lumine
2039 1217 2147 1242 nemo
2175 1210 2304 1252 potest.

1477 1272 1545 1306 Ast
1573 1271 1644 1307 alia
1673 1272 1774 1308 turca
1802 1276 1857 1307 est
1885 1272 2003 1308 facilis
2031 1273 2230 1309 descensus
2253 1271 2395 1314 averni,

1502 1337 1547 1373 Ut
1574 1338 1676 1373 docet
1706 1337 1920 1383 archiloqua
1949 1348 2038 1376 voce
2066 1343 2171 1384 poeta
2198 1338 2316 1375 Maro.

1479 1401 1557 1437 Non
1587 1403 1669 1439 sine
1697 1404 1832 1439 sudore
1861 1405 2052 1449 probitatis
2077 1405 2269 1440 scanditur
2295 1405 2430 1449 arbor3

1499 1468 1574 1503 Nec
1601 1468 1685 1505 sine
1712 1470 1846 1506 sudore
1875 1470 2010 1506 Martia
2038 1471 2158 1516 palma
2186 1471 2301 1509 venit.

1476 1531 1601 1568 Laudo
1630 1537 1677 1577 te,
1705 1535 1770 1569 sed
1799 1535 1835 1570 in
1865 1534 1931 1571 hoc
1959 1546 2031 1570 non
2059 1536 2181 1582 laudo,
2214 1537 2308 1582 quod
2352 1537 2429 1582 ipsa

2295 1602 2430 1639 caduca

1497 1664 1698 1708 Aufugisse
1725 1664 1809 1700 citis
1841 1666 2030 1710 gressibus
2057 1666 2146 1702 orbe
2173 1667 2305 1712 gemis.

1476 1729 1573 1765 Prob
1594 1730 1697 1766 dolor
1719 1729 1727 1765 1
1752 1731 1847 1766 unde
1869 1731 1999 1767 doles?
2019 1732 2148 1775 dolor;
2171 1733 2268 1768 unde
2290 1733 2396 1769 times
2411 1734 2428 1768 ἱ)

2181 1797 2308 1841 dolor;
2336 1799 2431 1834 unde

1500 1859 1655 1895 Ploras!
1685 1871 1779 1906 quac
1809 1865 1865 1896 tua
1894 1865 1979 1897 sunt
2007 1872 2028 1897 ο
2055 1863 2268 1899 miseranda
2294 1863 2425 1899 cinis?

1477 1925 1654 1960 Primitus
1684 1925 1719 1960 in
1748 1927 1886 1962 mundo
1913 1930 2031 1962 tecum
2052 1931 2110 1963 tua
2129 1931 2264 1973 quanta
2287 1929 2431 1965 tulisti?
2456 1948 2509 1980 50.

1501 1990 1627 2025 Nudus
1654 2001 1738 2026 eras
1768 1994 1898 2036 primo,
1929 1996 1964 2028 et
1991 1996 2117 2036 postea
2146 1993 2262 2029 nudus
2289 1993 2376 2030 eris.

1477 2056 1579 2091 'l'unc
1607 2067 1674 2101 ego
1693 2070 1700 2092 :
1733 2058 1825 2093 mira
1845 2059 1973 2099 refers,
2000 2058 2086 2103 quid
2109 2062 2144 2094 et
2165 2057 2233 2094 hoe
2251 2063 2318 2103 est,
2343 2070 2428 2095 vera

2287 2124 2429 2170 sophia,

1501 2187 1605 2230 Quod
1627 2188 1738 2224 dicis?
1757 2187 1867 2223 nimis
1887 2192 1942 2224 est
1961 2188 2019 2224 hic
2038 2188 2129 2223 mihi
2149 2199 2272 2224 sermo
2291 2189 2428 2234 gravis.

1472 2253 1562 2297 Quis
1592 2255 1699 2290 modo
1726 2258 1799 2289 tam
1819 2254 1929 2296 mitiS,
1958 2258 2030 2290 tam
2051 2253 2182 2298 dulcis,
2201 2257 2349 2300 tamque
2368 2254 2432 2291 be—

2275 2320 2428 2366 nignus,

1501 2384 1621 2428 Quem
1655 2384 1766 2421 nimis
1794 2385 1886 2422 baec
1913 2386 2007 2422 ultra
2034 2396 2107 2422 non
2137 2386 2228 2422 serat
2265 2386 2320 2422 ira
2355 2397 2430 2422 mo·

2312 2451 2429 2488 dum?

1473 2514 1575 2550 Nunc
1593 2526 1659 2559 ego
1676 2527 1756 2550 cum
1774 2516 1920 2553 videam
1939 2514 2054 2561 paleis
2067 2519 2286 2562 postponere
2297 2527 2425 2562 grana,

1494 2580 1586 2616 Cum
1614 2585 1763 2625 superet
1791 2581 1920 2617 molles
1949 2592 2045 2616 nuuc
2070 2582 2238 2618 saliunca
2260 2592 2387 2619 rosas:

1473 2646 1562 2682 Cum
1583 2647 1721 2682 fructus
1739 2646 1847 2682 hodie
1867 2651 1953 2683 ante
1974 2657 2059 2682 suos
2081 2651 2186 2692 paret
2199 2647 2311 2684 edere
2332 2649 2440 2684 flores

1484 2712 1620 2757 ¹Arbor
1643 2711 1822 2748 abortivis
1846 2710 2056 2757 prodigiosa
2078 2713 2218 2756 comis;

1475 2777 1580 2823 Cum,
1608 2779 1702 2823 quod
1733 2779 1873 2823 grande
1897 2778 2012 2819 nefas,
2045 2777 2219 2814 tolluntur
2245 2779 2289 2814 ad
2322 2783 2419 2816 astra

2253 2844 2418 2892 nefandi,

1496 2908 1537 2944 Et
1568 2909 1751 2953 premitur
1780 2909 1855 2944 vita
1883 2909 2068 2945 deteriore
2095 2908 2255 2954 probus;

1472 2975 1538 3011 Die
1562 2975 1678 3011 mihi:
1701 2976 1769 3021 qui
1806 2985 1943 3020 mores,
1966 2985 2059 3020 quae
2091 2976 2179 3021 vita,
2214 2975 2298 3021 quis
2332 2975 2420 3011 ordo

2279 3040 2418 3077 Neroni

1496 3106 1620 3150 Urbis,
1643 3110 1679 3142 et
1700 3107 1800 3142 orbis
1822 3117 1922 3151 opes,
1948 3106 2219 3152 imperiumque
2239 3105 2370 3143 dedit?

1472 3171 1569 3209 Ecce
1595 3174 1670 3217 (sed
1696 3173 1729 3207 id
1755 3172 1869 3215 taceo)
1896 3170 2013 3217 multi,
2038 3172 2218 3216 probitate
2241 3175 2401 3218 vetante,

1494 3239 1635 3274 Nomen
1673 3238 1823 3281 habent,
1863 3237 1992 3283 quibus
2013 3240 2068 3274 est
2091 3237 2252 3273 nominis
2285 3237 2413 3274 umbra

2261 3302 2388 3347 pudor.

1467 3371 1570 3406 Tunc
1591 3381 1655 3405 ea:
1678 3369 1876 3413 deciperis,
1901 3379 1968 3404 nec
1992 3372 2025 3404 te
2048 3367 2256 3413 ignorantia
2281 3366 2372 3403 iuris

1490 3437 1664 3481 Excusat,
1688 3435 1799 3470 nimis
1821 3444 1875 3478 es,
1897 3433 2109 3478 imperiose,
2131 3431 2264 3467 rudis.'
