2533 4009
427 248 502 285 270

417 318 493 366 sine
513 328 582 354 siw
604 317 748 363 insinno
774 307 1052 348 imbecillitatis
1077 306 1274 344 humanae
1294 318 1371 361 *na—

422 384 536 416 lurae⁷
565 374 783 426 eremplum
809 369 1018 422 praebens.
1052 369 1153 407 llaec
1172 368 1232 406 'de
1255 370 1368 406 Petro

420 440 550 477 Simon
595 434 818 474 schardius,
863 428 1131 482 Epistolarum
1174 431 1277 467 Petri
1319 429 1367 467 dc

420 503 550 538 Vincis
590 499 688 535 duas
732 493 845 532 hodic
890 493 1072 530 meliores
1114 490 1309 529 editiones
1345 493 1365 529 ξι

417 565 518 600 Viris
546 558 774 597 clarissimis
810 558 1110 604 exspectamus⁷
1157 564 1276 592 unam
1320 553 1368 590 ab

416 622 680 660 erudiitssimo
712 616 926 668 liginliaidi
957 615 1107 654 editore
1140 616 1367 653 Hermanno

414 679 680 727 schminckio,
712 690 830 729 quem
873 679 953 727 jam
985 678 1033 716 ab
1063 673 1214 727 aliquot
1253 677 1369 715 annis

413 745 444 784 a*
480 745 551 781 linc
583 754 725 781 saxum
772 742 933 779 volvon·
973 741 1173 790 comperi:
1205 744 1245 777 et
1274 739 1371 777 alte—

414 818 493 844 ram
527 807 546 842 {i
578 804 810 853 dzgnissimo
835 797 1043 852 G‘ymnasii
1070 802 1270 851 equestris
1297 802 1370 839 Lu-

413 868 674 912 nonni-gensis
726 865 949 911 Praefecto,
999 864 1148 900 Joanne
1203 861 1368 911 Georgia

417 926 707 978 Werenberyz'o.
727 927 953 976 Libriprimi
971 925 1366 976 EpistolanXXlll.

410 992 582 1040 primum
628 989 815 1027 viderunt
860 988 1016 1035 lucem,
1050 986 1156 1025 hunc
1187 997 1280 1036 prae
1324 996 1367 1023 se

410 1051 570 1090 titulum
617 1051 816 1088 ferentes:
863 1047 1120 1097 Querimom'a
1168 1047 1368 1085 Friclerice

410 1115 461 1152 II.
495 1114 680 1163 Imperat.
728 1123 808 1163 qua
837 1121 878 1149 se
907 1112 931 1148 ἀ
962 1112 1134 1149 Romano
1181 1109 1367 1160 Pontifice

407 1181 446 1215 et
473 1172 757 1215 Cardinalibus
803 1173 996 1211 immerito
1035 1175 1291 1223 persecutum
1332 1176 1370 1210 et

408 1237 578 1288 Imperio
608 1235 801 1287 dejectum
832 1246 916 1274 esse
955 1234 1142 1273 ostendit:
1173 1235 1203 1272 a
1228 1233 1370 1273 doctis—

408 1300 505 1338 simo
542 1299 630 1337 Viro
662 1299 705 1335 D.
736 1297 857 1335 Petro
902 1296 948 1335 (le
1000 1296 1154 1343 ringis,
1194 1295 1370 1347 ejusdem

410 1360 608 1399 Friclerici
628 1361 679 1398 II.
713 1358 962 1399 Cancellario
984 1359 1029 1398 A.
1055 1359 1172 1398 42-30.
1198 1369 1371 1397 conscri—

403 1427 473 1474 pta
512 1424 721 1470 {lagenoae
743 1422 849 1473 apud
875 1424 933 1459 Jo.
957 1423 1160 1461 Spem-ium
1192 1421 1309 1459 4529.
1334 1421 1368 1458 8.

410 1487 506 1524 Hinc
538 1485 671 1523 Simon
700 1483 918 1523 Seliardius
949 1495 1018 1522 sex
1051 1484 1171 1522 libros
1216 1483 1371 1534 primus

410 1548 497 1586 luce
528 1547 691 1585 donavit
722 1546 898 1584 Basileac
933 1546 1049 1585 1566.
1093 1546 1129 1582 8.
1167 1556 1237 1595 per
1274 1546 1372 1583 Pau-

410 1609 492 1648 lum
524 1609 733 1654 Quocum,
766 1610 984 1658 praemissa
1017 1607 1183 1646 formula
1215 1607 1371 1656 deposi-

410 1674 528 1709 tionis
561 1670 742 1708 l-'riderici
778 1671 827 1708 11.
849 1670 972 1708 [actae
999 1680 1068 1719 per
1090 1669 1368 1707 Innocentium

410 1735 472 1771 lv.
502 1734 711 1782 integriore
741 1743 861 1781 quam
895 1735 1010 1769 sexto
1036 1730 1302 1769 Decretalium
1326 1730 1369 1767 li-

410 1796 478 1833 bro
509 1795 678 1844 legitur:
708 1798 748 1832 et
779 1792 957 1843 Epistola
987 1792 1161 1841 Gregorii
1210 1791 1279 1830 lx.
1323 1791 1370 1830 ad

411 1857 651 1895 Fridericum
683 1857 729 1894 11.
761 1857 925 1905 vitaque
956 1853 1135 1903 ejusdem
1184 1853 1370 1893 Friderici

411 1931 459 1957 ex
499 1919 709 1957 Collenutii
759 1917 855 1955 libro
901 1917 964 1954 IV.
995 1927 1114 1966 quam
1156 1916 1292 1953 Latine
1322 1927 1372 1953 ex

414 1981 545 2019 italico
578 1981 713 2018 Latine
759 1978 976 2018 schardius
1006 1979 1234 2025 convertit,
1264 1977 1373 2016 addi-

412 2043 549 2093 ditque
575 2043 693 2080 etiam
726 2041 995 2090 hypomnema
1019 2039 1067 2077 de
1090 2039 1178 2088 tide,
1201 2040 1371 2078 amicitia

413 2109 453 2141 et
482 2104 736 2143 observantia
763 2102 998 2141 Pontificum
1021 2104 1288 2141 Romanorum
1313 2113 1375 2140 ei·—

413 2178 460 2217 ga
492 2167 754 2216 Imperatores
784 2165 1055 2203 Germanicos.
1102 2165 1283 2214 Denique
1314 2177 1375 2203 re-

413 2238 507 2266 cusa
540 2227 717 2266 Schardii
748 2226 866 2265 editio
896 2226 1038 2264 collata
1068 2237 1159 2264 cum
1197 2227 1376 2277 Hagano-

413 2292 498 2327 ensi
520 2320 529 2336 ,
560 2290 844 2340 recognitaque
874 2291 915 2325 et
943 2292 1084 2336 aucta,
1116 2287 1307 2337 glossario
1333 2289 1376 2326 il-

414 2352 578 2389 lustrata
608 2356 648 2389 et
679 2350 806 2388 indice
828 2360 898 2400 per
925 2348 1167 2387 Germanum
1199 2348 1373 2388 Philale-

413 2412 512 2451 then.
542 2413 762 2462 Amhergae
814 2412 928 2451 1609.
973 2412 1098 2450 forma
1127 2416 1269 2450 octava
1303 2414 1374 2450 mi-

416 2477 518 2524 nori,
547 2475 736 2525 adjuncto
761 2476 879 2512 etiam
912 2473 1098 2512 Friderici
1125 2475 1170 2512 11.
1202 2472 1373 2512 Consilio

413 2537 461 2575 de
491 2537 760 2576 Areliiducatu
791 2533 1001 2575 Austriaco
1030 2536 1220 2574 mutando
1244 2537 1376 2574 111110-

414 2611 547 2649 gnum.
579 2599 722 2638 Confer
766 2600 848 2638 Nic.
893 2600 1047 2636 Hieron.
1085 2598 1372 2649 Gundlmgium

416 2663 452 2698 in
483 2661 645 2698 historia
678 2662 833 2711 Imperii
865 2671 950 2712 pag.
984 2661 1073 2698 593.
1102 2661 1208 2698 Bene
1239 2665 1371 2698 autem

416 2727 594 2761 notatum
627 2722 674 2761 ab
706 2722 862 2761 Oudino
892 2723 925 2769 a)
952 2726 1035 2769 est,
1076 2721 1114 2758 in
1144 2733 1222 2760 sea:
1262 2719 1376 2760 libris

414 2784 518 2823 hisce
566 2783 840 2836 Epistolarum
871 2795 972 2834 quas
1016 2795 1071 2821 eae
1114 2782 1316 2822 Frz'slericz‘
1342 2787 1379 2821 et

415 2857 488 2884 sua
520 2856 694 2897 persona
735 2846 944 2896 scripsisse
989 2844 1137 2882 Petrus
1171 2845 1216 2882 de
1251 2845 1377 2883 I'z'neis

411 2907 674 2958 perhibetur,
706 2920 781 2946 non
808 2918 964 2959 paucas
995 2907 1113 2945 eliam
1160 2907 1375 2954 contineri,

417 2982 588 3020 quarum
618 2970 714 3022 'ipse
751 2980 1003 3020 nequaquam
1035 2971 1176 3005 auctor
1205 2978 1286 3006 esse
1313 2979 1377 3019 pe-

421 3032 519 3069 tuit:
553 3045 639 3070 eum
671 3044 745 3070 non
773 3030 899 3070 solum
927 3034 1015 3081 post
1044 3029 1168 3081 ipsius
1194 3029 1306 3067 Petri
1332 3028 1378 3066 de

426 3093 552 3132 Vincis
573 3126 578 3137 ,
613 3106 751 3133 verum
777 3093 891 3131 etiam
913 3095 1003 3143 post
1026 3091 1151 3143 ipsius
1181 3091 1382 3129 Frideri'cz'

422 3158 579 3191 mortem
609 3157 631 3192 ii
666 3156 942 3194 MANFREDO
973 3156 998 3193 1.
1029 3152 1199 3204 aliisque
1229 3164 1378 3192 eorora-

479 3310 494 3330 a
544 3303 628 3333 nihl.
655 3305 820 3336 Historico
844 3304 956 3337 Theoi.
986 3308 1154 3336 Bremens.
1181 3309 1261 3336 tom.
1280 3306 1332 3335 Vl.
1349 3307 1385 3334 A.

423 3350 510 3380 1722.
538 3359 565 3388 p.
595 3350 663 3381 10¹1.
686 3352 895 3384 L'iiserlesene
919 3353 1153 3391 Tiieologieche
1180 3355 1260 3385 Bibl.
1301 3357 1381 3384 tom.

1269 233 1557 274 PETRUS

1451 307 1511 342 tas
1544 314 1629 342 esse
1658 308 1828 353 constet,
1849 316 2023 357 quarum
2049 307 2259 347 nonnullas
2297 309 2415 349 edidit

1445 366 1483 402 in
1513 363 1788 404 Miscellanets
1819 366 2044 418 Stephanus
2074 368 2280 409 Baluzius.
2317 371 2414 410 Vide

1443 431 1482 464 et
1515 425 1722 464 Ussorium
1774 426 1823 465 dc
1855 428 2178 470 Christianarum
2219 432 2416 472 Ecclesia-

1443 499 1529 525 rum
1574 489 1858 527 successiones
1888 494 1929 527 et
1960 494 2068 530 statu
2099 503 2183 543 cap.
2215 494 2284 533 lX.
2321 505 2410 545 pag.

1444 551 1536 589 335.
1568 548 1795 587 Dictamina
1826 551 1880 588 M.
1905 549 2017 589 Petri
2043 551 2089 591 de
2122 553 2251 594 Vincis
2274 585 2284 601 ,
2310 556 2412 594 Can-

1450 612 1642 661 tabrigiae
1674 612 1945 661 Manuscripta
1977 616 2127 652 servari
2158 618 2312 655 notavit
2340 617 2413 656 Ca-

1450 684 1581 721 veus,
1613 683 1714 723 quae
1758 672 1918 711 laudato
1948 672 2105 712 Oudino
2146 678 2413 717 verisimiliter

1445 734 1588 772 eadem
1622 745 1714 773 cum
1746 733 1939 784 ltpistolis
1960 744 2050 772 esse
2073 734 2328 785 judicantur:
2355 741 2413 777 ni-

1445 799 1475 834 si
1508 798 1588 834 sint
1633 795 1821 834 Fridenci
1862 796 1908 834 li.
1953 795 2258 838 constitutiones
2299 812 2413 852 νέφη

1444 857 1630 905 Siciliae,
1662 868 1764 909 quas
1788 869 1864 909 per
1901 857 2138 908 Mayz'strum.
2179 858 2225 898 de
2274 861 2411 901 Venet's

1446 921 1686 972 Capuanum
1710 952 1719 968 ,
1750 932 1919 971 maqnae
1946 925 2106 960 nostrae
2130 922 2278 962 Curiae
2301 924 2413 964 ludi-

1447 994 1530 1021 cem
1551 986 1589 1021 et
1603 982 1759 1034 fidelem
1780 986 1960 1022 nostrum
1980 1015 1988 1033 ‚
2009 983 2288 1025 mandavimus
2312 997 2414 1025 oom-

1437 1043 1577 1096 pilarz'.
1611 1045 1709 1083 Vide
1742 1046 1934 1096 Toppium
1965 1058 2003 1097 p.
2034 1046 2128 1085 250.
2153 1047 2345 1086 Libellum
2370 1047 2416 1086 a’e

1443 1106 1712 1147 Consolatione
1755 1119 1875 1157 quem
1921 1109 2044 1146 Boetii
2087 1109 2271 1160 exemplo
2313 1111 2410 1148 scri-

1444 1172 1571 1221 psisse
1608 1172 1773 1209 Petrum
1806 1168 1927 1207 tradit
1949 1170 2262 1219 Volaterranus,
2292 1182 2412 1211 nemo

1442 1232 1573 1271 adhuc
1605 1233 1642 1270 in
1676 1232 1807 1271 lucem
1839 1231 2013 1282 protulit.

1499 1295 1519 1316 ³*
1553 1294 1661 1333 Ultra
1704 1294 1775 1332 has
1804 1305 1945 1332 omnes
1989 1295 2179 1345 epistolas
2224 1296 2327 1334 Petri
2364 1295 2413 1334 de

1454 1359 1596 1396 Vincis
1620 1369 1641 1396 a
1667 1356 1856 1396 Schardio
1882 1357 2068 1408 vulgatas
2097 1357 2413 1396 additamentum

1446 1419 1550 1458 aliud
1582 1431 1628 1457 ex
1661 1418 1855 1458 cod..NlS.
1886 1418 2071 1463 Biblioth.
2114 1419 2287 1470 Reginae.
2316 1419 2415 1458 Sve-

1447 1482 1552 1529 ciae‚
1600 1492 1702 1530 quae
1751 1479 1866 1518 modo
1908 1481 2066 1519 transiit
2110 1480 2148 1518 in
2184 1481 2415 1520 Vaticanam

1451 1542 1664 1593 descripsit
1689 1542 1760 1579 sibi
1788 1543 1826 1580 P.
1851 1541 2050 1580 Mabillon.
2072 1539 2316 1592 easdemque
2335 1541 2417 1592 epi-

1447 1605 1569 1643 stolas
1598 1603 1690 1642 dein
1724 1600 1906 1653 vulgavit
1938 1604 1978 1641 P.
2003 1604 2179 1642 Martene
2209 1607 2278 1642 vet
2306 1613 2413 1642 mon.

1448 1671 1474 1704 t.
1493 1668 1516 1705 2
1535 1667 1704 1716 Insuper
1726 1664 1905 1704 Schardii
1920 1665 2193 1703 collectionem
2214 1664 2415 1703 Basileen-

1448 1730 1481 1766 si
1511 1727 1557 1766 A.
1592 1728 1707 1767 1609.
1738 1727 1906 1777 repetita
1926 1726 2036 1765 dedit
2063 1726 2109 1764 A.
2136 1726 2414 1765 474030113-

1450 1790 1624 1841 dolphus
1654 1789 1796 1827 Iselius
1825 1790 1859 1825 J.
1891 1789 1933 1827 C.
1957 1787 2183 1839 prodiitque
2202 1797 2302 1838 opus
2317 1786 2413 1826 illud

1451 1853 1628 1892 Basileae
1643 1856 1670 1889 t.
1687 1852 1710 1890 2
1729 1852 1765 1888 in
1783 1849 1821 1888 8.
1839 1848 2152 1889 Contulittotum
2166 1848 2322 1901 opusad
2335 1849 2413 1888 MS.

1447 1913 1631 1952 Codicem
1666 1912 1849 1951 Biblioth.
1895 1912 2139 1960 Bernensis‚
2174 1909 2412 1950 mendosum

1447 1981 1579 2015 tamen
1624 1975 1732 2013 illum
1764 1978 1804 2013 et
1848 1975 1960 2024 pretii
2004 1973 2146 2024 oppido
2191 1971 2411 2012 mediocris.

1448 2040 1520 2077 Per
1551 2039 1647 2076 istos
1677 2047 1803 2075 annos
1828 2046 1919 2074 cum
1945 2036 2119 2074 Viennae
2143 2045 2301 2087 agerem
2319 2063 2329 2081 ‚
2349 2035 2412 2072 vir

1447 2100 1705 2147 doctissimus
1744 2097 1929 2136 Nicolaus
1971 2108 1992 2135 a
2041 2097 2239 2146 Forlosia‚
2271 2100 2410 2137 custos

1449 2162 1662 2213 primarius
1707 2159 1891 2199 Biblioth.
1933 2158 2252 2198 vindobonensis
2279 2163 2413 2198 osten-

1449 2225 1506 2263 dit
1545 2224 1639 2263 mihi
1685 2221 1864 2262 Schardii
1908 2221 2182 2260 collectionem
2213 2221 2361 2271 passim
2391 2231 2414 2258 a

1450 2299 1491 2325 se
1534 2291 1716 2325 exactam
1749 2284 1796 2323 ad
1844 2283 2175 2322 vindobonenses
2205 2282 2326 2322 Codd.
2363 2293 2414 2321 ex

1449 2349 1594 2399 quibus
1624 2349 1828 2386 variantes
1852 2346 1989 2396 plures
2012 2345 2178 2396 margini
2203 2343 2414 2383 adiecerat.

1452 2413 1617 2461 insuper
1660 2409 1851 2460 epistolas
1894 2408 2010 2458 longe
2055 2406 2211 2457 plures,
2241 2416 2342 2457 quas
2372 2406 2411 2443 in

1447 2472 1652 2511 codicibus
1683 2471 1758 2509 illis
1790 2474 1933 2509 nactus
1962 2472 2025 2508 est
2056 2470 2093 2507 in
2121 2467 2311 2508 Schardio
2336 2467 2416 2506 fru-

1450 2540 1532 2573 stra
1563 2532 1813 2584 quaerendas
1845 2534 1882 2570 in
1923 2531 2001 2570 fine
2045 2532 2131 2570 eius
2172 2529 2416 2569 collectionis·

1450 2597 1673 2646 descripsit.
1720 2595 1778 2633 An
1811 2594 1900 2633 illac
1942 2593 2190 2632 accessoriae
2226 2590 2415 2643 epistolae

1450 2659 1612 2698 eaedem
1660 2659 1826 2696 omnino
1857 2657 1938 2694 sint
1980 2666 2071 2695 cum
2103 2655 2207 2702 illis,
2237 2663 2338 2704 quas
2366 2663 2416 2691 ex

1449 2721 1668 2760 Mabillonio
1711 2719 1897 2769 vulgavit
1940 2719 2143 2756 Martenus
2173 2717 2211 2754 in
2241 2726 2288 2754 ea
2315 2719 2416 2753 tem-

1450 2785 1555 2835 poris
1585 2783 1770 2833 angustia
1803 2780 2044 2829 investigare
2075 2789 2151 2816 non
2184 2777 2304 2828 potui.
2335 2775 2357 2800 ³*

1506 2845 1650 2884 PETRl
1680 2845 1757 2881 Viri
1788 2841 2046 2880 disertissimi
2077 2839 2323 2892 eoeceptiones
2346 2837 2418 2877 Le-

1450 2918 1544 2958 9um
1566 2909 1836 2944 Romanarum
1853 2934 1863 2951 ‚
1883 2901 1936 2941 ad
1958 2899 2157 2941 Odilonem
2176 2930 2184 2950 ‚
2204 2900 2419 2940 Manuscri-

1452 2972 1543 3018 ptae
1570 2959 1606 3004 in
1633 2966 1819 3005 Biblioth.
1842 2966 1961 3016 Regia
1986 2965 2106 3003 Paris.
2132 2961 2274 3002 Codice
2299 2960 2415 3001 1817.

1455 3035 1558 3068 teste
1589 3030 1749 3079 cangio.

1508 3091 1702 3130 PETRUS
1738 3088 1991 3129 Visselbecius
2020 3087 2118 3128 Vide
2148 3084 2416 3126 Huaeariense

1457 3152 1675 3194 Chrom‘con
1700 3163 1817 3203 supra
1844 3157 1940 3191 tom.
1965 3152 2001 3190 3.
2027 3161 2112 3202 pag.
2137 3147 2230 3188 287.

1465 3307 1517 3337 Vl.
1542 3313 1617 3344 pag.
1639 3303 1713 3335 615.

1522 3355 1553 3391 a)
1576 3358 1654 3384 tom.
1680 3352 1711 3382 3.
1735 3359 1808 3391 pag.
1835 3350 1905 3381 109.
