2517 4009
865 215 1311 256 RUDOLPHUS

27 277 39 347 ’-
90 288 231 327 mitum
263 286 421 326 rediret.
445 289 485 324 et
501 296 643 335 operas
661 286 1043 338 WiceliOJungeret,

89 348 142 386 illi
173 359 288 398 porro
318 348 453 386 favere
478 356 556 383 non
587 347 727 396 potuit.

141 408 266 459 AJunt
285 409 404 447 etiam
428 407 537 445 illum
557 406 754 458 Epistolas
770 406 1046 448 obscurorum

92 469 274 509 Virorum
307 469 608 519 composuisse,
639 469 716 507 vel.
740 474 850 507 certe
875 471 1046 520 primum

87 532 223 570 earum
254 530 448 569 Volumen
471 561 478 578 ‚
503 529 607 579 quod
631 540 664 567 a.
693 530 809 568 4547.
835 531 871 568 li.
893 529 1048 580 prodiit.

86 591 150 632 Sic
179 592 287 630 enim
317 591 469 630 Auctor
498 591 787 641 Responsionis
817 591 864 630 ad
910 591 1050 642 Apolo-

85 653 188 705 giam
220 664 258 704 p.
298 655 360 692 44.
396 652 490 691 edit.
529 664 682 692 novae:
734 654 781 692 Ut
807 652 964 691 interim
993 656 1050 691 ta-

80 725 193 755 ceam
222 712 395 753 libellum
425 713 537 752 illum
569 718 679 752 tuum
702 745 709 762 ‚
734 714 806 766 qui
819 713 948 752 decem
958 724 1051 766 pos-

83 775 137 816 sit
161 786 356 815 exercere
382 776 626 815 Democrz'tos
644 809 654 825 ,
679 776 950 815 Obscurorum
975 787 1050 815 scz-

83 835 177 877 licet
205 838 388 877 Virorum
419 839 645 888 Epistolas,
676 848 781 889 quae
823 836 924 875 nihil
962 836 1049 889 fue-

51 902 199 948 ·‚runt,
228 909 349 951 quam
381 898 605 939 Classicum
636 897 860 950 quoddam,
887 898 942 937 ad
962 910 1050 937 con-

48 963 49 966 ’
80 959 256 1002 citandos
285 965 324 1000 et
361 960 580 1000 armandos
623 960 818 1000 adversus
862 960 1052 1012 Papisius

78 1022 191 1062 novis
218 1022 400 1062 conviciis
429 1034 521 1073 eos,
551 1023 622 1075 qui
639 1035 717 1074 per
745 1034 830 1073 sese
856 1028 935 1061 tam
951 1022 1056 1062 salse

78 1081 188 1132 dicta
214 1095 292 1122 non
321 1088 441 1123 erant
473 1085 690 1131 inventuri,
727 1086 851 1134 Quem
881 1083 1053 1123 libellum

50 1141 54 1146 ’
79 1150 194 1186 tuum
216 1145 326 1185 haud
346 1145 471 1185 dubie
501 1157 618 1185 amas
642 1146 684 1184 in
705 1145 808 1185 hunc
837 1145 939 1184 diem
954 1149 1053 1184 tene-

79 1206 197 1256 rius,
227 1219 351 1259 quam
381 1208 501 1248 simia
526 1206 710 1258 prolem:
741 1218 855 1258 quem
875 1207 1049 1254 satscio‚

44 1319 47 1324 ι
76 1269 136 1308 sic
164 1269 414 1317 admiraris,
445 1269 507 1308 sic
535 1275 584 1306 ut
617 1272 726 1306 tuum
758 1267 957 1306 inventum
986 1267 1049 1306 de-

72 1331 211 1384 peri-s,
241 1333 288 1369 ut
317 1330 483 1370 Homeri
525 1327 664 1367 malles
712 1328 876 1366 interire
921 1327 1049 1366 Iliada

77 1403 197 1444 quam
245 1389 334 1431 illos
376 1391 487 1431 Croti
529 1390 793 1429 suavissimos
834 1389 967 1438 risus,
1012 1393 1050 1428 et

76 1452 319 1492 immortales
328 1452 375 1492 de
387 1451 560 1504 Papiste‘s
574 1451 786 1490 cachinnos
796 1450 1044 1489 intercidere.

129 1515 274 1555 Confer
300 1515 350 1554 de
391 1515 457 1554 illo
486 1513 777 1553 Motschmanni
818 1512 1042 1552 Erfordiam

75 1577 273 1618 literatam
303 1577 578 1617 continuatam
610 1575 774 1614 Collect.
806 1575 853 1614 Il.
886 1587 920 1625 p.
952 1574 1042 1613 247.

51 1632 116 1678 ἐι
143 1650 246 1690 quos
274 1644 480 1690 praeterea
510 1638 655 1689 allegat
684 1638 740 1676 ,Ιο-
772 1637 885 1676 Balth
924 1639 1045 1687 Beys-

75 1699 255 1753 chlagius
280 1702 317 1739 in
341 1701 498 1752 Sylloge
522 1700 724 1738 variorum
749 1698 1042 1750 opusculorum

75 1766 172 1802 tom.
200 1763 228 1802 1.
258 1763 390 1802 fascic.
421 1763 458 1802 2.
489 1774 526 1813 p.
557 1762 649 1801 292.

30 1830 31 1834 ’
125 1824 396 1864 RUBERTUS
416 1854 427 1871 ‚
457 1824 544 1862 vide
575 1824 674 1862 inira
705 1825 918 1873 Rupertus.

128 1885 442 1934 RUCELlNUS,
473 1885 566 1924 vide
596 1883 842 1924 Roscelinus.

121 1948 411 1988 RUDIGERUS
429 1976 438 1996 ‚
455 1948 678 1998 Episcopus
694 1947 894 1996 Spirensis
912 1974 920 1992 ‚
945 1946 1041 1983 scri-

73 2011 153 2062 psit
182 2008 332 2049 librum
366 2007 565 2048 adversus
599 2006 798 2052 Iudaeos,
838 2006 946 2045 Vixit
975 2017 1044 2044 an-

44 2082 126 2121 ,υο
153 2070 394 2111 4084-4090.
426 2071 668 2108 possevinus
699 2073 806 2106 tomo
836 2068 884 2106 11.
915 2067 1046 2117 Appa-

72 2138 187 2174 ratus
203 2145 242 2184 p.
263 2131 355 2172 358.
387 2131 500 2172 Adde
516 2131 684 2170 Galliam
703 2130 851 2170 Christ.
883 2130 928 2168 V.
949 2129 1042 2168 723.

59 2192 64 2194 ’
122 2195 456 2236 RUDIMENTUM
510 2192 764 2232 Novitiorum
795 2223 804 2240 ‚
858 2192 1042 2242 Epitome

72 2257 159 2297 sive
187 2257 375 2308 Systema
404 2255 607 2294 Historiae
637 2253 881 2293 universalis
912 2252 1042 2291 medio

46 2326 170 2358 'aevo
211 2322 374 2356 auctore
417 2318 568 2355 incerto
605 2316 785 2354 confecta
829 2319 870 2354 et
900 2316 937 2353 in
969 2325 1039 2352 sex

72 2383 226 2419 aetates
249 2378 377 2417 divisa
395 2407 404 2425 ‚
431 2378 573 2428 prodiit
598 2377 777 2416 Lubecae
799 2388 868 2428 per
893 2378 1039 2416 Lucam

70 2440 242 2481 Brandis
266 2439 315 2478 de.
347 2438 522 2484 SchoSS‚
554 2437 668 2477 4475.
700 2439 763 2476 fol.
808 2439 962 2476 Evolve
991 2437 1040 2475 de

72 2502 148 2541 hoc
175 2513 294 2553 opere
316 2501 361 2540 V.
380 2500 422 2538 C.
444 2501 501 2538 J0.
527 2500 645 2538 Henr.
671 2509 691 2536 a
717 2499 859 2537 Seelen
885 2499 1040 2537 Selecta

54 2563 243 2603 ·literaria
274 2574 310 2613 p.
342 2562 432 2601 558.
462 2560 556 2599 edit.
588 2565 736 2611 poster.
766 2564 805 2598 et
836 2559 1041 2598 historiam

74 2625 359 2677 typographiae
389 2623 633 2662 Lubecensis
662 2633 699 2672 p.
729 2621 765 2660 [ι.
797 2633 887 2671 sqq.

66 2712 81 2721 κ
125 2685 366 2726 Laurentius
382 2684 430 2724 de
451 2681 752 2729 RUDOLPHlS,
774 2683 941 2722 Senator
963 2680 1046 2718 Flo-

52 2749 262 2788 >rentinus
279 2777 288 2796 ‚
308 2748 376 2798 qui
403 2746 547 2785 ibidem
575 2746 663 2784 lura
689 2745 852 2791 docuit,
878 2747 918 2780 et
943 2742 1047 2792 lega—

54 2810 250 2850 -tionibus
290 2810 442 2860 aliquot
486 2819 555 2858 pro
600 2808 725 2857 patria
773 2806 936 2843 iunctus
973 2807 1045 2841 est.

47 2871 183 2912 ,Vixit
211 2883 293 2912 sec.
321 2871 407 2909 XV.
439 2880 566 2920 usque
603 2868 650 2907 ad
695 2878 845 2907 annum
890 2866 1048 2903 circiter

79 2933 195 2973 ⁴450.
220 2932 322 2984 Ejus
347 2936 443 2971 sunt
463 2929 652 2983 Repetitio
677 2940 708 2967 c.
726 2928 809 2968 sine
836 2926 920 2966 XII.
947 2926 984 2963 9.
1009 2926 1044 2963 2.

77 2992 300 3046 Disputatio
319 2991 503 3032 solemnis
524 3023 533 3039 ,
564 2990 750 3042 Repetitio
789 3001 820 3027 c.
861 2985 1049 3025 monachi

82 3055 249 3096 XVI..9.
279 3057 316 3094 4.
345 3064 448 3104 quae
477 3053 596 3090 simul
641 3053 833 3102 impressa
865 3054 960 3088 sunt
990 3049 1047 3086 Pi-

81 3118 186 3156 seiae
217 3115 333 3155 4489.
363 3114 426 3152 fol.
455 3113 667 3151 Tractatus
695 3111 742 3150 de
766 3110 918 3149 usuris.
956 3108 1046 3147 ibid.

81 3177 198 3218 ili90.
230 3177 294 3216 iol.
318 3173 595 3226 Defensorium
620 3173 760 3212 Montis
786 3170 953 3210 Pietatis
973 3180 1044 3209 seu

80 3239 127 3280 de
151 3236 328 3281 cambiis
357 3240 394 3276 et
416 3235 556 3274 usuris
576 3265 584 3284 ,
611 3234 799 3273 Practz'ca
819 3237 855 3272 et
880 3232 1044 3271 Theoria

83 3311 218 3341 eorum
233 3332 243 3350 ,
265 3311 341 3352 que
366 3298 513 3349 injure
535 3295 766 3350 frequenter
791 3295 1040 3345 contingunt,

2013 217 2093 258 1025

1133 284 1348 325 Consilium
1373 285 1666 324 matrimoniale
1690 289 1758 324 etc.
1781 286 1878 325 Vide
1899 288 2092 327 Pancirol-

1121 347 1202 385 lum
1233 347 1282 385 de
1306 348 1424 385 claris
1450 349 1598 397 Legum
1641 347 1950 398 interpretibus,
1982 347 2090 398 Nigri

1122 408 1344 457 Scriptores
1375 409 1623 447 Florentinos
1641 440 1650 456 ,
1679 410 1831 448 Goetzii
1862 410 2092 449 Memorabi-

1123 469 1171 508 lia
1190 470 1273 508 Bibl
1297 471 1439 519 Regiae
1456 470 1696 508 Dresdensis
1711 471 1832 509 Vol.1.
1851 483 1888 522 p.
1903 471 2088 511 454.544.

1179 530 1262 571 (344
1310 530 1408 569 Vide
1447 541 1566 581 supra
1594 531 1916 571 LAURENTIUS
1940 531 1989 571 de
2018 534 2092 573 Ro-

1123 590 1283 642 dulplzis
1307 597 1347 630 et
1373 592 1501 630 Vitam
1528 593 1615 631 eius
1642 594 1774 631 italice
1800 595 1905 632 inter
1943 594 2042 634 alias
2068 606 2090 634 a

1126 654 1373 703 Vespasiano
1398 659 1595 692 exaratas.
1622 656 1745 694 Roma
1774 656 1873 694 4839
1899 655 1968 703 8.)

1178 714 1478 754 RUDOLPHUS
1507 714 1717 764 Amic-ola,
1762 722 1879 756 natus
1912 719 1948 755 in
1991 718 2085 757 villa

1125 775 1258 827 Basloo
1304 786 1379 813 non
1434 777 1567 826 procul
1612 789 1631 815 a
1682 777 1905 829 Graeninga
1925 808 1934 826 ,
1985 780 2089 818 circa

1124 849 1158 876 a.
1190 837 1305 876 4442.
1339 838 1498 875 Lovanii
1526 838 1650 876 literis
1676 839 1879 887 incubuit,
1912 845 1999 890 post
2031 842 2092 879 iti-

1127 910 1219 937 nera
1253 901 1290 936 in
1321 898 1487 938 Galliam
1519 904 1558 937 et
1590 899 1741 938 ltaliam
1767 903 1969 951 suscepit,
1990 902 2091 940 Tbe-

1126 960 1233 998 odori
1267 960 1416 1009 Gazae,
1439 961 1693 999 Aristotelem
1724 961 1959 1012 explicantis
1982 961 2091 1001 audi-

1127 1027 1199 1060 tor.
1228 1023 1270 1060 ln
1297 1024 1463 1072 patriam
1488 1033 1680 1061 reversus
1703 1024 1795 1073 reip.
1823 1021 2091 1073 Graeningen-

1127 1086 1183 1121 sis
1213 1083 1431 1133 Syndicum
1454 1085 1535 1135 egit
1556 1114 1563 1128 .
1582 1084 1650 1123 sed
1674 1088 1762 1135 post
1784 1085 1904 1123 breve
1929 1090 2090 1135 tempus

1126 1156 1260 1184 amore
1291 1145 1486 1184 libertatis
1532 1151 1572 1184 et
1620 1146 1843 1185 studiorum
1890 1147 2088 1196 impulsus

1127 1207 1249 1245 vitam
1309 1209 1503 1257 privatam
1547 1208 1759 1257 praetulit,
1806 1208 1944 1246 ultimo
1984 1210 2090 1246 vitae

1125 1271 1303 1317 tempore
1335 1267 1578 1306 Wormatiae
1603 1269 1706 1318 apud
1733 1269 1925 1307 loannem
1953 1270 2092 1308 Came·

1125 1329 1271 1366 rarium
1290 1357 1300 1374 ,
1323 1327 1582 1378 Dalburgium
1607 1361 1616 1376 ‚
1643 1330 1882 1380 Episcopum
1905 1360 1912 1377 ,
1937 1334 1976 1368 et
1997 1328 2091 1368 Hei-

1123 1388 1334 1439 delbergae
1366 1393 1562 1427 versatus.
1598 1390 1709 1428 Unus
1738 1402 1787 1428 ex
1819 1393 1957 1440 primis
1987 1391 2089 1437 fuit,

1121 1450 1188 1500 qui
1219 1448 1351 1488 studia
1377 1449 1612 1488 humaniora
1639 1452 1674 1488 in
1705 1450 1958 1489 Germaniam
1988 1453 2092 1490 intu-

1121 1512 1267 1550 lerunt.
1285 1512 1476 1562 Linguam
1500 1510 1739 1550 Hebraicam
1762 1512 1900 1550 ultimo
1921 1511 2083 1550 demum

1122 1574 1227 1611 vitae
1258 1577 1436 1623 tempore
1466 1584 1486 1611 a
1517 1572 1668 1611 Judaco
1698 1572 1846 1611 didicit.
1876 1573 1981 1612 Obiit
2007 1575 2090 1612 Hei-

1119 1635 1330 1685 delbergae
1362 1635 1411 1672 24
1441 1634 1578 1673 Octob.
1612 1636 1624 1673 4
1639 1635 1728 1673 485.
1770 1646 1790 1673 a
1835 1636 1945 1672 Joan.
1991 1635 2091 1672 Reu-

1119 1696 1251 1735 chlino
1280 1700 1370 1746 post
1401 1699 1570 1733 mortem
1602 1695 1802 1734 laudatus.
1833 1697 1892 1733 Jo.
1922 1696 2092 1734 Saxonis

1121 1757 1381 1796 llolsatiensis
1411 1757 1545 1795 Oratio
1583 1756 1631 1794 de
1682 1757 1767 1794 Vita
1814 1756 1903 1808 ejus
1949 1756 2092 1806 prodiit

1122 1817 1283 1856 Witteb.
1305 1817 1470 1856 4539.8.
1494 1822 1534 1855 et
1562 1819 1598 1854 in
1626 1817 1990 1856 Declamationibus
2015 1818 2091 1855 Me-

1119 1879 1357 1918 lanchtonis.
1388 1879 1503 1917 Plura
1529 1878 1578 1916 dc
1611 1879 1693 1928 ipso
1723 1878 1820 1916 dant
1845 1878 2090 1917 Tritbemius

1119 1941 1168 1980 de
1199 1942 1387 1991 Scriptor.
1419 1940 1572 1979 Eccles.
1605 1951 1638 1978 c.
1671 1939 1760 1978 870.
1791 1945 1831 1977 et
1864 1939 1913 1978 de
1955 1942 2091 1990 script.

1119 2000 1254 2041 Germ.
1300 2014 1334 2041 c.
1379 2003 1470 2040 224.
1511 2000 1635 2040 chr.
1666 2001 1915 2040 Whartonus
1945 2003 1982 2038 in
2014 2002 2090 2052 Ap-

1119 2064 1238 2115 pend.
1270 2064 1317 2103 ad
1351 2066 1530 2104 Caveum
1549 2095 1558 2112 ,
1591 2063 1694 2102 Aub.
1722 2064 1892 2102 Miraeus
1921 2062 1968 2100 de
1996 2064 2092 2101 scri-

1119 2132 1220 2177 ptor.
1251 2127 1402 2165 Eccles.
1434 2131 1475 2164 et
1502 2127 1539 2164 in
1565 2126 1712 2177 Elogiis
1737 2125 1917 2176 Belgicis.
1940 2137 1973 2175 p.
2001 2125 2089 2164 408.

1116 2189 1274 2227 Baelius
1307 2191 1343 2225 in
1371 2189 1535 2236 Lexico,
1561 2187 1644 2225 Val.
1669 2186 1852 2226 Andreae
1878 2186 1976 2225 Bibl.
2003 2187 2090 2224 Bel-

1115 2252 1200 2301 gica
1231 2263 1266 2300 p.
1297 2250 1387 2287 798.
1420 2250 1620 2287 Swertius
1650 2250 1687 2285 in
1720 2248 1891 2286 Athenis
1917 2249 2085 2298 Belgicis

1116 2324 1151 2363 p.
1170 2310 1472 2350 663.Suffridus
1490 2311 1591 2348 Petri
1609 2309 1658 2348 de
1676 2309 1938 2359 scriptoribus
1956 2311 2087 2348 Frisae

1115 2375 1208 2412 Dec.
1226 2373 1326 2411 VIII.
1347 2374 1381 2411 5.
1401 2372 1620 2410 Niceronus
1636 2371 1859 2409 t.XXXlll.
1884 2381 1918 2420 p.
1940 2370 2029 2408 480.

1167 2434 1294 2485 Opera
1326 2432 1414 2484 ejus
1444 2432 1639 2483 quaedam
1682 2431 1758 2469 sub
1801 2431 1916 2469 titulo
1956 2431 2085 2468 Lucu-

1117 2493 1342 2533 brationum
1375 2493 1608 2545 prodierunt
1638 2493 1772 2531 Colon.
1806 2492 1921 2530 4474.
1947 2493 1980 2530 4.
2006 2492 2082 2531 sub

1117 2557 1232 2594 titulo
1261 2555 1584 2606 Opusculorum‚
1620 2554 1814 2602 Antverp.
1850 2553 1952 2603 apud
1986 2554 2087 2592 The-

1119 2616 1320 2654 odoricnm
1353 2617 1505 2654 Martini
1539 2616 1654 2653 4544.
1689 2615 1721 2651 4.
1752 2615 1868 2652 Basil.
1906 2615 2019 2653 4548.
2051 2616 2084 2653 4.

1119 2678 1476 2727 Antverpiensium
1503 2677 1564 2714 hic
1582 2680 1644 2714 cst
1666 2676 1807 2714 titulus
1827 2689 1833 2713 :
1856 2675 1948 2714 Rod.
1969 2677 2086 2726 ,49νὶ-

1119 2737 1227 2777 colae
1271 2736 1458 2776 nonnulla
1506 2736 1708 2789 Opuscula
1749 2735 1822 2775 hac
1864 2741 2087 2788 sequuntur

1119 2801 1233 2840 serie.
1265 2799 1470 2838 figi-z'oclzus
1503 2798 1676 2837 Platonis
1719 2798 1766 2837 de
1808 2799 2086 2838 contemnenda

1120 2866 1243 2900 morte
1271 2871 1414 2900 versus
1429 2863 1448 2900 e
1466 2860 1618 2899 Graeco
1637 2860 1674 2898 in
1694 2860 1889 2898 Latinum.
1909 2859 2086 2912 Epistola
2152 2887 2157 2891 -

1120 2923 1166 2963 de
1195 2934 1410 2975 conyressu
1435 2923 1697 2974 Imperatoris
1729 2921 1933 2960 Fridericz‘
1949 2926 1987 2961 et
2008 2923 2085 2963 Ca-

1120 2985 1196 3024 roli
1227 2984 1558 3036 Buryundionum
1582 2984 1711 3022 Ducis.
1733 2983 1930 3034 Epi'stolae
1945 2984 2085 3023 variae

1119 3047 1174 3086 act
1191 3045 1384 3086 Jacobum
1406 3044 1696 3084 Barbirianum
1714 3044 1760 3082 cle
1776 3056 1821 3082 re
1842 3043 2085 3085 Scholastica

1119 3107 1411 3159 Antverpiensi’.
1434 3107 1528 3144 Item
1549 3105 1594 3144 de
1614 3104 1823 3156 formando
1846 3104 1978 3145 studio
1995 3117 2084 3145 cum

1118 3169 1254 3208 multis
1278 3167 1379 3206 aliis.
1403 3166 1643 3206 Paraenesis
1670 3167 1858 3205 Isocratis
1879 3166 1934 3206 ad
1948 3167 2085 3206 Demo-

1119 3232 1249 3269 nicum
1269 3242 1287 3268 e
1304 3230 1456 3268 Graeco
1476 3230 1515 3266 ιἰι
1537 3229 1717 3267 Latinum
1734 3228 1932 3267 traducta.
1946 3229 2082 3268 Oratio

1117 3292 1155 3329 in
1181 3289 1336 3329 laudem
1381 3289 1661 3342 Philosophiae.
1710 3290 1845 3328 Oratio
1879 3290 1932 3328 ad
1962 3291 2075 3328 Inno-

1697 3369 1774 3406 205
