<?xml version="1.0" encoding="UTF-8"?>
<!DOCTYPE html PUBLIC "-//W3C//DTD XHTML 1.0 Transitional//EN"
    "http://www.w3.org/TR/xhtml1/DTD/xhtml1-transitional.dtd">
<html xmlns="http://www.w3.org/1999/xhtml" xml:lang="en" lang="en">
 <head>
  <title>
</title>
<meta http-equiv="Content-Type" content="text/html;charset=utf-8" />
  <meta name='ocr-system' content='tesseract 3.04.00' />
  <meta name='ocr-capabilities' content='ocr_page ocr_carea ocr_par ocr_line ocrx_word'/>
</head>
<body>
  <div class='ocr_page' id='page_1' title='image "./bibliothecalatin05fabruoft/bibliothecalatin05fabruoft_0124.png"; bbox 0 0 2533 4009; ppageno 0'>
   <div class='ocr_carea' id='block_1_1' title="bbox 410 277 1380 3455">
    <p class='ocr_par' dir='ltr' id='par_1_1' title="bbox 421 277 1377 519">
     <span class='ocr_line' id='line_1_1' title="bbox 431 277 502 316; baseline -0.014 0"><span class='ocrx_word' id='word_1_1' title='bbox 431 277 502 316; x_wconf 82' lang='grc'>122</span> 
     </span>
     <span class='ocr_line' id='line_1_2' title="bbox 429 341 1373 391; baseline -0.002 -8"><span class='ocrx_word' id='word_1_2' title='bbox 429 343 554 383; x_wconf 72' lang='lat' dir='ltr'>Vitelli</span> <span class='ocrx_word' id='word_1_3' title='bbox 575 343 735 383; x_wconf 87' lang='lat' dir='ltr'>Corithii</span> <span class='ocrx_word' id='word_1_4' title='bbox 765 343 849 379; x_wconf 83' lang='lat' dir='ltr'>sive</span> <span class='ocrx_word' id='word_1_5' title='bbox 880 341 1161 388; x_wconf 84' lang='lat' dir='ltr'>Cortonensis‚</span> <span class='ocrx_word' id='word_1_6' title='bbox 1188 342 1373 391; x_wconf 77' lang='lat' dir='ltr'>Epistola</span> 
     </span>
     <span class='ocr_line' id='line_1_3' title="bbox 422 404 1377 453; baseline -0.003 -8"><span class='ocrx_word' id='word_1_7' title='bbox 422 407 467 445; x_wconf 89' lang='lat' dir='ltr'>ad</span> <span class='ocrx_word' id='word_1_8' title='bbox 497 407 749 446; x_wconf 82' lang='lat' dir='ltr'>Parthenium</span> <span class='ocrx_word' id='word_1_9' title='bbox 778 405 1043 441; x_wconf 81' lang='lat' dir='ltr'>Benacensem</span> <span class='ocrx_word' id='word_1_10' title='bbox 1062 434 1072 451; x_wconf 92' lang='lat'>,</span> <span class='ocrx_word' id='word_1_11' title='bbox 1098 414 1175 453; x_wconf 84' lang='lat' dir='ltr'>qua</span> <span class='ocrx_word' id='word_1_12' title='bbox 1197 404 1377 442; x_wconf 74' lang='lat' dir='ltr'>Perottus</span> 
     </span>
     <span class='ocr_line' id='line_1_4' title="bbox 421 468 735 519; baseline -0.01 -13"><span class='ocrx_word' id='word_1_13' title='bbox 421 468 735 519; x_wconf 79' lang='lat' dir='ltr'>reprehenditur.</span> 
     </span>
    </p>

    <p class='ocr_par' dir='ltr' id='par_1_2' title="bbox 420 526 1378 753">
     <span class='ocr_line' id='line_1_5' title="bbox 474 526 1378 578; baseline -0.002 -10"><span class='ocrx_word' id='word_1_14' title='bbox 474 529 706 569; x_wconf 81' lang='lat' dir='ltr'>Rudimenta</span> <span class='ocrx_word' id='word_1_15' title='bbox 728 526 1016 566; x_wconf 86' lang='lat' dir='ltr'>Grammatices</span> <span class='ocrx_word' id='word_1_16' title='bbox 1039 528 1086 567; x_wconf 86' lang='lat' dir='ltr'>ad</span> <span class='ocrx_word' id='word_1_17' title='bbox 1114 529 1279 578; x_wconf 81' lang='lat' dir='ltr'>Pyrrum</span> <span class='ocrx_word' id='word_1_18' title='bbox 1312 540 1378 566; x_wconf 88' lang='lat' dir='ltr'>ue-</span> 
     </span>
     <span class='ocr_line' id='line_1_6' title="bbox 420 590 1375 642; baseline 0.001 -13"><span class='ocrx_word' id='word_1_19' title='bbox 420 598 684 642; x_wconf 64' lang='lat' dir='ltr'>potenisuiim</span> <span class='ocrx_word' id='word_1_20' title='bbox 707 590 842 627; x_wconf 84' lang='lat' dir='ltr'>Venet.</span> <span class='ocrx_word' id='word_1_21' title='bbox 867 591 981 629; x_wconf 90' lang='grc'>4476.</span> <span class='ocrx_word' id='word_1_22' title='bbox 1005 592 1124 640; x_wconf 68' lang='lat' dir='ltr'>Neap.</span> <span class='ocrx_word' id='word_1_23' title='bbox 1152 590 1255 630; x_wconf 88' lang='grc'>4478</span> <span class='ocrx_word' id='word_1_24' title='bbox 1274 592 1375 630; x_wconf 88' lang='grc'>4483</span> 
     </span>
     <span class='ocr_line' id='line_1_7' title="bbox 422 650 1376 704; baseline -0.001 -14"><span class='ocrx_word' id='word_1_25' title='bbox 422 654 483 691; x_wconf 82' lang='lat' dir='ltr'>fol.</span> <span class='ocrx_word' id='word_1_26' title='bbox 515 654 634 690; x_wconf 78' lang='lat' dir='ltr'>Paris.</span> <span class='ocrx_word' id='word_1_27' title='bbox 659 651 773 689; x_wconf 83' lang='grc'>4479.</span> <span class='ocrx_word' id='word_1_28' title='bbox 801 652 863 690; x_wconf 85' lang='lat' dir='ltr'>fol.</span> <span class='ocrx_word' id='word_1_29' title='bbox 889 650 1023 691; x_wconf 90' lang='lat' dir='ltr'>Colon.</span> <span class='ocrx_word' id='word_1_30' title='bbox 1050 653 1163 692; x_wconf 81' lang='grc'>4522.</span> <span class='ocrx_word' id='word_1_31' title='bbox 1191 654 1225 691; x_wconf 90' lang='grc'>4.</span> <span class='ocrx_word' id='word_1_32' title='bbox 1254 652 1376 704; x_wconf 78' lang='lat' dir='ltr'>Lugd.</span> 
     </span>
     <span class='ocr_line' id='line_1_8' title="bbox 421 714 960 753; baseline -0.002 0"><span class='ocrx_word' id='word_1_33' title='bbox 421 715 532 753; x_wconf 79' lang='grc'>4544.</span> <span class='ocrx_word' id='word_1_34' title='bbox 560 714 594 751; x_wconf 90' lang='grc'>8.</span> <span class='ocrx_word' id='word_1_35' title='bbox 618 714 756 752; x_wconf 76' lang='lat' dir='ltr'>Venet.</span> <span class='ocrx_word' id='word_1_36' title='bbox 783 715 897 753; x_wconf 77' lang='grc'>4564.</span> <span class='ocrx_word' id='word_1_37' title='bbox 925 716 960 753; x_wconf 90' lang='grc'>8.</span> 
     </span>
    </p>

    <p class='ocr_par' dir='ltr' id='par_1_3' title="bbox 416 775 1377 950">
     <span class='ocr_line' id='line_1_9' title="bbox 467 775 1377 828; baseline 0.003 -15"><span class='ocrx_word' id='word_1_38' title='bbox 467 776 522 813; x_wconf 87' lang='lat' dir='ltr'>De</span> <span class='ocrx_word' id='word_1_39' title='bbox 537 775 674 815; x_wconf 85' lang='lat' dir='ltr'>metris</span> <span class='ocrx_word' id='word_1_40' title='bbox 691 776 738 815; x_wconf 91' lang='lat' dir='ltr'>ad</span> <span class='ocrx_word' id='word_1_41' title='bbox 764 777 952 815; x_wconf 87' lang='lat' dir='ltr'>Jacobum</span> <span class='ocrx_word' id='word_1_42' title='bbox 980 778 1234 828; x_wconf 83' lang='lat' dir='ltr'>Schioppum,</span> <span class='ocrx_word' id='word_1_43' title='bbox 1259 779 1377 817; x_wconf 79' lang='lat' dir='ltr'>Vero-</span> 
     </span>
     <span class='ocr_line' id='line_1_10' title="bbox 418 839 1376 879; baseline 0.004 -4"><span class='ocrx_word' id='word_1_44' title='bbox 418 849 595 876; x_wconf 79' lang='lat' dir='ltr'>nensem.</span> <span class='ocrx_word' id='word_1_45' title='bbox 623 839 761 877; x_wconf 79' lang='lat' dir='ltr'>Venet.</span> <span class='ocrx_word' id='word_1_46' title='bbox 798 840 913 879; x_wconf 88' lang='grc'>4497.</span> <span class='ocrx_word' id='word_1_47' title='bbox 941 840 976 878; x_wconf 88' lang='grc'>4.</span> <span class='ocrx_word' id='word_1_48' title='bbox 1000 844 1040 878; x_wconf 86' lang='lat' dir='ltr'>et</span> <span class='ocrx_word' id='word_1_49' title='bbox 1063 852 1153 879; x_wconf 91' lang='lat' dir='ltr'>cum</span> <span class='ocrx_word' id='word_1_50' title='bbox 1189 840 1376 879; x_wconf 80' lang='lat' dir='ltr'>Diomede</span> 
     </span>
     <span class='ocr_line' id='line_1_11' title="bbox 416 901 1173 950; baseline 0.003 -12"><span class='ocrx_word' id='word_1_51' title='bbox 416 905 536 950; x_wconf 85' lang='lat' dir='ltr'>atque</span> <span class='ocrx_word' id='word_1_52' title='bbox 557 901 643 939; x_wconf 88' lang='lat' dir='ltr'>aliis</span> <span class='ocrx_word' id='word_1_53' title='bbox 663 901 943 940; x_wconf 76' lang='lat' dir='ltr'>Grammaticis</span> <span class='ocrx_word' id='word_1_54' title='bbox 970 903 1084 941; x_wconf 78' lang='grc'>4522.</span> <span class='ocrx_word' id='word_1_55' title='bbox 1113 903 1173 940; x_wconf 88' lang='lat' dir='ltr'>fol.</span> 
     </span>
    </p>

    <p class='ocr_par' dir='ltr' id='par_1_4' title="bbox 413 962 1376 1202">
     <span class='ocr_line' id='line_1_12' title="bbox 468 962 1376 1015; baseline 0.002 -14"><span class='ocrx_word' id='word_1_56' title='bbox 468 964 523 1002; x_wconf 89' lang='lat' dir='ltr'>De</span> <span class='ocrx_word' id='word_1_57' title='bbox 544 962 757 1014; x_wconf 69' lang='lat' dir='ltr'>yenerz&#39;bus</span> <span class='ocrx_word' id='word_1_58' title='bbox 780 968 998 1002; x_wconf 82' lang='lat' dir='ltr'><em>metrorum</em></span> <span class='ocrx_word' id='word_1_59' title='bbox 1019 965 1164 1015; x_wconf 86' lang='lat' dir='ltr'>quibus</span> <span class='ocrx_word' id='word_1_60' title='bbox 1184 965 1376 1004; x_wconf 84' lang='lat' dir='ltr'>Horatius</span> 
     </span>
     <span class='ocr_line' id='line_1_13' title="bbox 416 1025 1375 1076; baseline 0.003 -13"><span class='ocrx_word' id='word_1_61' title='bbox 416 1026 579 1065; x_wconf 81' lang='lat' dir='ltr'>Flaccus</span> <span class='ocrx_word' id='word_1_62' title='bbox 596 1031 632 1064; x_wconf 88' lang='lat' dir='ltr'>et</span> <span class='ocrx_word' id='word_1_63' title='bbox 651 1025 868 1065; x_wconf 83' lang='lat' dir='ltr'>Severinus</span> <span class='ocrx_word' id='word_1_64' title='bbox 889 1026 1073 1066; x_wconf 85' lang='lat' dir='ltr'>Boethius</span> <span class='ocrx_word' id='word_1_65' title='bbox 1097 1030 1157 1066; x_wconf 89' lang='lat' dir='ltr'>usi</span> <span class='ocrx_word' id='word_1_66' title='bbox 1183 1033 1302 1076; x_wconf 79' lang='lat' dir='ltr'>sunt,</span> <span class='ocrx_word' id='word_1_67' title='bbox 1327 1027 1375 1066; x_wconf 87' lang='lat' dir='ltr'>ad</span> 
     </span>
     <span class='ocr_line' id='line_1_14' title="bbox 415 1088 1375 1128; baseline 0.002 -2"><span class='ocrx_word' id='word_1_68' title='bbox 415 1088 567 1127; x_wconf 83' lang='lat' dir='ltr'>Helium</span> <span class='ocrx_word' id='word_1_69' title='bbox 605 1091 804 1127; x_wconf 82' lang='lat' dir='ltr'>Perottum</span> <span class='ocrx_word' id='word_1_70' title='bbox 847 1089 1022 1127; x_wconf 83' lang='lat' dir='ltr'>fratrem.</span> <span class='ocrx_word' id='word_1_71' title='bbox 1064 1090 1240 1128; x_wconf 84' lang='lat' dir='ltr'>Venetiis</span> <span class='ocrx_word' id='word_1_72' title='bbox 1282 1095 1375 1128; x_wconf 86' lang='lat' dir='ltr'>ante</span> 
     </span>
     <span class='ocr_line' id='line_1_15' title="bbox 413 1150 1187 1202; baseline 0.003 -14"><span class='ocrx_word' id='word_1_73' title='bbox 413 1150 606 1189; x_wconf 75' lang='lat' dir='ltr'>editiones</span> <span class='ocrx_word' id='word_1_74' title='bbox 631 1151 822 1202; x_wconf 82' lang='lat' dir='ltr'>quasdam</span> <span class='ocrx_word' id='word_1_75' title='bbox 844 1152 987 1190; x_wconf 75' lang='lat' dir='ltr'>Horatii</span> <span class='ocrx_word' id='word_1_76' title='bbox 1010 1151 1187 1190; x_wconf 83' lang='lat' dir='ltr'>Aldinas.</span> 
     </span>
    </p>

    <p class='ocr_par' dir='ltr' id='par_1_5' title="bbox 410 1212 1377 1641">
     <span class='ocr_line' id='line_1_16' title="bbox 471 1212 1374 1253; baseline 0.003 -3"><span class='ocrx_word' id='word_1_77' title='bbox 471 1212 607 1251; x_wconf 87' lang='lat' dir='ltr'>Oratio</span> <span class='ocrx_word' id='word_1_78' title='bbox 632 1214 790 1251; x_wconf 87' lang='lat' dir='ltr'>nomine</span> <span class='ocrx_word' id='word_1_79' title='bbox 816 1214 1125 1252; x_wconf 88' lang='lat' dir='ltr'>Communitatis</span> <span class='ocrx_word' id='word_1_80' title='bbox 1154 1215 1374 1253; x_wconf 89' lang='lat' dir='ltr'>Bononien-</span> 
     </span>
     <span class='ocr_line' id='line_1_17' title="bbox 413 1274 1373 1327; baseline 0.005 -16"><span class='ocrx_word' id='word_1_81' title='bbox 413 1277 468 1312; x_wconf 87' lang='lat' dir='ltr'>sis</span> <span class='ocrx_word' id='word_1_82' title='bbox 493 1274 624 1314; x_wconf 84' lang='lat' dir='ltr'>habita</span> <span class='ocrx_word' id='word_1_83' title='bbox 648 1275 692 1314; x_wconf 85' lang='grc' dir='ltr'>Α.</span> <span class='ocrx_word' id='word_1_84' title='bbox 724 1276 836 1314; x_wconf 74' lang='grc'>4452.</span> <span class='ocrx_word' id='word_1_85' title='bbox 864 1287 931 1327; x_wconf 88' lang='lat' dir='ltr'>pro</span> <span class='ocrx_word' id='word_1_86' title='bbox 957 1276 1127 1315; x_wconf 87' lang='lat' dir='ltr'>iucunda</span> <span class='ocrx_word' id='word_1_87' title='bbox 1148 1278 1373 1327; x_wconf 75' lang='lat' dir='ltr'>receptione</span> 
     </span>
     <span class='ocr_line' id='line_1_18' title="bbox 414 1336 1374 1387; baseline 0.001 -12"><span class='ocrx_word' id='word_1_88' title='bbox 414 1336 624 1376; x_wconf 84' lang='lat' dir='ltr'>Frederiei</span> <span class='ocrx_word' id='word_1_89' title='bbox 645 1337 756 1376; x_wconf 89' lang='lat' dir='ltr'>tertii</span> <span class='ocrx_word' id='word_1_90' title='bbox 774 1338 892 1387; x_wconf 80' lang='lat' dir='ltr'>Regis</span> <span class='ocrx_word' id='word_1_91' title='bbox 918 1339 1196 1377; x_wconf 86' lang='lat' dir='ltr'>Romanorum.</span> <span class='ocrx_word' id='word_1_92' title='bbox 1228 1339 1374 1378; x_wconf 90' lang='lat' dir='ltr'>Prodiit</span> 
     </span>
     <span class='ocr_line' id='line_1_19' title="bbox 410 1400 1371 1453; baseline 0.003 -15"><span class='ocrx_word' id='word_1_93' title='bbox 410 1401 555 1438; x_wconf 87' lang='lat' dir='ltr'>Romae</span> <span class='ocrx_word' id='word_1_94' title='bbox 578 1400 695 1439; x_wconf 81' lang='grc'>4475.</span> <span class='ocrx_word' id='word_1_95' title='bbox 722 1401 746 1438; x_wconf 85' lang='lat' dir='ltr'>f.</span> <span class='ocrx_word' id='word_1_96' title='bbox 772 1401 875 1438; x_wconf 82' lang='lat' dir='ltr'>int-er</span> <span class='ocrx_word' id='word_1_97' title='bbox 899 1401 972 1439; x_wconf 87' lang='lat' dir='ltr'>alia</span> <span class='ocrx_word' id='word_1_98' title='bbox 1000 1402 1200 1441; x_wconf 87' lang='lat' dir='ltr'>variorum</span> <span class='ocrx_word' id='word_1_99' title='bbox 1226 1404 1371 1453; x_wconf 84' lang='lat' dir='ltr'>scripta</span> 
     </span>
     <span class='ocr_line' id='line_1_20' title="bbox 411 1463 1371 1514; baseline 0.002 -13"><span class='ocrx_word' id='word_1_100' title='bbox 411 1463 576 1502; x_wconf 88' lang='lat' dir='ltr'>collecta</span> <span class='ocrx_word' id='word_1_101' title='bbox 602 1464 650 1502; x_wconf 89' lang='lat' dir='ltr'>ab</span> <span class='ocrx_word' id='word_1_102' title='bbox 669 1464 832 1502; x_wconf 80' lang='lat' dir='ltr'>Alberto</span> <span class='ocrx_word' id='word_1_103' title='bbox 861 1464 910 1502; x_wconf 91' lang='lat' dir='ltr'>de</span> <span class='ocrx_word' id='word_1_104' title='bbox 931 1465 1032 1514; x_wconf 88' lang='lat' dir='ltr'>Eyb.</span> <span class='ocrx_word' id='word_1_105' title='bbox 1063 1466 1170 1503; x_wconf 80' lang='lat' dir='ltr'>Hanc</span> <span class='ocrx_word' id='word_1_106' title='bbox 1190 1470 1371 1503; x_wconf 87' lang='lat' dir='ltr'>octavam</span> 
     </span>
     <span class='ocr_line' id='line_1_21' title="bbox 410 1526 1377 1566; baseline 0.002 -2"><span class='ocrx_word' id='word_1_107' title='bbox 410 1537 499 1564; x_wconf 90' lang='lat' dir='ltr'>esse</span> <span class='ocrx_word' id='word_1_108' title='bbox 519 1528 620 1564; x_wconf 88' lang='lat' dir='ltr'>inter</span> <span class='ocrx_word' id='word_1_109' title='bbox 643 1527 786 1565; x_wconf 84' lang='lat' dir='ltr'>Perotti</span> <span class='ocrx_word' id='word_1_110' title='bbox 804 1526 1012 1565; x_wconf 77' lang='lat' dir='ltr'>Orationes</span> <span class='ocrx_word' id='word_1_111' title='bbox 1030 1526 1159 1566; x_wconf 87' lang='lat' dir='ltr'>XXX.</span> <span class='ocrx_word' id='word_1_112' title='bbox 1180 1532 1289 1566; x_wconf 87' lang='lat' dir='ltr'>notat</span> <span class='ocrx_word' id='word_1_113' title='bbox 1313 1529 1377 1566; x_wconf 90' lang='lat' dir='ltr'>Ja-</span> 
     </span>
     <span class='ocr_line' id='line_1_22' title="bbox 412 1588 1377 1641; baseline 0.003 -15"><span class='ocrx_word' id='word_1_114' title='bbox 412 1589 535 1627; x_wconf 89' lang='lat' dir='ltr'>cobus</span> <span class='ocrx_word' id='word_1_115' title='bbox 550 1588 729 1627; x_wconf 88' lang='lat' dir='ltr'>Gaddius</span> <span class='ocrx_word' id='word_1_116' title='bbox 754 1593 781 1627; x_wconf 89' lang='lat' dir='ltr'>t.</span> <span class='ocrx_word' id='word_1_117' title='bbox 807 1590 843 1628; x_wconf 90' lang='grc'>2.</span> <span class='ocrx_word' id='word_1_118' title='bbox 870 1588 918 1627; x_wconf 91' lang='lat' dir='ltr'>de</span> <span class='ocrx_word' id='word_1_119' title='bbox 940 1590 1200 1640; x_wconf 82' lang='lat' dir='ltr'>scriptoribus</span> <span class='ocrx_word' id='word_1_120' title='bbox 1225 1602 1262 1641; x_wconf 88' lang='lat' dir='ltr'>p.</span> <span class='ocrx_word' id='word_1_121' title='bbox 1287 1590 1377 1629; x_wconf 89' lang='grc'>242.</span> 
     </span>
    </p>

    <p class='ocr_par' dir='ltr' id='par_1_6' title="bbox 411 1651 1380 1764">
     <span class='ocr_line' id='line_1_23' title="bbox 466 1651 1378 1699; baseline 0.004 -11"><span class='ocrx_word' id='word_1_122' title='bbox 466 1651 618 1690; x_wconf 81' lang='lat' dir='ltr'>Inedita</span> <span class='ocrx_word' id='word_1_123' title='bbox 644 1654 789 1690; x_wconf 85' lang='lat' dir='ltr'>Perotti</span> <span class='ocrx_word' id='word_1_124' title='bbox 827 1656 923 1690; x_wconf 87' lang='lat' dir='ltr'>sunt</span> <span class='ocrx_word' id='word_1_125' title='bbox 958 1653 991 1699; x_wconf 91' lang='grc'>4)</span> <span class='ocrx_word' id='word_1_126' title='bbox 1019 1663 1134 1690; x_wconf 87' lang='lat' dir='ltr'>versa</span> <span class='ocrx_word' id='word_1_127' title='bbox 1159 1653 1180 1691; x_wconf 79' lang='lat' dir='ltr'>e</span> <span class='ocrx_word' id='word_1_128' title='bbox 1204 1653 1378 1692; x_wconf 88' lang='lat' dir='ltr'>Graeco:</span> 
     </span>
     <span class='ocr_line' id='line_1_24' title="bbox 411 1713 1380 1764; baseline 0.003 -13"><span class='ocrx_word' id='word_1_129' title='bbox 411 1714 614 1753; x_wconf 85' lang='lat' dir='ltr'>Monodiae</span> <span class='ocrx_word' id='word_1_130' title='bbox 651 1714 842 1753; x_wconf 77' lang='lat' dir='ltr'>Aristidis</span> <span class='ocrx_word' id='word_1_131' title='bbox 867 1746 874 1764; x_wconf 82' lang='lat'>‚</span> <span class='ocrx_word' id='word_1_132' title='bbox 898 1713 1080 1762; x_wconf 87' lang='lat' dir='ltr'>Libanii,</span> <span class='ocrx_word' id='word_1_133' title='bbox 1114 1714 1380 1754; x_wconf 86' lang='lat' dir='ltr'>Bessarionis.</span> 
     </span>
    </p>

    <p class='ocr_par' dir='ltr' id='par_1_7' title="bbox 414 1775 1380 1887">
     <span class='ocr_line' id='line_1_25' title="bbox 465 1775 1380 1818; baseline 0.002 -4"><span class='ocrx_word' id='word_1_134' title='bbox 465 1775 692 1816; x_wconf 87' lang='lat' dir='ltr'>Aristotelis</span> <span class='ocrx_word' id='word_1_135' title='bbox 720 1777 878 1816; x_wconf 90' lang='lat' dir='ltr'>libellus</span> <span class='ocrx_word' id='word_1_136' title='bbox 903 1777 952 1815; x_wconf 90' lang='lat' dir='ltr'>de</span> <span class='ocrx_word' id='word_1_137' title='bbox 988 1778 1211 1817; x_wconf 77' lang='lat' dir='ltr'>Virtutibus</span> <span class='ocrx_word' id='word_1_138' title='bbox 1235 1784 1275 1817; x_wconf 89' lang='lat' dir='ltr'>et</span> <span class='ocrx_word' id='word_1_139' title='bbox 1317 1780 1380 1818; x_wconf 93' lang='lat' dir='ltr'>Vi-</span> 
     </span>
     <span class='ocr_line' id='line_1_26' title="bbox 414 1839 1376 1887; baseline 0.004 -11"><span class='ocrx_word' id='word_1_140' title='bbox 414 1840 495 1886; x_wconf 82' lang='lat' dir='ltr'>tiis,</span> <span class='ocrx_word' id='word_1_141' title='bbox 513 1839 561 1878; x_wconf 89' lang='lat' dir='ltr'>ad</span> <span class='ocrx_word' id='word_1_142' title='bbox 585 1840 816 1878; x_wconf 88' lang='lat' dir='ltr'>Federicurn</span> <span class='ocrx_word' id='word_1_143' title='bbox 834 1840 1039 1887; x_wconf 83' lang='lat' dir='ltr'>Feltrium‚</span> <span class='ocrx_word' id='word_1_144' title='bbox 1060 1841 1194 1880; x_wconf 91' lang='lat' dir='ltr'>Urbini</span> <span class='ocrx_word' id='word_1_145' title='bbox 1216 1843 1376 1881; x_wconf 86' lang='lat' dir='ltr'>Ducem.</span> 
     </span>
    </p>

    <p class='ocr_par' dir='ltr' id='par_1_8' title="bbox 412 1902 1373 2005">
     <span class='ocr_line' id='line_1_27' title="bbox 462 1902 1373 1955; baseline 0.002 -15"><span class='ocrx_word' id='word_1_146' title='bbox 462 1902 718 1941; x_wconf 89' lang='lat' dir='ltr'>Enchiridion</span> <span class='ocrx_word' id='word_1_147' title='bbox 756 1903 922 1953; x_wconf 73' lang='lat' dir='ltr'>Epicteti</span> <span class='ocrx_word' id='word_1_148' title='bbox 960 1904 1208 1955; x_wconf 81' lang='lat' dir='ltr'>Philosophi,</span> <span class='ocrx_word' id='word_1_149' title='bbox 1234 1904 1282 1943; x_wconf 81' lang='lat' dir='ltr'>ad</span> <span class='ocrx_word' id='word_1_150' title='bbox 1308 1906 1373 1944; x_wconf 92' lang='lat' dir='ltr'>Ni-</span> 
     </span>
     <span class='ocr_line' id='line_1_28' title="bbox 412 1965 906 2005; baseline 0.004 -3"><span class='ocrx_word' id='word_1_151' title='bbox 412 1965 565 2003; x_wconf 87' lang='lat' dir='ltr'>colaum</span> <span class='ocrx_word' id='word_1_152' title='bbox 591 1966 635 2004; x_wconf 88' lang='lat' dir='ltr'>V.</span> <span class='ocrx_word' id='word_1_153' title='bbox 662 1967 906 2005; x_wconf 79' lang='lat' dir='ltr'>Pontificem.</span> 
     </span>
    </p>

    <p class='ocr_par' dir='ltr' id='par_1_9' title="bbox 468 2025 1375 2069">
     <span class='ocr_line' id='line_1_29' title="bbox 468 2025 1375 2069; baseline 0.006 -5"><span class='ocrx_word' id='word_1_154' title='bbox 468 2025 674 2066; x_wconf 77' lang='lat' dir='ltr'>Plutarchi</span> <span class='ocrx_word' id='word_1_155' title='bbox 687 2029 844 2067; x_wconf 87' lang='lat' dir='ltr'>libellus</span> <span class='ocrx_word' id='word_1_156' title='bbox 859 2029 907 2067; x_wconf 88' lang='lat' dir='ltr'>de</span> <span class='ocrx_word' id='word_1_157' title='bbox 925 2030 1081 2068; x_wconf 83' lang='lat' dir='ltr'>fortuna</span> <span class='ocrx_word' id='word_1_158' title='bbox 1092 2031 1375 2069; x_wconf 82' lang='lat' dir='ltr'>Romanorum.</span> 
     </span>
    </p>

    <p class='ocr_par' dir='ltr' id='par_1_10' title="bbox 413 2090 1376 2266">
     <span class='ocr_line' id='line_1_30' title="bbox 468 2090 1376 2143; baseline 0.003 -15"><span class='ocrx_word' id='word_1_159' title='bbox 468 2091 571 2128; x_wconf 84' lang='lat' dir='ltr'>Ilaec</span> <span class='ocrx_word' id='word_1_160' title='bbox 596 2090 756 2139; x_wconf 82' lang='lat' dir='ltr'>habuit,</span> <span class='ocrx_word' id='word_1_161' title='bbox 778 2097 898 2141; x_wconf 89' lang='lat' dir='ltr'>atque</span> <span class='ocrx_word' id='word_1_162' title='bbox 924 2096 967 2130; x_wconf 88' lang='lat' dir='ltr'>ut</span> <span class='ocrx_word' id='word_1_163' title='bbox 992 2093 1175 2143; x_wconf 77' lang='lat' dir='ltr'>vulgaret</span> <span class='ocrx_word' id='word_1_164' title='bbox 1214 2097 1376 2143; x_wconf 80' lang='lat' dir='ltr'>rogatus</span> 
     </span>
     <span class='ocr_line' id='line_1_31' title="bbox 413 2153 1376 2206; baseline 0.003 -15"><span class='ocrx_word' id='word_1_165' title='bbox 413 2153 487 2192; x_wconf 86' lang='lat' dir='ltr'>fuit</span> <span class='ocrx_word' id='word_1_166' title='bbox 515 2154 738 2203; x_wconf 81' lang='lat' dir='ltr'>Torquatus</span> <span class='ocrx_word' id='word_1_167' title='bbox 764 2156 945 2193; x_wconf 82' lang='lat' dir='ltr'>Perottus</span> <span class='ocrx_word' id='word_1_168' title='bbox 969 2155 990 2192; x_wconf 74' lang='lat' dir='ltr'>a</span> <span class='ocrx_word' id='word_1_169' title='bbox 1014 2157 1142 2194; x_wconf 85' lang='lat' dir='ltr'>Leone</span> <span class='ocrx_word' id='word_1_170' title='bbox 1167 2155 1311 2194; x_wconf 85' lang='lat' dir='ltr'>Allatio</span> <span class='ocrx_word' id='word_1_171' title='bbox 1341 2168 1376 2206; x_wconf 86' lang='lat' dir='ltr'>p.</span> 
     </span>
     <span class='ocr_line' id='line_1_32' title="bbox 415 2215 940 2266; baseline 0.004 -13"><span class='ocrx_word' id='word_1_172' title='bbox 415 2215 505 2254; x_wconf 80' lang='grc'>246.</span> <span class='ocrx_word' id='word_1_173' title='bbox 532 2227 651 2266; x_wconf 88' lang='lat' dir='ltr'>apum</span> <span class='ocrx_word' id='word_1_174' title='bbox 680 2216 940 2255; x_wconf 87' lang='lat' dir='ltr'>Urbanarum.</span> 
     </span>
    </p>

    <p class='ocr_par' dir='ltr' id='par_1_11' title="bbox 415 2278 1377 2393">
     <span class='ocr_line' id='line_1_33' title="bbox 467 2278 1377 2330; baseline 0.004 -14"><span class='ocrx_word' id='word_1_175' title='bbox 467 2278 656 2328; x_wconf 78' lang='lat' dir='ltr'>Pleraque</span> <span class='ocrx_word' id='word_1_176' title='bbox 677 2278 951 2327; x_wconf 84' lang='lat' dir='ltr'>Bessarionis‚</span> <span class='ocrx_word' id='word_1_177' title='bbox 978 2280 1025 2318; x_wconf 86' lang='lat' dir='ltr'>de</span> <span class='ocrx_word' id='word_1_178' title='bbox 1051 2281 1195 2330; x_wconf 90' lang='lat' dir='ltr'>quibus</span> <span class='ocrx_word' id='word_1_179' title='bbox 1212 2285 1308 2320; x_wconf 90' lang='lat' dir='ltr'>tom.</span> <span class='ocrx_word' id='word_1_180' title='bbox 1328 2283 1377 2320; x_wconf 87' lang='lat' dir='ltr'>X.</span> 
     </span>
     <span class='ocr_line' id='line_1_34' title="bbox 415 2341 1061 2393; baseline 0.002 -14"><span class='ocrx_word' id='word_1_181' title='bbox 415 2341 516 2379; x_wconf 88' lang='lat' dir='ltr'>Bibl.</span> <span class='ocrx_word' id='word_1_182' title='bbox 549 2341 723 2379; x_wconf 83' lang='lat' dir='ltr'>Graecae</span> <span class='ocrx_word' id='word_1_183' title='bbox 749 2354 833 2392; x_wconf 79' lang='lat' dir='ltr'>pag.</span> <span class='ocrx_word' id='word_1_184' title='bbox 862 2343 950 2381; x_wconf 90' lang='grc'>402.</span> <span class='ocrx_word' id='word_1_185' title='bbox 977 2353 1061 2393; x_wconf 82' lang='lat' dir='ltr'>seq.</span> 
     </span>
    </p>

    <p class='ocr_par' dir='ltr' id='par_1_12' title="bbox 412 2403 1380 3455">
     <span class='ocr_line' id='line_1_35' title="bbox 470 2403 1379 2456; baseline 0.003 -14"><span class='ocrx_word' id='word_1_186' title='bbox 470 2403 688 2442; x_wconf 80' lang='lat' dir='ltr'>Graculum</span> <span class='ocrx_word' id='word_1_187' title='bbox 712 2403 758 2442; x_wconf 86' lang='lat' dir='ltr'>de</span> <span class='ocrx_word' id='word_1_188' title='bbox 780 2404 925 2443; x_wconf 84' lang='lat' dir='ltr'>Isthmo</span> <span class='ocrx_word' id='word_1_189' title='bbox 941 2436 950 2453; x_wconf 91' lang='lat'><em>‚</em></span> <span class='ocrx_word' id='word_1_190' title='bbox 975 2405 1021 2443; x_wconf 89' lang='lat' dir='ltr'>de</span> <span class='ocrx_word' id='word_1_191' title='bbox 1044 2416 1123 2456; x_wconf 89' lang='lat' dir='ltr'>quo</span> <span class='ocrx_word' id='word_1_192' title='bbox 1144 2407 1379 2446; x_wconf 85' lang='lat' dir='ltr'>Franciscus</span> 
     </span>
     <span class='ocr_line' id='line_1_36' title="bbox 413 2467 1376 2517; baseline 0.003 -12"><span class='ocrx_word' id='word_1_193' title='bbox 413 2467 643 2517; x_wconf 88' lang='lat' dir='ltr'>Philelphus</span> <span class='ocrx_word' id='word_1_194' title='bbox 682 2468 719 2505; x_wconf 91' lang='lat' dir='ltr'>in</span> <span class='ocrx_word' id='word_1_195' title='bbox 756 2468 932 2517; x_wconf 82' lang='lat' dir='ltr'>Epistola</span> <span class='ocrx_word' id='word_1_196' title='bbox 970 2467 1060 2507; x_wconf 88' lang='lat' dir='ltr'>data</span> <span class='ocrx_word' id='word_1_197' title='bbox 1087 2467 1133 2506; x_wconf 87' lang='lat' dir='ltr'>ad</span> <span class='ocrx_word' id='word_1_198' title='bbox 1162 2471 1376 2509; x_wconf 87' lang='lat' dir='ltr'>Perottum.</span> 
     </span>
     <span class='ocr_line' id='line_1_37' title="bbox 412 2528 1375 2582; baseline 0.001 -14"><span class='ocrx_word' id='word_1_199' title='bbox 412 2529 487 2568; x_wconf 82' lang='lat' dir='ltr'>An.</span> <span class='ocrx_word' id='word_1_200' title='bbox 520 2530 629 2568; x_wconf 78' lang='grc'>1463.</span> <span class='ocrx_word' id='word_1_201' title='bbox 673 2528 863 2581; x_wconf 86' lang='lat' dir='ltr'>Apollinis</span> <span class='ocrx_word' id='word_1_202' title='bbox 907 2529 1114 2568; x_wconf 83' lang='lat' dir='ltr'>oraculum</span> <span class='ocrx_word' id='word_1_203' title='bbox 1153 2531 1375 2582; x_wconf 80' lang='lat' dir='ltr'>quoddam,</span> 
     </span>
     <span class='ocr_line' id='line_1_38' title="bbox 412 2589 1377 2643; baseline 0.003 -14"><span class='ocrx_word' id='word_1_204' title='bbox 412 2590 518 2641; x_wconf 84' lang='lat' dir='ltr'>quod</span> <span class='ocrx_word' id='word_1_205' title='bbox 540 2592 688 2631; x_wconf 84' lang='lat' dir='ltr'>dicitur</span> <span class='ocrx_word' id='word_1_206' title='bbox 706 2591 781 2641; x_wconf 74' lang='grc' dir='ltr'><em>περὶ</em></span> <span class='ocrx_word' id='word_1_207' title='bbox 803 2589 868 2629; x_wconf 60' lang='grc' dir='ltr'>τὸν</span> <span class='ocrx_word' id='word_1_208' title='bbox 886 2591 1062 2643; x_wconf 55' lang='grc' dir='ltr'>Ἰσθμὸν,</span> <span class='ocrx_word' id='word_1_209' title='bbox 1080 2606 1099 2631; x_wconf 87' lang='lat' dir='ltr'>e</span> <span class='ocrx_word' id='word_1_210' title='bbox 1125 2594 1274 2632; x_wconf 86' lang='lat' dir='ltr'>Graeco</span> <span class='ocrx_word' id='word_1_211' title='bbox 1304 2592 1377 2633; x_wconf 78' lang='lat' dir='ltr'>ahs</span> 
     </span>
     <span class='ocr_line' id='line_1_39' title="bbox 415 2655 1376 2705; baseline 0.004 -14"><span class='ocrx_word' id='word_1_212' title='bbox 415 2658 448 2691; x_wconf 88' lang='lat' dir='ltr'>te</span> <span class='ocrx_word' id='word_1_213' title='bbox 473 2666 624 2705; x_wconf 80' lang='lat' dir='ltr'>nuper,</span> <span class='ocrx_word' id='word_1_214' title='bbox 652 2657 775 2694; x_wconf 88' lang='lat' dir='ltr'>Pater</span> <span class='ocrx_word' id='word_1_215' title='bbox 808 2655 1117 2704; x_wconf 69' lang='lat' dir='ltr'>humanissime,</span> <span class='ocrx_word' id='word_1_216' title='bbox 1150 2656 1376 2695; x_wconf 85' lang='lat' dir='ltr'>traductum</span> 
     </span>
     <span class='ocr_line' id='line_1_40' title="bbox 414 2714 1378 2770; baseline 0.004 -17"><span class='ocrx_word' id='word_1_217' title='bbox 414 2714 735 2756; x_wconf 73' lang='lat' dir='ltr'>luculentissimis</span> <span class='ocrx_word' id='word_1_218' title='bbox 753 2718 1034 2770; x_wconf 82' lang='lat' dir='ltr'>perpolitisque</span> <span class='ocrx_word' id='word_1_219' title='bbox 1054 2719 1235 2758; x_wconf 78' lang='lat' dir='ltr'>versibus</span> <span class='ocrx_word' id='word_1_220' title='bbox 1251 2719 1378 2758; x_wconf 78' lang='lat' dir='ltr'>diver·</span> 
     </span>
     <span class='ocr_line' id='line_1_41' title="bbox 416 2778 1380 2834; baseline 0.004 -18"><span class='ocrx_word' id='word_1_221' title='bbox 416 2782 461 2816; x_wconf 75' lang='lat' dir='ltr'>tet</span> <span class='ocrx_word' id='word_1_222' title='bbox 480 2778 533 2816; x_wconf 86' lang='lat' dir='ltr'>ad</span> <span class='ocrx_word' id='word_1_223' title='bbox 556 2791 614 2817; x_wconf 90' lang='lat' dir='ltr'>me</span> <span class='ocrx_word' id='word_1_224' title='bbox 634 2780 800 2831; x_wconf 76' lang='lat' dir='ltr'>perinde</span> <span class='ocrx_word' id='word_1_225' title='bbox 817 2785 935 2832; x_wconf 79' lang='lat' dir='ltr'>atque</span> <span class='ocrx_word' id='word_1_226' title='bbox 958 2781 1012 2819; x_wconf 80' lang='lat' dir='ltr'>ad</span> <span class='ocrx_word' id='word_1_227' title='bbox 1031 2781 1218 2834; x_wconf 75' lang='lat' dir='ltr'>hospitem</span> <span class='ocrx_word' id='word_1_228' title='bbox 1240 2794 1380 2820; x_wconf 88' lang='lat' dir='ltr'>aman-</span> 
     </span>
     <span class='ocr_line' id='line_1_42' title="bbox 417 2840 1377 2896; baseline 0.003 -18"><span class='ocrx_word' id='word_1_229' title='bbox 417 2840 612 2880; x_wconf 81' lang='lat' dir='ltr'>tissimum</span> <span class='ocrx_word' id='word_1_230' title='bbox 638 2841 705 2878; x_wconf 85' lang='lat' dir='ltr'>tui.</span> <span class='ocrx_word' id='word_1_231' title='bbox 730 2843 885 2893; x_wconf 65' lang='lat' dir='ltr'>Excepi</span> <span class='ocrx_word' id='word_1_232' title='bbox 904 2843 943 2880; x_wconf 86' lang='lat' dir='ltr'>id</span> <span class='ocrx_word' id='word_1_233' title='bbox 965 2854 1060 2881; x_wconf 88' lang='lat' dir='ltr'>sanc</span> <span class='ocrx_word' id='word_1_234' title='bbox 1079 2875 1086 2891; x_wconf 60' lang='lat'><strong>⁷</strong></span> <span class='ocrx_word' id='word_1_235' title='bbox 1107 2848 1198 2882; x_wconf 86' lang='lat' dir='ltr'>utut</span> <span class='ocrx_word' id='word_1_236' title='bbox 1217 2844 1377 2896; x_wconf 81' lang='lat' dir='ltr'>fuerat,</span> 
     </span>
     <span class='ocr_line' id='line_1_43' title="bbox 417 2901 1380 2955; baseline 0.003 -15"><span class='ocrx_word' id='word_1_237' title='bbox 417 2901 636 2941; x_wconf 76' lang='lat' dir='ltr'>liberaliter</span> <span class='ocrx_word' id='word_1_238' title='bbox 670 2903 982 2954; x_wconf 80' lang='lat' dir='ltr'>honorificeque,</span> <span class='ocrx_word' id='word_1_239' title='bbox 1008 2916 1173 2955; x_wconf 84' lang='lat' dir='ltr'>sumque</span> <span class='ocrx_word' id='word_1_240' title='bbox 1202 2918 1278 2942; x_wconf 88' lang='lat' dir='ltr'>non</span> <span class='ocrx_word' id='word_1_241' title='bbox 1308 2906 1380 2943; x_wconf 85' lang='lat' dir='ltr'>mi-</span> 
     </span>
     <span class='ocr_line' id='line_1_44' title="bbox 416 2964 1379 3019; baseline 0.003 -16"><span class='ocrx_word' id='word_1_242' title='bbox 416 2976 492 3004; x_wconf 91' lang='lat' dir='ltr'>nus</span> <span class='ocrx_word' id='word_1_243' title='bbox 515 2966 599 3016; x_wconf 87' lang='lat' dir='ltr'>ejus</span> <span class='ocrx_word' id='word_1_244' title='bbox 621 2964 837 3017; x_wconf 79' lang='lat' dir='ltr'>eloquentia</span> <span class='ocrx_word' id='word_1_245' title='bbox 869 2977 990 3017; x_wconf 84' lang='lat' dir='ltr'>quam</span> <span class='ocrx_word' id='word_1_246' title='bbox 1025 2967 1294 3017; x_wconf 75' lang='lat' dir='ltr'>praedictione</span> <span class='ocrx_word' id='word_1_247' title='bbox 1315 2968 1379 3019; x_wconf 79' lang='lat' dir='ltr'>fu-</span> 
     </span>
     <span class='ocr_line' id='line_1_45' title="bbox 418 3027 1379 3079; baseline 0.003 -14"><span class='ocrx_word' id='word_1_248' title='bbox 418 3032 600 3066; x_wconf 87' lang='lat' dir='ltr'>turorum</span> <span class='ocrx_word' id='word_1_249' title='bbox 617 3027 840 3076; x_wconf 83' lang='lat' dir='ltr'>delectatus,</span> <span class='ocrx_word' id='word_1_250' title='bbox 857 3028 1105 3079; x_wconf 79' lang='lat' dir='ltr'>miratusque</span> <span class='ocrx_word' id='word_1_251' title='bbox 1116 3029 1220 3079; x_wconf 76' lang='lat' dir='ltr'>quod</span> <span class='ocrx_word' id='word_1_252' title='bbox 1230 3030 1379 3068; x_wconf 82' lang='lat' dir='ltr'>Graece</span> 
     </span>
     <span class='ocr_line' id='line_1_46' title="bbox 418 3090 1378 3143; baseline 0.002 -15"><span class='ocrx_word' id='word_1_253' title='bbox 418 3095 454 3128; x_wconf 89' lang='lat' dir='ltr'>et</span> <span class='ocrx_word' id='word_1_254' title='bbox 476 3095 612 3129; x_wconf 86' lang='lat' dir='ltr'>natum</span> <span class='ocrx_word' id='word_1_255' title='bbox 641 3095 675 3129; x_wconf 88' lang='lat' dir='ltr'>et</span> <span class='ocrx_word' id='word_1_256' title='bbox 713 3090 946 3138; x_wconf 80' lang='lat' dir='ltr'>educatum⁷</span> <span class='ocrx_word' id='word_1_257' title='bbox 980 3095 1059 3128; x_wconf 89' lang='lat' dir='ltr'>tam</span> <span class='ocrx_word' id='word_1_258' title='bbox 1098 3095 1187 3141; x_wconf 84' lang='lat' dir='ltr'>apte</span> <span class='ocrx_word' id='word_1_259' title='bbox 1223 3095 1378 3143; x_wconf 80' lang='lat' dir='ltr'>tamque</span> 
     </span>
     <span class='ocr_line' id='line_1_47' title="bbox 419 3153 1378 3204; baseline 0.004 -15"><span class='ocrx_word' id='word_1_260' title='bbox 419 3153 615 3202; x_wconf 80' lang='lat' dir='ltr'>eleqanter</span> <span class='ocrx_word' id='word_1_261' title='bbox 637 3154 814 3192; x_wconf 75' lang='lat' dir='ltr'>Latinam</span> <span class='ocrx_word' id='word_1_262' title='bbox 836 3154 1026 3204; x_wconf 68' lang='lat' dir='ltr'>Linquarn</span> <span class='ocrx_word' id='word_1_263' title='bbox 1052 3153 1264 3193; x_wconf 79' lang='lat' dir='ltr'>didicisset.</span> <span class='ocrx_word' id='word_1_264' title='bbox 1300 3155 1378 3193; x_wconf 83' lang='lat' dir='ltr'>Nec</span> 
     </span>
     <span class='ocr_line' id='line_1_48' title="bbox 421 3215 1379 3268; baseline 0.003 -16"><span class='ocrx_word' id='word_1_265' title='bbox 421 3217 520 3253; x_wconf 86' lang='lat' dir='ltr'>enim</span> <span class='ocrx_word' id='word_1_266' title='bbox 546 3215 712 3267; x_wconf 74' lang='lat' dir='ltr'>intelliqo</span> <span class='ocrx_word' id='word_1_267' title='bbox 734 3216 827 3266; x_wconf 81' lang='lat' dir='ltr'>fieri</span> <span class='ocrx_word' id='word_1_268' title='bbox 847 3227 961 3268; x_wconf 84' lang='lat' dir='ltr'>posse</span> <span class='ocrx_word' id='word_1_269' title='bbox 980 3248 988 3263; x_wconf 83' lang='lat'>,</span> <span class='ocrx_word' id='word_1_270' title='bbox 1019 3220 1064 3254; x_wconf 87' lang='lat' dir='ltr'>ut</span> <span class='ocrx_word' id='word_1_271' title='bbox 1101 3218 1250 3255; x_wconf 83' lang='lat' dir='ltr'>Graeco</span> <span class='ocrx_word' id='word_1_272' title='bbox 1296 3229 1379 3256; x_wconf 90' lang='lat' dir='ltr'>ser-</span> 
     </span>
     <span class='ocr_line' id='line_1_49' title="bbox 421 3277 1375 3330; baseline 0.005 -17"><span class='ocrx_word' id='word_1_273' title='bbox 421 3288 530 3314; x_wconf 84' lang='lat' dir='ltr'>mone</span> <span class='ocrx_word' id='word_1_274' title='bbox 551 3282 622 3315; x_wconf 81' lang='lat' dir='ltr'>aut</span> <span class='ocrx_word' id='word_1_275' title='bbox 632 3277 841 3327; x_wconf 77' lang='lat' dir='ltr'>pulchrius</span> <span class='ocrx_word' id='word_1_276' title='bbox 859 3278 1058 3330; x_wconf 78' lang='lat' dir='ltr'>loquatur,</span> <span class='ocrx_word' id='word_1_277' title='bbox 1080 3283 1152 3317; x_wconf 84' lang='lat' dir='ltr'>aut</span> <span class='ocrx_word' id='word_1_278' title='bbox 1169 3279 1375 3328; x_wconf 81' lang='lat' dir='ltr'>eruditius,</span> 
     </span>
     <span class='ocr_line' id='line_1_50' title="bbox 423 3340 1378 3391; baseline 0.004 -15"><span class='ocrx_word' id='word_1_279' title='bbox 423 3351 541 3391; x_wconf 80' lang='lat' dir='ltr'>quam</span> <span class='ocrx_word' id='word_1_280' title='bbox 568 3340 593 3376; x_wconf 82' lang='lat' dir='ltr'>a</span> <span class='ocrx_word' id='word_1_281' title='bbox 619 3344 651 3377; x_wconf 87' lang='lat' dir='ltr'>te</span> <span class='ocrx_word' id='word_1_282' title='bbox 676 3341 811 3378; x_wconf 83' lang='lat' dir='ltr'>Latine</span> <span class='ocrx_word' id='word_1_283' title='bbox 842 3340 952 3391; x_wconf 79' lang='lat' dir='ltr'>loqui</span> <span class='ocrx_word' id='word_1_284' title='bbox 978 3341 1153 3380; x_wconf 84' lang='lat' dir='ltr'>edoctum</span> <span class='ocrx_word' id='word_1_285' title='bbox 1178 3343 1238 3382; x_wconf 86' lang='lat' dir='ltr'>sit.</span> <span class='ocrx_word' id='word_1_286' title='bbox 1278 3344 1378 3382; x_wconf 88' lang='lat' dir='ltr'>Con—</span> 
     </span>
     <span class='ocr_line' id='line_1_51' title="bbox 424 3402 1378 3455; baseline 0.003 -14"><span class='ocrx_word' id='word_1_287' title='bbox 424 3402 580 3441; x_wconf 75' lang='lat' dir='ltr'>ferenda</span> <span class='ocrx_word' id='word_1_288' title='bbox 611 3403 658 3439; x_wconf 83' lang='lat' dir='ltr'>ab</span> <span class='ocrx_word' id='word_1_289' title='bbox 685 3403 753 3449; x_wconf 74' lang='lat' dir='ltr'>iis,</span> <span class='ocrx_word' id='word_1_290' title='bbox 779 3403 923 3451; x_wconf 83' lang='lat' dir='ltr'>quibus</span> <span class='ocrx_word' id='word_1_291' title='bbox 948 3403 992 3441; x_wconf 82' lang='lat' dir='ltr'>ad</span> <span class='ocrx_word' id='word_1_292' title='bbox 1027 3416 1169 3444; x_wconf 80' lang='lat' dir='ltr'>manus</span> <span class='ocrx_word' id='word_1_293' title='bbox 1186 3411 1259 3455; x_wconf 75' lang='lat' dir='ltr'>est,</span> <span class='ocrx_word' id='word_1_294' title='bbox 1285 3409 1378 3445; x_wconf 78' lang='lat' dir='ltr'>Bes-</span> 
     </span>
    </p>
   </div>
   <div class='ocr_carea' id='block_1_2' title="bbox 1223 273 1608 314">
    <p class='ocr_par' dir='ltr' id='par_1_13' title="bbox 1223 273 1608 314">
     <span class='ocr_line' id='line_1_52' title="bbox 1223 273 1608 314; baseline -0.003 -2"><span class='ocrx_word' id='word_1_295' title='bbox 1223 273 1608 314; x_wconf 81' lang='lat' dir='ltr'><strong>NICOLAUS</strong></span> 
     </span>
    </p>
   </div>
   <div class='ocr_carea' id='block_1_3' title="bbox 1447 346 2420 3455">
    <p class='ocr_par' dir='ltr' id='par_1_14' title="bbox 1450 346 2409 458">
     <span class='ocr_line' id='line_1_53' title="bbox 1450 346 2409 401; baseline 0.003 -18"><span class='ocrx_word' id='word_1_296' title='bbox 1450 347 1618 384; x_wconf 89' lang='lat' dir='ltr'>sarionis</span> <span class='ocrx_word' id='word_1_297' title='bbox 1642 346 1727 385; x_wconf 89' lang='lat' dir='ltr'>sive</span> <span class='ocrx_word' id='word_1_298' title='bbox 1751 348 1868 386; x_wconf 86' lang='lat' dir='ltr'>etiam</span> <span class='ocrx_word' id='word_1_299' title='bbox 1889 350 2041 401; x_wconf 72' lang='lat' dir='ltr'>Georgii</span> <span class='ocrx_word' id='word_1_300' title='bbox 2067 351 2231 390; x_wconf 86' lang='lat' dir='ltr'>Gemisti</span> <span class='ocrx_word' id='word_1_301' title='bbox 2262 348 2409 388; x_wconf 82' lang='lat' dir='ltr'>descri-</span> 
     </span>
     <span class='ocr_line' id='line_1_54' title="bbox 1452 408 1710 458; baseline -0.008 -11"><span class='ocrx_word' id='word_1_302' title='bbox 1452 410 1530 458; x_wconf 85' lang='lat' dir='ltr'>ptio</span> <span class='ocrx_word' id='word_1_303' title='bbox 1556 408 1710 447; x_wconf 89' lang='lat' dir='ltr'>Isthmi.</span> 
     </span>
    </p>

    <p class='ocr_par' dir='ltr' id='par_1_15' title="bbox 1505 469 1995 522">
     <span class='ocr_line' id='line_1_55' title="bbox 1505 469 1995 522; baseline 0.004 -12"><span class='ocrx_word' id='word_1_304' title='bbox 1505 469 1540 522; x_wconf 76' lang='lat'>2)</span> <span class='ocrx_word' id='word_1_305' title='bbox 1563 471 1622 510; x_wconf 88' lang='lat' dir='ltr'>Ab</span> <span class='ocrx_word' id='word_1_306' title='bbox 1649 472 1731 521; x_wconf 88' lang='lat' dir='ltr'>ipso</span> <span class='ocrx_word' id='word_1_307' title='bbox 1753 475 1995 521; x_wconf 84' lang='lat' dir='ltr'>composita:</span> 
     </span>
    </p>

    <p class='ocr_par' dir='ltr' id='par_1_16' title="bbox 1504 533 2356 589">
     <span class='ocr_line' id='line_1_56' title="bbox 1504 533 2356 589; baseline 0.004 -18"><span class='ocrx_word' id='word_1_308' title='bbox 1504 534 1547 571; x_wconf 92' lang='lat' dir='ltr'>In</span> <span class='ocrx_word' id='word_1_309' title='bbox 1574 534 1616 572; x_wconf 89' lang='lat' dir='ltr'>P.</span> <span class='ocrx_word' id='word_1_310' title='bbox 1640 533 1801 584; x_wconf 84' lang='lat' dir='ltr'>Papinii</span> <span class='ocrx_word' id='word_1_311' title='bbox 1816 534 1938 573; x_wconf 86' lang='lat' dir='ltr'>Statii</span> <span class='ocrx_word' id='word_1_312' title='bbox 1959 538 2095 586; x_wconf 82' lang='lat' dir='ltr'>sylvas</span> <span class='ocrx_word' id='word_1_313' title='bbox 2111 570 2121 586; x_wconf 15' lang='lat' dir='ltr'>A,</span> <span class='ocrx_word' id='word_1_314' title='bbox 2147 539 2356 589; x_wconf 78' lang='lat' dir='ltr'>expositio.</span> 
     </span>
    </p>

    <p class='ocr_par' dir='ltr' id='par_1_17' title="bbox 1504 595 1984 635">
     <span class='ocr_line' id='line_1_57' title="bbox 1504 595 1984 635; baseline 0.002 -1"><span class='ocrx_word' id='word_1_315' title='bbox 1504 595 1660 634; x_wconf 87' lang='lat' dir='ltr'>Scholia</span> <span class='ocrx_word' id='word_1_316' title='bbox 1681 597 1718 633; x_wconf 89' lang='lat' dir='ltr'>in</span> <span class='ocrx_word' id='word_1_317' title='bbox 1742 595 1984 635; x_wconf 86' lang='lat' dir='ltr'>Martialem.</span> 
     </span>
    </p>

    <p class='ocr_par' dir='ltr' id='par_1_18' title="bbox 1454 657 2409 770">
     <span class='ocr_line' id='line_1_58' title="bbox 1505 657 2409 701; baseline 0.003 -5"><span class='ocrx_word' id='word_1_318' title='bbox 1505 657 1641 696; x_wconf 88' lang='lat' dir='ltr'>Oratio</span> <span class='ocrx_word' id='word_1_319' title='bbox 1685 659 1816 697; x_wconf 87' lang='lat' dir='ltr'>habita</span> <span class='ocrx_word' id='word_1_320' title='bbox 1861 660 1902 697; x_wconf 87' lang='lat' dir='ltr'>in</span> <span class='ocrx_word' id='word_1_321' title='bbox 1949 660 2148 700; x_wconf 80' lang='lat' dir='ltr'>Conventa</span> <span class='ocrx_word' id='word_1_322' title='bbox 2194 664 2409 701; x_wconf 78' lang='lat' dir='ltr'>Mantuano</span> 
     </span>
     <span class='ocr_line' id='line_1_59' title="bbox 1454 722 1785 770; baseline 0.006 -13"><span class='ocrx_word' id='word_1_323' title='bbox 1454 724 1633 770; x_wconf 83' lang='lat' dir='ltr'>tempore</span> <span class='ocrx_word' id='word_1_324' title='bbox 1658 722 1711 759; x_wconf 84' lang='lat' dir='ltr'>Pii</span> <span class='ocrx_word' id='word_1_325' title='bbox 1740 722 1785 760; x_wconf 94' lang='lat' dir='ltr'>ll.</span> 
     </span>
    </p>

    <p class='ocr_par' dir='ltr' id='par_1_19' title="bbox 1448 782 2415 1021">
     <span class='ocr_line' id='line_1_60' title="bbox 1504 782 2413 838; baseline 0.004 -18"><span class='ocrx_word' id='word_1_326' title='bbox 1504 782 1705 834; x_wconf 86' lang='lat' dir='ltr'>Epistolae</span> <span class='ocrx_word' id='word_1_327' title='bbox 1725 783 1771 822; x_wconf 88' lang='lat' dir='ltr'>ad</span> <span class='ocrx_word' id='word_1_328' title='bbox 1804 782 2013 823; x_wconf 86' lang='lat' dir='ltr'>Nicolaum</span> <span class='ocrx_word' id='word_1_329' title='bbox 2034 785 2078 822; x_wconf 92' lang='lat' dir='ltr'>V.</span> <span class='ocrx_word' id='word_1_330' title='bbox 2104 785 2150 823; x_wconf 90' lang='lat' dir='ltr'>ad</span> <span class='ocrx_word' id='word_1_331' title='bbox 2173 785 2413 838; x_wconf 84' lang='lat' dir='ltr'>Alphonsum</span> 
     </span>
     <span class='ocr_line' id='line_1_61' title="bbox 1450 844 2415 896; baseline 0.003 -14"><span class='ocrx_word' id='word_1_332' title='bbox 1450 844 1677 895; x_wconf 79' lang='lat' dir='ltr'>Aragonum</span> <span class='ocrx_word' id='word_1_333' title='bbox 1705 847 1848 896; x_wconf 77' lang='lat' dir='ltr'>Regem</span> <span class='ocrx_word' id='word_1_334' title='bbox 1868 876 1877 891; x_wconf 93' lang='lat'>‚</span> <span class='ocrx_word' id='word_1_335' title='bbox 1901 846 2009 884; x_wconf 82' lang='lat' dir='ltr'>etad</span> <span class='ocrx_word' id='word_1_336' title='bbox 2035 846 2146 885; x_wconf 79' lang='lat' dir='ltr'>alios,</span> <span class='ocrx_word' id='word_1_337' title='bbox 2172 846 2229 886; x_wconf 89' lang='lat' dir='ltr'>Ad</span> <span class='ocrx_word' id='word_1_338' title='bbox 2274 849 2415 887; x_wconf 83' lang='lat' dir='ltr'>Bessa-</span> 
     </span>
     <span class='ocr_line' id='line_1_62' title="bbox 1448 906 2414 961; baseline 0.004 -17"><span class='ocrx_word' id='word_1_339' title='bbox 1448 907 1599 945; x_wconf 88' lang='lat' dir='ltr'>rionem</span> <span class='ocrx_word' id='word_1_340' title='bbox 1623 909 1660 945; x_wconf 90' lang='lat' dir='ltr'>in</span> <span class='ocrx_word' id='word_1_341' title='bbox 1686 907 1842 961; x_wconf 87' lang='lat' dir='ltr'>laudem</span> <span class='ocrx_word' id='word_1_342' title='bbox 1865 908 1950 947; x_wconf 89' lang='lat' dir='ltr'>libri</span> <span class='ocrx_word' id='word_1_343' title='bbox 1989 906 2238 948; x_wconf 87' lang='lat' dir='ltr'>Bessarionis</span> <span class='ocrx_word' id='word_1_344' title='bbox 2261 913 2325 960; x_wconf 90' lang='lat' dir='ltr'>qui</span> <span class='ocrx_word' id='word_1_345' title='bbox 2350 910 2414 948; x_wconf 80' lang='lat' dir='ltr'>‹le-</span> 
     </span>
     <span class='ocr_line' id='line_1_63' title="bbox 1449 968 2047 1021; baseline 0 -13"><span class='ocrx_word' id='word_1_346' title='bbox 1449 968 1573 1021; x_wconf 83' lang='lat' dir='ltr'>fensio</span> <span class='ocrx_word' id='word_1_347' title='bbox 1599 969 1776 1008; x_wconf 87' lang='lat' dir='ltr'>Platonis</span> <span class='ocrx_word' id='word_1_348' title='bbox 1803 971 2047 1010; x_wconf 87' lang='lat' dir='ltr'>inscribitur.</span> 
     </span>
    </p>

    <p class='ocr_par' dir='ltr' id='par_1_20' title="bbox 1448 1031 2414 1397">
     <span class='ocr_line' id='line_1_64' title="bbox 1504 1031 2411 1084; baseline 0.006 -16"><span class='ocrx_word' id='word_1_349' title='bbox 1504 1032 1550 1068; x_wconf 89' lang='lat' dir='ltr'>In</span> <span class='ocrx_word' id='word_1_350' title='bbox 1570 1031 1811 1081; x_wconf 71' lang='lat' dir='ltr'>Greyorium</span> <span class='ocrx_word' id='word_1_351' title='bbox 1833 1033 2154 1084; x_wconf 82' lang='lat' dir='ltr'>Trapezuntium‚</span> <span class='ocrx_word' id='word_1_352' title='bbox 2172 1035 2238 1083; x_wconf 88' lang='lat' dir='ltr'>qui</span> <span class='ocrx_word' id='word_1_353' title='bbox 2263 1035 2411 1073; x_wconf 90' lang='lat' dir='ltr'>Turcos</span> 
     </span>
     <span class='ocr_line' id='line_1_65' title="bbox 1449 1096 2413 1147; baseline 0.003 -16"><span class='ocrx_word' id='word_1_354' title='bbox 1449 1096 1634 1134; x_wconf 89' lang='lat' dir='ltr'>omnibus</span> <span class='ocrx_word' id='word_1_355' title='bbox 1655 1096 1964 1146; x_wconf 79' lang='lat' dir='ltr'>Imperatoribus</span> <span class='ocrx_word' id='word_1_356' title='bbox 1995 1098 2304 1147; x_wconf 84' lang='lat' dir='ltr'>praestantiores</span> <span class='ocrx_word' id='word_1_357' title='bbox 2324 1107 2413 1135; x_wconf 80' lang='lat' dir='ltr'>esse</span> 
     </span>
     <span class='ocr_line' id='line_1_66' title="bbox 1449 1157 2414 1209; baseline 0.002 -15"><span class='ocrx_word' id='word_1_358' title='bbox 1449 1157 1585 1195; x_wconf 87' lang='lat' dir='ltr'>voluit.</span> <span class='ocrx_word' id='word_1_359' title='bbox 1604 1157 1735 1196; x_wconf 89' lang='lat' dir='ltr'>Etiam</span> <span class='ocrx_word' id='word_1_360' title='bbox 1762 1157 1858 1197; x_wconf 86' lang='lat' dir='ltr'>haee</span> <span class='ocrx_word' id='word_1_361' title='bbox 1877 1158 2014 1197; x_wconf 86' lang='lat' dir='ltr'>habuit</span> <span class='ocrx_word' id='word_1_362' title='bbox 2037 1160 2302 1209; x_wconf 88' lang='lat' dir='ltr'>Manuscripta</span> <span class='ocrx_word' id='word_1_363' title='bbox 2320 1159 2414 1196; x_wconf 83' lang='lat' dir='ltr'>Tor-</span> 
     </span>
     <span class='ocr_line' id='line_1_67' title="bbox 1448 1221 2412 1271; baseline -0.001 -13"><span class='ocrx_word' id='word_1_364' title='bbox 1448 1221 1935 1271; x_wconf 83' lang='lat' dir='ltr'>quatnsPerottus,atque</span> <span class='ocrx_word' id='word_1_365' title='bbox 1955 1222 1991 1259; x_wconf 92' lang='lat' dir='ltr'>in</span> <span class='ocrx_word' id='word_1_366' title='bbox 2010 1221 2140 1260; x_wconf 87' lang='lat' dir='ltr'>lucem</span> <span class='ocrx_word' id='word_1_367' title='bbox 2157 1221 2250 1260; x_wconf 84' lang='lat' dir='ltr'>dare</span> <span class='ocrx_word' id='word_1_368' title='bbox 2276 1221 2412 1267; x_wconf 83' lang='lat' dir='ltr'>voluit,</span> 
     </span>
     <span class='ocr_line' id='line_1_68' title="bbox 1448 1281 2413 1333; baseline 0.001 -14"><span class='ocrx_word' id='word_1_369' title='bbox 1448 1286 1550 1320; x_wconf 85' lang='lat' dir='ltr'>teste</span> <span class='ocrx_word' id='word_1_370' title='bbox 1585 1281 1727 1320; x_wconf 84' lang='lat' dir='ltr'>Allatio</span> <span class='ocrx_word' id='word_1_371' title='bbox 1752 1294 1872 1333; x_wconf 88' lang='lat' dir='ltr'>quem</span> <span class='ocrx_word' id='word_1_372' title='bbox 1897 1283 1945 1322; x_wconf 92' lang='lat' dir='ltr'>de</span> <span class='ocrx_word' id='word_1_373' title='bbox 1968 1284 2183 1322; x_wconf 88' lang='lat' dir='ltr'>inimicitiis</span> <span class='ocrx_word' id='word_1_374' title='bbox 2205 1285 2347 1322; x_wconf 72' lang='lat' dir='ltr'>Perotti</span> <span class='ocrx_word' id='word_1_375' title='bbox 2373 1287 2413 1320; x_wconf 89' lang='lat' dir='ltr'>et</span> 
     </span>
     <span class='ocr_line' id='line_1_69' title="bbox 1448 1344 2412 1397; baseline -0.001 -15"><span class='ocrx_word' id='word_1_376' title='bbox 1448 1345 1702 1394; x_wconf 85' lang='lat' dir='ltr'>Trapezuntii</span> <span class='ocrx_word' id='word_1_377' title='bbox 1720 1344 1810 1382; x_wconf 89' lang='lat' dir='ltr'>vide</span> <span class='ocrx_word' id='word_1_378' title='bbox 1829 1345 1925 1383; x_wconf 88' lang='lat' dir='ltr'>libro</span> <span class='ocrx_word' id='word_1_379' title='bbox 1941 1345 1989 1384; x_wconf 90' lang='lat' dir='ltr'>de</span> <span class='ocrx_word' id='word_1_380' title='bbox 1999 1344 2177 1397; x_wconf 83' lang='lat' dir='ltr'>Georgiis</span> <span class='ocrx_word' id='word_1_381' title='bbox 2192 1347 2412 1396; x_wconf 81' lang='lat' dir='ltr'>p.380.seq.</span> 
     </span>
    </p>

    <p class='ocr_par' dir='ltr' id='par_1_21' title="bbox 1504 1406 2198 1446">
     <span class='ocr_line' id='line_1_70' title="bbox 1504 1406 2198 1446; baseline 0.001 -1"><span class='ocrx_word' id='word_1_382' title='bbox 1504 1406 1714 1445; x_wconf 89' lang='lat' dir='ltr'>Orationes</span> <span class='ocrx_word' id='word_1_383' title='bbox 1738 1407 1836 1445; x_wconf 85' lang='lat' dir='ltr'>aliae</span> <span class='ocrx_word' id='word_1_384' title='bbox 1864 1407 2035 1446; x_wconf 85' lang='lat' dir='ltr'>ineditae</span> <span class='ocrx_word' id='word_1_385' title='bbox 2057 1407 2198 1446; x_wconf 86' lang='lat' dir='ltr'>XXlll.</span> 
     </span>
    </p>

    <p class='ocr_par' dir='ltr' id='par_1_22' title="bbox 1449 1468 2417 1894">
     <span class='ocr_line' id='line_1_71' title="bbox 1503 1468 2415 1520; baseline -0.001 -13"><span class='ocrx_word' id='word_1_386' title='bbox 1503 1468 1706 1520; x_wconf 86' lang='lat' dir='ltr'>Epistolae</span> <span class='ocrx_word' id='word_1_387' title='bbox 1730 1470 1930 1509; x_wconf 84' lang='lat' dir='ltr'>Romanae</span> <span class='ocrx_word' id='word_1_388' title='bbox 1952 1499 1960 1518; x_wconf 78' lang='grc'>,</span> <span class='ocrx_word' id='word_1_389' title='bbox 1986 1469 2207 1509; x_wconf 84' lang='lat' dir='ltr'>Perusinae</span> <span class='ocrx_word' id='word_1_390' title='bbox 2230 1473 2270 1507; x_wconf 87' lang='lat' dir='ltr'>et</span> <span class='ocrx_word' id='word_1_391' title='bbox 2293 1471 2415 1508; x_wconf 83' lang='lat' dir='ltr'>Recu-</span> 
     </span>
     <span class='ocr_line' id='line_1_72' title="bbox 1449 1530 2414 1583; baseline -0.001 -14"><span class='ocrx_word' id='word_1_392' title='bbox 1449 1531 1682 1583; x_wconf 84' lang='lat' dir='ltr'>perationes</span> <span class='ocrx_word' id='word_1_393' title='bbox 1698 1532 1729 1569; x_wconf 92' lang='lat' dir='ltr'><em>F</em></span> <span class='ocrx_word' id='word_1_394' title='bbox 1732 1530 1932 1570; x_wconf 87' lang='lat' dir='ltr'>esulanae.</span> <span class='ocrx_word' id='word_1_395' title='bbox 1951 1532 2042 1581; x_wconf 83' lang='grc'>(232</span> <span class='ocrx_word' id='word_1_396' title='bbox 2062 1533 2209 1571; x_wconf 90' lang='lat' dir='ltr'>Forsan</span> <span class='ocrx_word' id='word_1_397' title='bbox 2228 1532 2276 1571; x_wconf 83' lang='lat' dir='ltr'>ab</span> <span class='ocrx_word' id='word_1_398' title='bbox 2293 1543 2354 1581; x_wconf 83' lang='lat' dir='ltr'>op.</span> <span class='ocrx_word' id='word_1_399' title='bbox 2379 1531 2414 1568; x_wconf 89' lang='lat' dir='ltr'>h.</span> 
     </span>
     <span class='ocr_line' id='line_1_73' title="bbox 1454 1593 2410 1641; baseline 0 -11"><span class='ocrx_word' id='word_1_400' title='bbox 1454 1595 1513 1631; x_wconf 89' lang='lat' dir='ltr'>tit.</span> <span class='ocrx_word' id='word_1_401' title='bbox 1539 1593 1676 1632; x_wconf 86' lang='lat' dir='ltr'>Matth.</span> <span class='ocrx_word' id='word_1_402' title='bbox 1718 1594 1828 1631; x_wconf 87' lang='lat' dir='ltr'>Bossi</span> <span class='ocrx_word' id='word_1_403' title='bbox 1870 1594 2071 1633; x_wconf 90' lang='lat' dir='ltr'>Fabricius</span> <span class='ocrx_word' id='word_1_404' title='bbox 2104 1594 2410 1641; x_wconf 84' lang='lat' dir='ltr'>hallucinatur.)</span> 
     </span>
     <span class='ocr_line' id='line_1_74' title="bbox 1453 1655 2412 1708; baseline -0.001 -14"><span class='ocrx_word' id='word_1_405' title='bbox 1453 1656 1642 1706; x_wconf 75' lang='lat' dir='ltr'>Epistolis</span> <span class='ocrx_word' id='word_1_406' title='bbox 1663 1657 1808 1694; x_wconf 81' lang='lat' dir='ltr'>Perotti</span> <span class='ocrx_word' id='word_1_407' title='bbox 1833 1655 1931 1694; x_wconf 84' lang='lat' dir='ltr'>nihil</span> <span class='ocrx_word' id='word_1_408' title='bbox 1958 1667 2047 1695; x_wconf 88' lang='lat' dir='ltr'>esse</span> <span class='ocrx_word' id='word_1_409' title='bbox 2063 1655 2287 1708; x_wconf 66' lang='lat' dir='ltr'>jucundius</span> <span class='ocrx_word' id='word_1_410' title='bbox 2307 1655 2412 1706; x_wconf 88' lang='lat' dir='ltr'>judi-</span> 
     </span>
     <span class='ocr_line' id='line_1_75' title="bbox 1453 1717 2414 1769; baseline -0.001 -12"><span class='ocrx_word' id='word_1_411' title='bbox 1453 1719 1557 1757; x_wconf 88' lang='lat' dir='ltr'>cium</span> <span class='ocrx_word' id='word_1_412' title='bbox 1584 1723 1646 1757; x_wconf 82' lang='lat' dir='ltr'>est</span> <span class='ocrx_word' id='word_1_413' title='bbox 1670 1718 1812 1757; x_wconf 90' lang='lat' dir='ltr'>Floridi</span> <span class='ocrx_word' id='word_1_414' title='bbox 1836 1718 1980 1757; x_wconf 82' lang='lat' dir='ltr'>Sabini:</span> <span class='ocrx_word' id='word_1_415' title='bbox 2006 1717 2105 1757; x_wconf 83' lang='lat' dir='ltr'>nihil</span> <span class='ocrx_word' id='word_1_416' title='bbox 2119 1718 2290 1769; x_wconf 71' lang='lat' dir='ltr'>yravius</span> <span class='ocrx_word' id='word_1_417' title='bbox 2306 1749 2316 1766; x_wconf 89' lang='lat'><em>‚</em></span> <span class='ocrx_word' id='word_1_418' title='bbox 2343 1719 2414 1756; x_wconf 81' lang='lat' dir='ltr'>Sa·</span> 
     </span>
     <span class='ocr_line' id='line_1_76' title="bbox 1453 1781 2417 1831; baseline -0.001 -12"><span class='ocrx_word' id='word_1_419' title='bbox 1453 1781 1595 1819; x_wconf 91' lang='lat' dir='ltr'>bellico</span> <span class='ocrx_word' id='word_1_420' title='bbox 1626 1781 1783 1830; x_wconf 84' lang='lat' dir='ltr'>judice,</span> <span class='ocrx_word' id='word_1_421' title='bbox 1811 1782 1886 1819; x_wconf 89' lang='lat' dir='ltr'>nisi</span> <span class='ocrx_word' id='word_1_422' title='bbox 1922 1781 2027 1831; x_wconf 89' lang='lat' dir='ltr'>quod</span> <span class='ocrx_word' id='word_1_423' title='bbox 2058 1783 2095 1819; x_wconf 92' lang='lat' dir='ltr'>in</span> <span class='ocrx_word' id='word_1_424' title='bbox 2123 1781 2351 1820; x_wconf 84' lang='lat' dir='ltr'>simultates</span> <span class='ocrx_word' id='word_1_425' title='bbox 2376 1785 2417 1819; x_wconf 86' lang='lat' dir='ltr'>et</span> 
     </span>
     <span class='ocr_line' id='line_1_77' title="bbox 1459 1842 2241 1894; baseline -0.004 -12"><span class='ocrx_word' id='word_1_426' title='bbox 1459 1848 1594 1894; x_wconf 85' lang='lat' dir='ltr'>aperta</span> <span class='ocrx_word' id='word_1_427' title='bbox 1624 1845 1803 1882; x_wconf 89' lang='lat' dir='ltr'>convicia</span> <span class='ocrx_word' id='word_1_428' title='bbox 1830 1843 2028 1881; x_wconf 86' lang='lat' dir='ltr'>interdum</span> <span class='ocrx_word' id='word_1_429' title='bbox 2060 1842 2241 1881; x_wconf 86' lang='lat' dir='ltr'>descivit.</span> 
     </span>
    </p>

    <p class='ocr_par' dir='ltr' id='par_1_23' title="bbox 1451 1905 2418 2143">
     <span class='ocr_line' id='line_1_78' title="bbox 1511 1905 2416 1956; baseline 0 -12"><span class='ocrx_word' id='word_1_430' title='bbox 1511 1907 1552 1944; x_wconf 90' lang='lat' dir='ltr'>ln</span> <span class='ocrx_word' id='word_1_431' title='bbox 1577 1905 1769 1956; x_wconf 67' lang='lat' dir='ltr'>Poyyium</span> <span class='ocrx_word' id='word_1_432' title='bbox 1792 1907 2065 1945; x_wconf 87' lang='lat' dir='ltr'>Florentinum</span> <span class='ocrx_word' id='word_1_433' title='bbox 2095 1917 2164 1956; x_wconf 91' lang='lat' dir='ltr'>pro</span> <span class='ocrx_word' id='word_1_434' title='bbox 2205 1907 2416 1945; x_wconf 81' lang='lat' dir='ltr'>Laurentio</span> 
     </span>
     <span class='ocr_line' id='line_1_79' title="bbox 1451 1967 2418 2018; baseline -0.001 -11"><span class='ocrx_word' id='word_1_435' title='bbox 1451 1969 1573 2007; x_wconf 83' lang='lat' dir='ltr'>Valla.</span> <span class='ocrx_word' id='word_1_436' title='bbox 1598 1969 1686 2018; x_wconf 88' lang='grc'>(233</span> <span class='ocrx_word' id='word_1_437' title='bbox 1713 1969 1859 2007; x_wconf 88' lang='lat' dir='ltr'>Prodiit</span> <span class='ocrx_word' id='word_1_438' title='bbox 1886 1970 1922 2006; x_wconf 91' lang='lat' dir='ltr'>in</span> <span class='ocrx_word' id='word_1_439' title='bbox 1948 1968 2028 2007; x_wconf 84' lang='lat' dir='ltr'>vol.</span> <span class='ocrx_word' id='word_1_440' title='bbox 2053 1968 2153 2006; x_wconf 89' lang='lat' dir='ltr'>Vlll.</span> <span class='ocrx_word' id='word_1_441' title='bbox 2178 1967 2418 2018; x_wconf 39' lang='lat' dir='ltr'>op..Miscel-</span> 
     </span>
     <span class='ocr_line' id='line_1_80' title="bbox 1452 2029 2416 2082; baseline 0 -14"><span class='ocrx_word' id='word_1_442' title='bbox 1452 2029 1568 2069; x_wconf 84' lang='lat' dir='ltr'>lanea</span> <span class='ocrx_word' id='word_1_443' title='bbox 1605 2030 1648 2070; x_wconf 86' lang='lat' dir='ltr'>di</span> <span class='ocrx_word' id='word_1_444' title='bbox 1684 2031 1799 2070; x_wconf 84' lang='lat' dir='ltr'>varie</span> <span class='ocrx_word' id='word_1_445' title='bbox 1836 2033 2015 2082; x_wconf 79' lang='lat' dir='ltr'>operette.</span> <span class='ocrx_word' id='word_1_446' title='bbox 2059 2031 2146 2069; x_wconf 89' lang='lat' dir='ltr'>Ven.</span> <span class='ocrx_word' id='word_1_447' title='bbox 2186 2029 2416 2069; x_wconf 79' lang='lat' dir='ltr'>Lazzaroni</span> 
     </span>
     <span class='ocr_line' id='line_1_81' title="bbox 1456 2094 1742 2143; baseline 0 -11"><span class='ocrx_word' id='word_1_448' title='bbox 1456 2094 1559 2132; x_wconf 88' lang='grc'>4744</span> <span class='ocrx_word' id='word_1_449' title='bbox 1588 2095 1624 2131; x_wconf 93' lang='lat' dir='ltr'>in</span> <span class='ocrx_word' id='word_1_450' title='bbox 1653 2094 1742 2143; x_wconf 89' lang='grc'>42.)</span> 
     </span>
    </p>

    <p class='ocr_par' dir='ltr' id='par_1_24' title="bbox 1509 2154 2085 2195">
     <span class='ocr_line' id='line_1_82' title="bbox 1509 2154 2085 2195; baseline 0 -2"><span class='ocrx_word' id='word_1_451' title='bbox 1509 2156 1556 2193; x_wconf 87' lang='lat' dir='ltr'>In</span> <span class='ocrx_word' id='word_1_452' title='bbox 1579 2155 1790 2194; x_wconf 87' lang='lat' dir='ltr'>Domitium</span> <span class='ocrx_word' id='word_1_453' title='bbox 1814 2154 2085 2195; x_wconf 87' lang='lat' dir='ltr'>Calderinum.</span> 
     </span>
    </p>

    <p class='ocr_par' dir='ltr' id='par_1_25' title="bbox 1454 2216 2420 2394">
     <span class='ocr_line' id='line_1_83' title="bbox 1510 2216 2418 2267; baseline -0.002 -10"><span class='ocrx_word' id='word_1_454' title='bbox 1510 2217 1828 2258; x_wconf 87' lang='lat' dir='ltr'>Commentarius</span> <span class='ocrx_word' id='word_1_455' title='bbox 1844 2217 1886 2256; x_wconf 88' lang='lat' dir='ltr'>in</span> <span class='ocrx_word' id='word_1_456' title='bbox 1902 2216 2064 2256; x_wconf 86' lang='lat' dir='ltr'>Horatii</span> <span class='ocrx_word' id='word_1_457' title='bbox 2079 2216 2198 2267; x_wconf 88' lang='lat' dir='ltr'>Odas,</span> <span class='ocrx_word' id='word_1_458' title='bbox 2217 2221 2320 2257; x_wconf 88' lang='lat' dir='ltr'>teste</span> <span class='ocrx_word' id='word_1_459' title='bbox 2339 2216 2418 2256; x_wconf 87' lang='lat' dir='ltr'>An-</span> 
     </span>
     <span class='ocr_line' id='line_1_84' title="bbox 1454 2279 2420 2330; baseline -0.001 -11"><span class='ocrx_word' id='word_1_460' title='bbox 1454 2282 1559 2319; x_wconf 89' lang='lat' dir='ltr'>tonio</span> <span class='ocrx_word' id='word_1_461' title='bbox 1591 2283 1721 2319; x_wconf 88' lang='lat' dir='ltr'>Bruno</span> <span class='ocrx_word' id='word_1_462' title='bbox 1744 2281 1868 2330; x_wconf 82' lang='lat' dir='ltr'>Epist.</span> <span class='ocrx_word' id='word_1_463' title='bbox 1895 2279 1941 2318; x_wconf 88' lang='lat' dir='ltr'>ad</span> <span class='ocrx_word' id='word_1_464' title='bbox 1968 2281 2027 2317; x_wconf 86' lang='lat' dir='ltr'>Jo.</span> <span class='ocrx_word' id='word_1_465' title='bbox 2056 2281 2193 2318; x_wconf 88' lang='lat' dir='ltr'>Franc.</span> <span class='ocrx_word' id='word_1_466' title='bbox 2225 2279 2420 2319; x_wconf 84' lang='lat' dir='ltr'>Laureda-</span> 
     </span>
     <span class='ocr_line' id='line_1_85' title="bbox 1455 2341 2414 2394; baseline -0.003 -12"><span class='ocrx_word' id='word_1_467' title='bbox 1455 2356 1566 2391; x_wconf 85' lang='lat' dir='ltr'>num,</span> <span class='ocrx_word' id='word_1_468' title='bbox 1582 2343 1685 2394; x_wconf 86' lang='lat' dir='ltr'>apud</span> <span class='ocrx_word' id='word_1_469' title='bbox 1704 2343 1891 2381; x_wconf 85' lang='lat' dir='ltr'>Allatium</span> <span class='ocrx_word' id='word_1_470' title='bbox 1911 2344 1947 2379; x_wconf 93' lang='lat' dir='ltr'>in</span> <span class='ocrx_word' id='word_1_471' title='bbox 1964 2343 2104 2393; x_wconf 89' lang='lat' dir='ltr'>apibus</span> <span class='ocrx_word' id='word_1_472' title='bbox 2118 2341 2414 2392; x_wconf 64' lang='lat' dir='ltr'>Urbanisp.22r7</span> 
     </span>
    </p>

    <p class='ocr_par' dir='ltr' id='par_1_26' title="bbox 1508 2403 2102 2456">
     <span class='ocr_line' id='line_1_86' title="bbox 1508 2403 2102 2456; baseline -0.002 -13"><span class='ocrx_word' id='word_1_473' title='bbox 1508 2407 1562 2445; x_wconf 86' lang='lat' dir='ltr'>De</span> <span class='ocrx_word' id='word_1_474' title='bbox 1583 2404 1877 2445; x_wconf 84' lang='lat' dir='ltr'>conscribendis</span> <span class='ocrx_word' id='word_1_475' title='bbox 1902 2403 2102 2456; x_wconf 84' lang='lat' dir='ltr'>Epistolis.</span> 
     </span>
    </p>

    <p class='ocr_par' dir='ltr' id='par_1_27' title="bbox 1507 2466 2060 2520">
     <span class='ocr_line' id='line_1_87' title="bbox 1507 2466 2060 2520; baseline -0.005 -13"><span class='ocrx_word' id='word_1_476' title='bbox 1507 2469 1561 2507; x_wconf 87' lang='lat' dir='ltr'>De</span> <span class='ocrx_word' id='word_1_477' title='bbox 1581 2480 1802 2520; x_wconf 88' lang='lat' dir='ltr'>puerorum</span> <span class='ocrx_word' id='word_1_478' title='bbox 1828 2466 2060 2506; x_wconf 84' lang='lat' dir='ltr'>eruditione.</span> 
     </span>
    </p>

    <p class='ocr_par' dir='ltr' id='par_1_28' title="bbox 1512 2528 2137 2571">
     <span class='ocr_line' id='line_1_88' title="bbox 1512 2528 2137 2571; baseline -0.006 -1"><span class='ocrx_word' id='word_1_479' title='bbox 1512 2532 1598 2571; x_wconf 81' lang='lat' dir='ltr'>Vita</span> <span class='ocrx_word' id='word_1_480' title='bbox 1624 2529 1854 2570; x_wconf 79' lang='lat' dir='ltr'>Carciinalis</span> <span class='ocrx_word' id='word_1_481' title='bbox 1874 2528 2137 2569; x_wconf 87' lang='lat' dir='ltr'>Bessarionis.</span> 
     </span>
    </p>

    <p class='ocr_par' dir='ltr' id='par_1_29' title="bbox 1447 2589 2419 2707">
     <span class='ocr_line' id='line_1_89' title="bbox 1508 2589 2419 2633; baseline -0.005 0"><span class='ocrx_word' id='word_1_482' title='bbox 1508 2593 1796 2633; x_wconf 83' lang='lat' dir='ltr'>Commentarii</span> <span class='ocrx_word' id='word_1_483' title='bbox 1816 2603 1955 2630; x_wconf 86' lang='lat' dir='ltr'>rerum</span> <span class='ocrx_word' id='word_1_484' title='bbox 1979 2603 2078 2631; x_wconf 84' lang='lat' dir='ltr'>suae</span> <span class='ocrx_word' id='word_1_485' title='bbox 2101 2590 2264 2630; x_wconf 85' lang='lat' dir='ltr'>Patriae</span> <span class='ocrx_word' id='word_1_486' title='bbox 2286 2594 2325 2629; x_wconf 88' lang='lat' dir='ltr'>et</span> <span class='ocrx_word' id='word_1_487' title='bbox 2344 2589 2419 2629; x_wconf 89' lang='lat' dir='ltr'>elo-</span> 
     </span>
     <span class='ocr_line' id='line_1_90' title="bbox 1447 2652 2191 2707; baseline -0.005 -13"><span class='ocrx_word' id='word_1_488' title='bbox 1447 2656 1514 2707; x_wconf 70' lang='lat' dir='ltr'>yia</span> <span class='ocrx_word' id='word_1_489' title='bbox 1536 2654 1753 2694; x_wconf 84' lang='lat' dir='ltr'>illustrium</span> <span class='ocrx_word' id='word_1_490' title='bbox 1774 2652 2191 2706; x_wconf 79' lang='lat' dir='ltr'>Saoeoferratensium.</span> 
     </span>
    </p>

    <p class='ocr_par' dir='ltr' id='par_1_30' title="bbox 1451 2716 2419 3455">
     <span class='ocr_line' id='line_1_91' title="bbox 1508 2716 2418 2767; baseline -0.004 -10"><span class='ocrx_word' id='word_1_491' title='bbox 1508 2717 1692 2757; x_wconf 87' lang='lat' dir='ltr'>Fabellas</span> <span class='ocrx_word' id='word_1_492' title='bbox 1717 2729 1759 2756; x_wconf 88' lang='lat' dir='ltr'>se</span> <span class='ocrx_word' id='word_1_493' title='bbox 1790 2718 1998 2767; x_wconf 83' lang='lat' dir='ltr'>scripsisse</span> <span class='ocrx_word' id='word_1_494' title='bbox 2034 2716 2356 2763; x_wconf 85' lang='lat' dir='ltr'>adolescentem,</span> <span class='ocrx_word' id='word_1_495' title='bbox 2379 2721 2418 2753; x_wconf 87' lang='lat' dir='ltr'>et</span> 
     </span>
     <span class='ocr_line' id='line_1_92' title="bbox 1453 2777 2417 2829; baseline -0.006 -8"><span class='ocrx_word' id='word_1_496' title='bbox 1453 2796 1503 2821; x_wconf 73' lang='lat' dir='ltr'>ex</span> <span class='ocrx_word' id='word_1_497' title='bbox 1533 2781 1679 2821; x_wconf 83' lang='lat' dir='ltr'>Avieno</span> <span class='ocrx_word' id='word_1_498' title='bbox 1715 2779 1908 2829; x_wconf 89' lang='lat' dir='ltr'>quasdam</span> <span class='ocrx_word' id='word_1_499' title='bbox 1955 2778 2212 2817; x_wconf 87' lang='lat' dir='ltr'>transtulisse</span> <span class='ocrx_word' id='word_1_500' title='bbox 2247 2777 2417 2827; x_wconf 86' lang='lat' dir='ltr'>jambico</span> 
     </span>
     <span class='ocr_line' id='line_1_93' title="bbox 1454 2839 2419 2891; baseline -0.006 -7"><span class='ocrx_word' id='word_1_501' title='bbox 1454 2846 1656 2891; x_wconf 86' lang='lat' dir='ltr'>carmine,</span> <span class='ocrx_word' id='word_1_502' title='bbox 1682 2846 1855 2880; x_wconf 86' lang='lat' dir='ltr'>testatur</span> <span class='ocrx_word' id='word_1_503' title='bbox 1878 2843 2063 2879; x_wconf 89' lang='lat' dir='ltr'>Perottus</span> <span class='ocrx_word' id='word_1_504' title='bbox 2087 2839 2135 2878; x_wconf 85' lang='lat' dir='ltr'>ad</span> <span class='ocrx_word' id='word_1_505' title='bbox 2166 2840 2419 2890; x_wconf 75' lang='lat' dir='ltr'>Epigramma</span> 
     </span>
     <span class='ocr_line' id='line_1_94' title="bbox 1453 2903 2417 2954; baseline -0.005 -8"><span class='ocrx_word' id='word_1_506' title='bbox 1453 2908 1638 2946; x_wconf 85' lang='lat' dir='ltr'>Martialis</span> <span class='ocrx_word' id='word_1_507' title='bbox 1662 2905 1727 2943; x_wconf 85' lang='lat'>77.</span> <span class='ocrx_word' id='word_1_508' title='bbox 1767 2909 1887 2954; x_wconf 87' lang='lat' dir='ltr'>atque</span> <span class='ocrx_word' id='word_1_509' title='bbox 1923 2903 2066 2942; x_wconf 90' lang='lat' dir='ltr'>deinde</span> <span class='ocrx_word' id='word_1_510' title='bbox 2105 2913 2250 2942; x_wconf 88' lang='lat' dir='ltr'>versus</span> <span class='ocrx_word' id='word_1_511' title='bbox 2277 2903 2417 2952; x_wconf 82' lang='lat' dir='ltr'>affert,</span> 
     </span>
     <span class='ocr_line' id='line_1_95' title="bbox 1452 2964 2416 3020; baseline -0.006 -12"><span class='ocrx_word' id='word_1_512' title='bbox 1452 2981 1552 3020; x_wconf 88' lang='lat' dir='ltr'>quos</span> <span class='ocrx_word' id='word_1_513' title='bbox 1593 2966 1767 3006; x_wconf 82' lang='lat' dir='ltr'>Phaedri</span> <span class='ocrx_word' id='word_1_514' title='bbox 1800 2978 1890 3005; x_wconf 82' lang='lat' dir='ltr'>esse</span> <span class='ocrx_word' id='word_1_515' title='bbox 1932 2970 2114 3012; x_wconf 80' lang='lat' dir='ltr'>constat⁷</span> <span class='ocrx_word' id='word_1_516' title='bbox 2158 2964 2263 3004; x_wconf 89' lang='lat' dir='ltr'>unde</span> <span class='ocrx_word' id='word_1_517' title='bbox 2299 2964 2416 3015; x_wconf 82' lang='lat' dir='ltr'>plagii</span> 
     </span>
     <span class='ocr_line' id='line_1_96' title="bbox 1452 3027 2417 3081; baseline -0.005 -11"><span class='ocrx_word' id='word_1_518' title='bbox 1452 3043 1542 3070; x_wconf 86' lang='lat' dir='ltr'>eum</span> <span class='ocrx_word' id='word_1_519' title='bbox 1568 3034 1788 3081; x_wconf 78' lang='lat' dir='ltr'>arguerunt</span> <span class='ocrx_word' id='word_1_520' title='bbox 1815 3030 1885 3067; x_wconf 91' lang='lat' dir='ltr'>viri</span> <span class='ocrx_word' id='word_1_521' title='bbox 1909 3029 2024 3067; x_wconf 91' lang='lat' dir='ltr'>docti.</span> <span class='ocrx_word' id='word_1_522' title='bbox 2051 3028 2142 3067; x_wconf 90' lang='lat' dir='ltr'>Sed.</span> <span class='ocrx_word' id='word_1_523' title='bbox 2166 3031 2210 3066; x_wconf 90' lang='lat' dir='ltr'>ut</span> <span class='ocrx_word' id='word_1_524' title='bbox 2230 3027 2329 3066; x_wconf 87' lang='lat' dir='ltr'>bene</span> <span class='ocrx_word' id='word_1_525' title='bbox 2349 3038 2417 3065; x_wconf 92' lang='lat' dir='ltr'>no-</span> 
     </span>
     <span class='ocr_line' id='line_1_97' title="bbox 1453 3090 2413 3140; baseline -0.003 -8"><span class='ocrx_word' id='word_1_526' title='bbox 1453 3099 1579 3132; x_wconf 87' lang='lat' dir='ltr'>tatum</span> <span class='ocrx_word' id='word_1_527' title='bbox 1608 3105 1628 3131; x_wconf 89' lang='lat' dir='ltr'>a</span> <span class='ocrx_word' id='word_1_528' title='bbox 1654 3093 1698 3131; x_wconf 91' lang='lat' dir='ltr'>V.</span> <span class='ocrx_word' id='word_1_529' title='bbox 1724 3093 1765 3129; x_wconf 82' lang='lat' dir='ltr'>C.</span> <span class='ocrx_word' id='word_1_530' title='bbox 1802 3093 1917 3130; x_wconf 88' lang='lat' dir='ltr'>Petro</span> <span class='ocrx_word' id='word_1_531' title='bbox 1953 3093 2182 3130; x_wconf 87' lang='lat' dir='ltr'>Burmanno</span> <span class='ocrx_word' id='word_1_532' title='bbox 2220 3090 2340 3140; x_wconf 84' lang='lat' dir='ltr'>praef.</span> <span class='ocrx_word' id='word_1_533' title='bbox 2367 3090 2413 3129; x_wconf 83' lang='lat' dir='ltr'>ad</span> 
     </span>
     <span class='ocr_line' id='line_1_98' title="bbox 1454 3152 2415 3205; baseline -0.004 -11"><span class='ocrx_word' id='word_1_534' title='bbox 1454 3156 1674 3195; x_wconf 81' lang='lat' dir='ltr'>Phaedrum</span> <span class='ocrx_word' id='word_1_535' title='bbox 1710 3156 1824 3192; x_wconf 90' lang='lat' dir='ltr'>novis</span> <span class='ocrx_word' id='word_1_536' title='bbox 1849 3158 1889 3192; x_wconf 91' lang='lat' dir='ltr'>et</span> <span class='ocrx_word' id='word_1_537' title='bbox 1913 3153 2192 3205; x_wconf 85' lang='lat' dir='ltr'>pulcherrimis</span> <span class='ocrx_word' id='word_1_538' title='bbox 2221 3152 2328 3190; x_wconf 89' lang='lat' dir='ltr'>curis</span> <span class='ocrx_word' id='word_1_539' title='bbox 2366 3152 2415 3190; x_wconf 85' lang='lat' dir='ltr'>ab</span> 
     </span>
     <span class='ocr_line' id='line_1_99' title="bbox 1451 3212 2413 3268; baseline -0.004 -12"><span class='ocrx_word' id='word_1_540' title='bbox 1451 3231 1496 3256; x_wconf 84' lang='lat' dir='ltr'>eo</span> <span class='ocrx_word' id='word_1_541' title='bbox 1526 3218 1743 3268; x_wconf 76' lang='lat' dir='ltr'>expolitum</span> <span class='ocrx_word' id='word_1_542' title='bbox 1790 3217 2024 3266; x_wconf 87' lang='lat' dir='ltr'>editumque</span> <span class='ocrx_word' id='word_1_543' title='bbox 2056 3214 2196 3252; x_wconf 85' lang='lat' dir='ltr'>Leidae</span> <span class='ocrx_word' id='word_1_544' title='bbox 2228 3212 2344 3262; x_wconf 83' lang='grc'>4727,</span> <span class='ocrx_word' id='word_1_545' title='bbox 2378 3214 2413 3252; x_wconf 88' lang='grc'>4.</span> 
     </span>
     <span class='ocr_line' id='line_1_100' title="bbox 1451 3274 2415 3329; baseline -0.005 -10"><span class='ocrx_word' id='word_1_546' title='bbox 1451 3281 1580 3320; x_wconf 85' lang='lat' dir='ltr'>adhuc</span> <span class='ocrx_word' id='word_1_547' title='bbox 1603 3285 1735 3318; x_wconf 77' lang='lat' dir='ltr'>exstat</span> <span class='ocrx_word' id='word_1_548' title='bbox 1759 3280 2027 3329; x_wconf 86' lang='lat' dir='ltr'>Manuscripta</span> <span class='ocrx_word' id='word_1_549' title='bbox 2051 3275 2152 3327; x_wconf 87' lang='lat' dir='ltr'>apud</span> <span class='ocrx_word' id='word_1_550' title='bbox 2192 3274 2312 3314; x_wconf 85' lang='lat' dir='ltr'>Italos</span> <span class='ocrx_word' id='word_1_551' title='bbox 2345 3276 2415 3314; x_wconf 54' lang='lat' dir='ltr'>Pe‘</span> 
     </span>
     <span class='ocr_line' id='line_1_101' title="bbox 1452 3337 2416 3394; baseline -0.006 -13"><span class='ocrx_word' id='word_1_552' title='bbox 1452 3345 1541 3382; x_wconf 89' lang='lat' dir='ltr'>rotti</span> <span class='ocrx_word' id='word_1_553' title='bbox 1567 3343 1733 3394; x_wconf 88' lang='lat' dir='ltr'>epitoma</span> <span class='ocrx_word' id='word_1_554' title='bbox 1754 3339 1990 3394; x_wconf 83' lang='lat' dir='ltr'>fabularum</span> <span class='ocrx_word' id='word_1_555' title='bbox 2029 3337 2355 3390; x_wconf 79' lang='lat' dir='ltr'>AEsopz’,.Avient</span> <span class='ocrx_word' id='word_1_556' title='bbox 2378 3341 2416 3376; x_wconf 86' lang='lat' dir='ltr'>et</span> 
     </span>
     <span class='ocr_line' id='line_1_102' title="bbox 1454 3399 2411 3455; baseline -0.006 -11"><span class='ocrx_word' id='word_1_557' title='bbox 1454 3404 1684 3445; x_wconf 84' lang='lat' dir='ltr'>Phaedriad</span> <span class='ocrx_word' id='word_1_558' title='bbox 1697 3405 1891 3455; x_wconf 84' lang='lat' dir='ltr'>Pyrrhum</span> <span class='ocrx_word' id='word_1_559' title='bbox 1904 3405 2103 3442; x_wconf 84' lang='lat' dir='ltr'>Perottum</span> <span class='ocrx_word' id='word_1_560' title='bbox 2123 3401 2254 3439; x_wconf 83' lang='lat' dir='ltr'>fratris</span> <span class='ocrx_word' id='word_1_561' title='bbox 2273 3399 2411 3448; x_wconf 83' lang='lat' dir='ltr'>filium,</span> 
     </span>
    </p>
   </div>
   <div class='ocr_carea' id='block_1_4' title="bbox 2501 1662 2533 3734">
    <p class='ocr_par' dir='ltr' id='par_1_31' title="bbox 2501 1662 2533 3734">
     <span class='ocr_line' id='line_1_103' title="bbox 2501 1662 2533 3734; baseline 0 0"><span class='ocrx_word' id='word_1_562' title='bbox 2501 1662 2533 3734; x_wconf 95' lang='lat' dir='ltr'> </span> 
     </span>
    </p>
   </div>
  </div>
 </body>
</html>
