2517 4009
893 222 1385 264 RADEGUans

131 300 168 335 et
198 294 342 336 δεινοῖο
370 293 559 333 Ludovici
583 294 678 345 Imp.
711 294 778 333 Pii
800 293 922 347 filiis,
955 297 1096 335 carmi·

135 370 182 397 ne
200 358 372 397 heroico.

67 410 71 411 ⁷
185 421 221 458 9.
252 420 308 458 De
355 416 690 458 benedictionibus
731 419 1093 467 Patriarclzarum,

129 480 330 534 Epistolae
357 479 413 519 ad
433 479 614 519 diversos
657 487 697 520 et
739 483 814 521 alia
858 483 1096 522 Colvenerio

129 544 208 583 sub
237 544 395 581 initium
426 544 522 581 tomi
556 544 583 582 Ι.
630 549 878 594 memorata,
922 555 1092 594 quorum

127 609 262 643 tamen
295 604 400 643 tituli
434 604 535 642 bene
564 616 657 644 curn
689 605 807 644 editis
838 610 935 644 sunt
963 605 1097 643 confe-

127 665 260 714 rendi,
288 678 336 704 ne
362 677 432 717 pro
461 666 611 706 inedito
637 667 857 715 habeatur,
879 667 982 717 quod
1011 665 1093 717 jam

128 727 281 767 dudum
313 732 376 766 est
405 727 570 767 editum.

179 788 202 812 *
226 790 269 828 ln
300 789 637 839 Ephemeridibus
663 790 912 830 Germanicis
949 790 1093 829 Coccei

123 850 202 889 An.
233 850 352 890 4751.
378 863 517 890 mense
534 852 657 902 Aprili
677 853 948 891 annunciatur
962 850 1095 891 Raba-

126 912 171 950 ni
185 914 494 952 commentarius
531 913 572 952 in
609 912 840 961 Danielem,
879 926 1000 965 quem
1041 926 1090 954 ex

125 975 208 1015 MS.
233 975 378 1015 Codice
404 976 549 1015 habere
581 975 664 1026 J'am
707 976 873 1015 editioni
910 982 1094 1027 paratum

124 1048 159 1076 a.
194 1039 235 1077 P.
266 1038 497 1089 Ziegelbaur
533 1038 662 1077 Sveco
686 1038 781 1077 Ord.
808 1040 847 1078 S.
886 1039 1093 1078 Benedicti

128 1100 396 1151 promulgant.
421 1100 464 1139 ld
495 1103 750 1151 quantocyus
793 1105 836 1139 ut
874 1106 1098 1151 exequatur

123 1162 187 1200 vir
210 1162 372 1210 doctuS,
393 1164 470 1201 nisi
490 1163 589 1201 forte
610 1163 912 1202 sollicitationes
930 1168 1090 1202 nostras

118 1221 201 1272 jam
240 1225 521 1274 praevenerit,
559 1227 764 1264 communi
806 1227 966 1263 nomine
998 1236 1090 1275 rogo

122 1290 163 1324 et
186 1286 366 1325 obsecro.
389 1286 506 1326 Nunc
529 1291 666 1326 autern
693 1299 786 1326 cum
813 1288 912 1326 haec
937 1287 1089 1335 scribo,

123 1350 299 1400 primum
323 1348 442 1387 didici
479 1349 655 1388 eundem
694 1349 924 1400 religiosum
956 1351 1088 1389 virum

124 1422 146 1448 e
172 1412 270 1450 viris
293 1411 548 1458 decessisse,
573 1410 679 1461 quod
705 1423 755 1448 ne
788 1411 906 1450 cadat
947 1413 984 1450 in
1029 1412 1098 1450 de-

129 1474 368 1511 trimentum
392 1473 621 1511 communis
645 1474 940 1522 expectationis
963 1477 1070 1523 opto.

174 1534 385 1573 Tractatus
399 1532 446 1571 de
461 1534 720 1573 Sacramento
731 1533 1015 1572 Eucharistiae
1025 1535 1099 1574 Co-

131 1595 260 1634 loniae
284 1596 474 1646 vulgatus
499 1596 603 1634 idem
629 1597 791 1633 omnino
814 1601 877 1634 est
901 1607 993 1634 cum
1020 1601 1098 1635 tra-

127 1661 240 1695 ctatu
259 1656 314 1694 De
339 1667 506 1707 corpore
530 1660 568 1695 et
588 1657 783 1708 sanquine
807 1657 990 1706 Domini,
1029 1660 1097 1709 qui

129 1718 333 1769 legitimus
358 1719 489 1758 foetus
512 1724 576 1758 est
601 1721 641 1759 S.
668 1720 871 1759 Paschasii
896 1721 1097 1769 Radberti,

128 1791 253 1831 quare
277 1792 356 1820 non
383 1782 458 1819 nisi
485 1781 677 1820 mendose
701 1782 931 1821 MS.Codex
956 1784 1094 1835 Angli-

126 1855 214 1883 cus.
237 1849 301 1884 est
324 1856 404 1895 quo
429 1844 619 1894 vulgatus
658 1849 719 1883 est
757 1846 918 1885 Rabano
956 1848 1091 1886 Mauro

70 1953 84 1961 .
130 1906 227 1945 illud
249 1906 443 1945 inscribit.
468 1906 564 1945 Vide
587 1908 798 1946 Historiam
824 1909 974 1947 literar.
994 1910 1095 1948 Gall.

130 1967 175 2006 V.
199 1980 235 2019 p.
263 1968 353 2007 404.
377 1972 418 2007 et
440 1972 470 2006 t.
495 1969 558 2007 VI.
585 1981 621 2020 p.
648 1970 710 2008 15.
736 1974 776 2008 et
804 1972 864 2009 46.
888 1973 1011 2020 praes.

185 2030 421 2070 RABANUS
450 2031 578 2078 alius,
609 2032 672 2070 cui
703 2032 838 2071 Codex
867 2034 1000 2072 Jacobi
1027 2035 1096 2073 Pa-

132 2092 238 2131 melii
269 2093 408 2131 tribuit
438 2093 642 2142 libellum,
673 2095 741 2144 qui
771 2095 894 2146 vulgo
925 2096 1000 2134 sub
1023 2096 1097 2135 Mi-

129 2151 280 2205 croloyi
303 2156 463 2193 nomine
484 2154 531 2194 de
545 2154 836 2195 Ecclesiasticis
853 2155 1097 2196 observatio-

128 2214 246 2256 nibus
276 2216 422 2256 editur.
456 2217 555 2258 Vide
598 2220 789 2259 Nostrum
829 2231 950 2270 supra
992 2225 1019 2259 t.
1051 2222 1093 2260 V.

128 2289 218 2330 pag.
249 2280 319 2318 76.

182 2341 475 2392 RADBODUS,
505 2344 552 2382 ΙΙ.
579 2345 801 2395 Episcopus
825 2345 1097 2385 Noviomensis

130 2412 176 2440 ac
209 2402 488 2450 Tornacensis,
517 2416 554 2442 a.
587 2405 701 2443 4067.
732 2407 909 2457 electus,
929 2408 956 2457 †
978 2409 1094 2447 4098.

109 2456 452 2514 scripsit'Vicam
481 2466 520 2504 S.
546 2465 733 2505 Medardi
758 2468 984 2508 decessoris
1015 2472 1095 2514 sui,

129 2535 232 2575 quae
262 2525 338 2564 sub
368 2527 528 2564 nomine
572 2528 777 2566 Fortunati
826 2529 931 2578 (vide
977 2541 1098 2581 supra

135 2592 232 2625 tom.
263 2587 311 2625 11.
341 2599 379 2637 p.
410 2587 516 2637 586.)
545 2593 680 2627 exstat
714 2589 819 2640 apud
864 2591 1027 2630 Surium
1061 2592 1097 2628 8.

135 2650 269 2697 Junii,
299 2654 340 2687 et
369 2650 407 2687 in
437 2649 550 2689 Actis
575 2651 812 2690 Sanctorum
846 2656 940 2690 tom.
972 2654 1017 2691 ΙΙ.
1060 2665 1093 2704 p.

133 2711 196 2750 87.
230 2712 326 2749 item
360 2711 485 2750 Vitam
522 2713 562 2752 S.
609 2711 880 2763 Godobertae,
928 2715 1096 2766 virginis

131 2772 382 2820 Novioduni,
414 2774 517 2825 apud
550 2775 712 2814 Surium
744 2777 812 2814 XI.
846 2775 968 2827 April.
1005 2777 1095 2815 stilo

134 2845 230 2874 vero
261 2836 492 2886 primigenio
519 2838 555 2874 in
580 2838 691 2876 Actis
715 2838 783 2876 SS.
810 2839 968 2877 tom.11.
987 2839 1098 2889 Apri-

133 2897 180 2935 lis
211 2907 297 2947 pag.
328 2898 392 2936 32.
424 2899 531 2937 Hanc
563 2899 716 2938 Ludov.
747 2900 796 2938 de
826 2902 1032 2952 Montiguy
1058 2903 1094 2938 in

132 2958 314 2998 Ecclesia
331 2959 371 2998 S.
392 2958 639 3000 Godobertae
667 2963 905 3012 Presbyter,
930 2963 1099 3002 Canoni-

136 3032 209 3060 cus
238 3026 279 3060 et
322 3021 663 3071 Archidiaconus,
708 3024 857 3064 Gallice
900 3025 1097 3070 reddidit,

136 3088 178 3122 et
206 3084 532 3124 annotationibus
575 3085 743 3124 eruditis
787 3087 1017 3126 illustravit.
1062 3099 1096 3126 a.

141 3146 257 3185 4630.
289 3146 385 3184 item
418 3146 647 3186 Sermonem
671 3147 717 3185 de
738 3148 929 3187 Navitate
953 3152 991 3187 et
1021 3150 1100 3188 An-

135 3207 387 3248 nunciatione
416 3208 562 3247 Beatae
592 3208 762 3259 Viryinis
783 3241 793 3257 ,
825 3211 891 3260 qui
936 3211 1012 3249 MS.
1059 3213 1097 3249 in

134 3271 232 3310 Bibl.
263 3272 450 3310 Vaticana
482 3275 522 3308 et
551 3272 715 3310 Tornaci
747 3271 795 3309 ad
821 3272 859 3310 S.
887 3273 1098 3312 Martinum

137 3337 335 3375 servatur.
370 3335 452 3374 Val.
485 3333 666 3372 Andreae
698 3334 794 3372 Bibl.
827 3334 981 3384 Belgica
1013 3345 1098 3384 pag.

2063 226 2141 264 333

1171 306 1208 346 p.
1240 295 1328 334 785.
1361 296 1422 334 cui
1454 294 1555 333 adde
1595 294 1905 345 Papebrocbium
1952 300 2048 335 tom.
2094 299 2140 336 Η.

1178 357 1324 408 Aprilis
1355 368 1391 406 p.
1424 358 1488 396 34.

1230 420 1369 458 Sermo
1400 418 1445 457 de
1473 418 1717 470 conceptione
1754 418 1922 470 viminis
1958 421 2139 469 Mariae,

1174 481 1210 518 in
1241 492 1319 531 qua
1345 485 1480 519 narrat
1505 481 1753 519 sanationem
1785 479 1995 530 cujusdam
2029 484 2137 533 puel-

1170 542 1230 581 lae
1260 543 1365 594 apud
1396 542 1666 590 Noviomum,
1698 543 1777 582 MS.
1809 545 1845 581 in
1864 544 1962 582 Bibl.
1980 545 2020 584 S.
2038 546 2139 584 Mar-

1172 606 1244 643 tini
1274 606 1442 643 Tornac.
1475 604 1642 643 Sanderi
1673 605 1771 643 Bibl.
1794 606 1951 657 Belgica
1982 608 2089 647 MSS.
2110 609 2139 647 Ι.

1175 677 1261 717 pag.
1295 666 1384 705 422.

1225 728 1405 779 Diploma
1438 728 1564 778 ipsius
1581 740 1614 766 a.
1636 730 1752 768 4088.
1776 731 1980 771 Ecclesiae
2015 732 2142 771 Colle-

1170 791 1299 842 giatae
1331 789 1370 828 S.
1400 791 1503 829 Petri
1535 791 1678 829 insulis
1697 791 1960 832 Flandrorum
1999 794 2137 833 datum

1170 857 1305 891 exstat
1335 857 1429 891 tom.
1462 853 1525 891 111.
1557 852 1657 903 Opp.
1689 852 1782 904 dipl.
1814 856 1945 894 Miraei
1981 868 2018 906 p.
2047 856 2141 895 664.

1224 915 1525 962 RADBODUS,
1569 926 1620 953 ex
1666 917 1785 966 Regia
1830 919 2047 957 Frisiorum
2093 931 2139 958 ac

1172 978 1418 1016 Francorum
1452 977 1597 1028 Stirpe,
1615 979 1840 1029 Episcopus
1861 980 2139 1032 Trajectensis,

1173 1051 1208 1078 a.
1239 1040 1329 1077 900.
1362 1041 1400 1077 in
1437 1040 1593 1078 Scholis
1624 1040 1812 1079 Palatinis
1850 1043 2141 1083 Parisiensibus

1173 1105 1352 1152 tempore
1383 1102 1510 1141 Caroli
1545 1102 1654 1141 Calvi
1686 1114 1707 1141 a
1732 1104 1927 1142 Mannone
1952 1106 2016 1143 vel
2038 1105 2144 1143 Nan-

1173 1174 1276 1202 none
1300 1165 1522 1202 Stauriensi
1555 1165 1750 1204 formatus
1781 1166 1976 1205 fuitObiit
1992 1167 2137 1207 a.9i7.

1230 1226 1318 1264 Vita
1362 1225 1450 1275 ejus
1495 1230 1651 1276 praeter
1694 1227 1867 1273 Bekam‚
1909 1229 2057 1268 [ledam
2102 1234 2142 1267 et

1176 1287 1275 1325 alios
1307 1288 1524 1336 separatim
1554 1287 1658 1326 edita
1690 1294 1753 1326 est
1782 1299 1803 1327 a
1836 1290 1949 1328 Surio
1992 1303 2028 1341 p.
2078 1293 2144 1330 29.

1174 1349 1273 1386 Nov.
1306 1352 1408 1397 post.
1440 1359 1460 1385 a
1491 1348 1716 1386 Mabillonio
1748 1351 1837 1389 Sec.
1869 1352 1912 1389 V.
1933 1353 2080 1392 Bened.
2104 1365 2140 1404 p.

1172 1407 1238 1446 25.
1262 1407 1390 1458 Opera
1415 1407 1505 1457 ejus
1531 1409 1630 1447 haec
1656 1417 1778 1449 sunt:
1802 1413 1958 1452 Laudes
1979 1415 2018 1454 S.
2037 1416 2147 1454 Mar-

1177 1469 1270 1517 tini,
1297 1470 1454 1508 Laudes
1477 1472 1517 1510 8.
1557 1471 1780 1523 Bonifacii,
1825 1474 2018 1514 Tomellus
2057 1479 2145 1516 sive

1170 1532 1309 1570 Sermo
1338 1531 1383 1570 de
1439 1533 1587 1571 Sancta
1622 1533 1885 1585 Amalberya,
1917 1538 1983 1586 qui
2013 1538 2146 1578 editus

1175 1598 1238 1631 est
1268 1605 1290 1632 a
1319 1595 1378 1632 .Ιο.
1409 1596 1520 1645 Bapt.
1552 1593 1717 1634 Sollerio
1748 1597 1783 1633 in
1814 1598 1850 1634 in
1895 1598 2007 1637 Actis
2049 1600 2148 1638 San-

1175 1660 1331 1695 ctorum
1364 1660 1460 1694 tom.
1493 1657 1558 1695 111.
1588 1657 1679 1696 Julii
1713 1669 1750 1708 p.
1775 1658 1837 1697 88.
1862 1659 2076 1707 Homalme,
2100 1661 2145 1700 de

1175 1718 1215 1757 S.
1252 1716 1519 1767 Willebrocl0‚
1554 1718 1734 1772 Officium
1758 1719 1805 1758 de
1830 1721 2089 1761 translatione
2104 1725 2144 1762 S.

1173 1779 1360 1819 Martini.
1391 1780 1488 1818 Vide
1519 1781 1784 1820 Tritbemium
1817 1782 1865 1820 de.
1896 1783 2044 1834 Script.
2070 1786 2147 1824 Ec-

1168 1842 1263 1881 cles.
1294 1853 1329 1879 c.
1358 1843 1448 1882 293.
1476 1843 1671 1882 Bulaeum
1691 1844 1785 1882 hist.
1803 1845 2042 1885 Academiae
2076 1849 2145 1885 Pa-

1170 1905 1315 1942 risinae
1345 1909 1441 1943 tom.
1472 1906 1499 1944 Ι.
1531 1917 1567 1956 p.
1600 1906 1690 1944 633.
1723 1907 1804 1944 Val.
1836 1906 2020 1947 Andreae
2045 1909 2144 1947 Bibl.

1169 1967 1368 2018 Belgicam
1400 1980 1436 2018 p.
1466 1968 1557 2005 784.
1590 1968 1775 2007 Sweertii
1806 1968 1988 2008 Athenas
2019 1972 2145 2022 Belgi-

1171 2040 1271 2077 cas,
1303 2041 1339 2080 p.
1371 2030 1462 2069 650.
1494 2031 1593 2069 Hist.
1626 2030 1843 2069 literariam
1874 2032 2023 2070 Galliae
2048 2037 2144 2071 tom.

1173 2093 1235 2130 VI.
1268 2104 1304 2143 p.
1337 2093 1427 2131 458.
1454 2093 1643 2144 Eclogam
1674 2097 1714 2131 et
1741 2094 1976 2132 Sermonem
2006 2095 2062 2133 De
2099 2097 2140 2135 S.

1172 2153 1345 2193 Lebuino
1373 2153 1509 2194 Presb.
1534 2154 1659 2193 edidit
1683 2156 1826 2194 Surius
1863 2155 1900 2194 d.
1941 2157 2003 2196 42.
2042 2158 2139 2196 Nov.

1173 2216 1396 2257 Chronicon
1426 2215 1545 2256 breve
1574 2229 1708 2256 rerum
1740 2228 1761 2255 a
1792 2229 1835 2255 se
1865 2223 1905 2256 et
1936 2229 2008 2257 suo
2040 2224 2141 2258 tem-

1174 2291 1267 2330 pore
1297 2284 1504 2330 gestarnm
1537 2284 1733 2317 memorat
1779 2280 1897 2317 Wilh.
1944 2281 2051 2320 Heda
2095 2281 2144 2319 de

1174 2342 1310 2392 Episc.
1341 2339 1550 2390 Ultraject.
1579 2341 1628 2379 ad
1659 2352 1811 2386 annum
1843 2342 1935 2379 900.
1972 2342 2146 2382 Homilia

1173 2403 1220 2443 de
1240 2405 1279 2443 8.
1312 2402 1515 2444 Suitberto
1545 2403 1648 2442 edita
1680 2407 1743 2442 est
1769 2404 1805 2440 in
1824 2402 1934 2441 Actis
1955 2404 2023 2442 SS.
2046 2409 2140 2443 tom.

1174 2468 1201 2504 l.
1228 2468 1340 2505 Mart.
1371 2478 1407 2517 p.
1434 2467 1498 2505 58.
1528 2470 1569 2503 et
1597 2465 1834 2504 Mabillonio.

1228 2530 1287 2568 88
1326 2528 1629 2579 Episcoporum,
1659 2529 1897 2578 Martyrum,
1932 2528 2142 2569 Doctorum

1176 2592 1296 2639 atque
1321 2591 1428 2627 Pont.
1455 2591 1561 2628 Rom.
1578 2588 1789 2627 historiam
1815 2594 2008 2627 memorat
2042 2590 2138 2629 Lud.

1170 2651 1341 2689 Jacobus
1372 2663 1392 2690 a
1423 2652 1461 2689 S.
1494 2651 1633 2689 Carolo
1664 2651 1762 2688 Bibl.
1794 2651 1932 2688 Pontif.
1964 2662 2000 2700 p.
2043 2652 2134 2690 429.

1174 2712 1259 2751 sed.
1290 2712 1353 2751 ubi
1385 2714 1462 2751 MS.
1481 2717 1552 2751 aut
1578 2713 1800 2762 impressus
1825 2713 1900 2759 sit,
1922 2723 2000 2750 non
2019 2713 2139 2751 addit.

1226 2774 1519 2822 RADBODUS;
1536 2774 1871 2824 Archiepiscopus
1898 2774 2142 2814 Trevirensis

1173 2849 1206 2876 a.
1239 2838 1328 2876 905.
1362 2835 1584 2888 Epistolam
1613 2836 1737 2874 edidit
1768 2837 2006 2874 Formatam
2053 2838 2140 2875 sive

1175 2898 1419 2939 Canonicam
1449 2898 1496 2937 ad
1529 2898 1766 2937 Rotbertum
1794 2899 2035 2949 Episcopum
2061 2901 2141 2938 Me-

1175 2966 1333 2999 tenscm
1366 2972 1436 3011 pro
1465 2960 1688 2999 Gislemaro
1721 2961 1956 3010 Presbytero
1977 2990 1986 3005 ‚
2026 2964 2070 2998 ut
2103 2963 2138 2999 ei

1174 3022 1317 3061 deinde
1351 3023 1387 3059 in
1421 3023 1548 3072 ipsius
1592 3022 1778 3072 parocbia
1822 3022 1966 3072 degere
2011 3022 2139 3062 liceat.

1172 3085 1348 3123 Exstant
1380 3086 1416 3122 in
1448 3084 1635 3123 Conciliis
1667 3083 1811 3122 Labbci
1843 3089 1883 3121 et
1910 3084 2112 3124 llarduini.

1202 3145 1528 3185 RADEGUNDIS
1552 3177 1559 3193 ‚
1582 3145 1776 3184 Bertharii
1809 3146 2048 3197 Tliuringiae
2069 3148 2141 3186 Re-

1175 3211 1235 3261 gis
1261 3209 1365 3255 filia,
1392 3212 1481 3247 nata
1507 3219 1540 3246 a.
1568 3207 1658 3246 546.
1685 3213 1774 3258 post
1802 3208 2002 3247 excidium
2034 3209 2140 3249 Thu-

1176 3271 1325 3321 ringiae
1355 3275 1497 3319 capta,
1531 3280 1573 3306 se
1612 3281 1633 3307 a
1669 3269 1869 3308 Clilotario
1895 3271 2136 3310 Francorum

1180 3334 1283 3384 Rege
1311 3334 1346 3369 in
1371 3332 1667 3371 matrimonium
1691 3336 1875 3382 suscepta
1899 3332 1982 3372 fuit.
2005 3334 2137 3372 l‘aulln
