2517 4009
882 239 1304 285 izOFFENsIs

86 300 217 350 paullo
238 305 346 351 post,
373 300 603 352 Rodulplms
623 301 757 343 Abbas
780 307 819 345 S.
843 308 1048 351 Trudonis.

138 362 433 402 RODULPHUS
448 362 580 402 Abbas
600 370 826 406 monasterii
845 369 881 408 S.
900 372 1050 411 Trudo-

84 424 146 462 nis
182 425 236 474 (S.
264 425 401 474 Tronc)
443 424 640 464 dioec-esis
671 430 916 471 Leodiensis.
959 435 1047 484 lpse

85 485 191 524 vitae
211 496 307 524 suae
331 487 511 525 notitiam
552 488 713 528 exhibet
751 503 771 530 a
811 493 909 532 libro
945 496 1048 536 Vlll.

82 545 264 586 Chronici
289 546 563 587 Trudonensis
588 561 715 600 usque
740 553 788 591 ad
831 555 897 593 lib.
938 559 1045 598 XIII.

82 607 188 646 unde
211 619 336 658 pauca
356 611 607 660 excerpenda
632 619 740 652 sunt.
766 616 891 656 Natus
915 623 982 657 est
1009 622 1045 658 in

15 678 18 682 ·
82 668 194 717 villa,
220 681 322 720 quae
342 671 417 709 sita
442 676 504 710 cst
546 684 667 724 super
712 677 934 718 Sambriam
975 683 1048 721 ssu-

81 731 191 769 vium
207 762 218 778 ,
241 733 401 770 nomine
424 734 706 775 Monasterium
723 769 734 785 ,
778 739 842 777 ubi
880 741 1048 782 habetur

79 792 244 832 Abbatia
266 796 498 835 monialium
517 799 647 849 nigras
660 806 795 840 vestas
821 803 1045 845 ferentium.

81 855 213 894 Leodii
251 856 383 896 studia
424 861 612 897 tractavit
643 873 770 912 usque
806 864 854 902 ad
894 876 1043 906 annum

20 956 25 965 ,
77 917 216 956 XVIII.
250 917 394 958 deinde
420 922 640 961 monachus
662 924 791 963 factus
808 927 959 966 Porceti
981 928 1045 979 ju-

8 1023 10 1025 ,
77 980 145 1016 xta
165 978 490 1030 Aquisgranum‚
531 982 578 1021 ad
618 984 831 1034 Custodis,
870 990 1043 1040 Magistri

77 1050 289 1089 puerorum
306 1072 315 1088 ,
365 1042 522 1082 Cellarii
542 1073 549 1091 ,
600 1047 764 1085 minoris
800 1053 841 1087 et
881 1052 1043 1103 majoris

75 1102 290 1152 Praepositi
312 1103 546 1154 dignitatem
572 1106 804 1158 adspiravit.
828 1113 966 1151 Postea
992 1114 1038 1152 ad

74 1165 360 1204 monasterium
386 1165 424 1204 S.
442 1167 637 1207 Trudonis
655 1173 851 1219 perrexit⁷
873 1174 936 1211 ubi
955 1187 1041 1213 rur-

71 1235 162 1263 sum
188 1236 334 1276 pucros
369 1227 528 1276 docuit,
563 1234 698 1279 postea
733 1234 916 1273 Decanus
954 1238 1040 1276 sive

71 1286 204 1333 Prior,
229 1286 390 1325 tandem
412 1300 447 1326 a.
472 1291 588 1328 4408.
614 1292 746 1331 Abbas
773 1295 856 1333 suit.
874 1298 1039 1337 Electus

69 1356 228 1396 quoque
259 1359 293 1385 a.
326 1349 442 1388 4424.
474 1349 608 1390 Abbas
637 1352 674 1390 S.
712 1355 961 1397 pantaleonis
999 1362 1036 1398 in

69 1407 237 1446 dioecesi
262 1409 487 1449 Coloniensi
506 1423 653 1451 munus
671 1419 888 1466 utrumque
909 1419 1034 1458 admi-

69 1470 279 1518 nistravit,
303 1471 534 1523 disciplinae
560 1477 802 1516 monasticae
823 1480 1031 1520 studiosis-

72 1532 215 1570 simus.
252 1532 350 1571 Vide
374 1534 567 1574 Chronica
592 1536 631 1575 S.
655 1539 905 1579 pantaleonis
940 1548 1034 1583 tom.

68 1594 84 1632 Ι
107 1594 274 1633 Eccardi
298 1607 336 1646 p.
360 1597 449 1635 927.
473 1598 555 1637 Val.
580 1599 764 1639 Andreae
785 1603 884 1641 Bibl.
904 1605 1032 1656 Belgi-

67 1666 154 1694 cam
177 1667 213 1707 p.
244 1657 334 1697 804.
359 1657 519 1698 Swertii
543 1660 725 1701 Athenas
749 1665 927 1716 Belgicas
944 1679 1032 1718 pag.

68 1718 158 1757 665.
179 1718 381 1766 Oudinum
408 1725 515 1760 tomo
544 1724 590 1762 11.
633 1737 669 1775 p.
708 1726 823 1765 4040.
862 1728 1028 1768 Galliam

69 1779 333 1820 Christianam
352 1786 458 1821 tomo
488 1785 553 1823 Ill.
578 1798 616 1836 p.
633 1786 722 1825 739.
750 1790 840 1828 958.

241 1841 342 1893 Ejus
362 1844 490 1894 Opera
516 1852 611 1886 sunt
635 1852 841 1899 sequentia
863 1866 869 1889 :

125 1905 159 1942 4.
187 1903 306 1943 Gesta
342 1903 542 1946 Abbatum
576 1909 912 1963 Trudonemium,
940 1915 1032 1954 Ord.

68 1964 108 2002 S.
132 1965 347 2017 Benedicti,
372 1967 475 2007 edita
497 1981 516 2008 a
542 1972 734 2012 Dacherio
754 1973 885 2025 Spicil.
905 1978 1033 2015 t-.V11.

70 2025 165 2064 edit.
190 2038 318 2066 novae
341 2032 437 2068 tom.
462 2032 507 2070 ll.
531 2044 566 2082 p.
593 2034 682 2073 659.

74 2107 77 2111 »
117 2088 155 2127 2.
179 2088 358 2140 Epistola
384 2091 431 2130 ad
456 2092 727 2136 Waleramum
750 2099 901 2138 Ducem
928 2103 1030 2140 Lim-

66 2148 335 2200 burgensem,
356 2152 607 2195 Advocatum
631 2162 859 2199 monasterii
884 2163 1034 2201 Trudo—

72 2212 221 2260 nensis7
243 2211 289 2251 de
310 2213 395 2254 eius
418 2219 653 2258 monasterii
684 2223 792 2260 statu
815 2251 822 2269 ,
845 2228 956 2261 extat
995 2226 1032 2262 in

67 2271 168 2311 Aub.
214 2276 345 2314 Miraei
401 2277 546 2318 Codice
585 2282 738 2331 piarum
779 2282 1031 2324 donationem

68 2337 164 2371 tom.
188 2335 216 2373 Ι.
240 2347 276 2385 p.
298 2336 362 2374 64.
388 2338 481 2377 edit.
504 2352 656 2381 novae:
682 2344 756 2382 alia
787 2357 823 2395 p.
852 2347 943 2386 520.

122 2396 158 2434 3.
185 2395 364 2446 Epistola
411 2399 458 2437 ad
499 2401 760 2452 Stephanum.
793 2406 1032 2458 Episcopum

0 2475 1 2488 ι
69 2457 288 2496 Metensem
326 2458 373 2498 a'e
395 2463 503 2499 statu
526 2465 762 2504 monasterii
778 2468 854 2514 sui,
898 2475 961 2507 est
991 2471 1035 2508 li-

0 2535 1 2566 f
69 2517 140 2557 ber
162 2519 231 2558 IX.
254 2521 446 2560 Historiae
472 2523 747 2564 Trudonensis
772 2540 808 2577 p.
831 2530 920 2568 694.

0 2619 2 2630 ‚
121 2581 158 2619 4.
175 2581 429 2634 Rescriptum
447 2583 501 2622 ad
517 2585 755 2625 Coenobium
772 2590 812 2628 S.
831 2591 1033 2630 Pantaleo-

0 2671 2 2690 ,
71 2641 147 2690 nis,
170 2654 189 2681 3
210 2655 288 2694 quo
313 2648 521 2695 quaesitus
561 2648 700 2696 fuerat,
731 2662 784 2687 an
817 2649 934 2689 liceat
960 2653 1033 2692 ali-

66 2703 165 2754 quid
185 2716 264 2756 pro
300 2708 518 2759 receptione
555 2721 776 2761 puerorum
817 2712 1033 2764 accipere?

0 2812 1 2817 Ἰ
66 2764 214 2804 Exstat
257 2768 295 2806 in
336 2769 540 2808 Analectis
594 2772 804 2811 Mabillonii
849 2779 942 2813 tom.
986 2778 1031 2815 ll.

0 2853 3 2890 ᾗ
69 2838 110 2877 p.
137 2827 212 2867 495
237 2833 288 2867 et.
314 2829 406 2869 466.
435 2832 529 2870 edit.
547 2844 685 2872 novae.

119 2889 156 2927 5.
185 2889 270 2928 Vita
287 2891 477 2931 Lietlierti
496 2894 686 2947 Episcopi
710 2897 1027 2946 Cameracensis,

15 2968 18 2971 -
64 2961 265 3003 ανωνυμως
279 2953 384 2993 edita
414 2960 500 2994 erat
538 2967 559 2995 a
602 2958 792 2997 Dacherio
829 2964 922 2998 tom.
967 2963 1032 3001 lX.

66 3011 171 3060 (edit.
198 3025 325 3052 novae
349 3019 443 3053 tom.
471 3017 520 3055 11.
543 3030 578 3068 p.
605 3020 708 3068 438.)
732 3027 865 3059 nostro
895 3028 1027 3062 autem

66 3073 242 3113 vindicat
273 3076 520 3116 Mabillonius
559 3091 606 3118 ex
633 3082 709 3120 MS.
735 3084 877 3122 Codice
909 3086 1029 3136 Aqui-

64 3136 286 3183 cinetiensi‚
305 3138 367 3176 ubi
391 3139 628 3190 subscriptio
647 3143 740 3182 hacc
757 3150 841 3183 crat
861 3159 867 3184 :
889 3147 1027 3198 Empta·-

65 3199 119 3234 czt
137 3196 221 3235 vita
245 3198 399 3237 Domini
428 3200 616 3241 Lietberti
637 3204 818 3256 Episcopi
836 3239 845 3253 ,
872 3208 975 3246 edita
1001 3222 1023 3246 a

64 3257 234 3308 quodam
258 3261 448 3300 Monacho
471 3264 623 3303 nomine
647 3266 864 3316 Roctulplio.

118 3320 155 3357 6.
189 3322 339 3362 inedita
357 3329 453 3363 sunt
477 3325 668 3365 Carmina
695 3330 822 3368 iniria.
856 3344 1023 3381 quoium

1125 315 1207 364 ipse
1225 320 1404 357 meminit
1417 322 1607 361 Historiae
1620 326 1892 369 Trudonensis
1908 331 1973 371 lib.
1994 333 2092 373 Vlll.

1120 389 1156 427 p.
1184 379 1275 417 690.
1301 391 1334 419 a.
1357 386 1397 419 et
1422 384 1670 425 Trithcinius
1696 400 1882 440 quoque:
1912 394 2094 435 Volumen

1125 443 1269 490 septem
1312 441 1507 483 librorum
1551 452 1689 487 contra
1725 451 1969 495 Simoniacos
2012 459 2091 509 ipse

1127 501 1210 540 loco
1231 507 1350 542 citato
1377 515 1584 556 memorat,
1617 513 1863 555 Mabillonius
1894 520 1930 556 in
1959 531 2094 560 mona-

1126 568 1244 605 sterio
1260 567 1537 609 Gcmblacensi
1558 574 1722 620 invonit,
1737 581 1775 614 ct
1793 584 1979 620 contenta
2004 595 2092 622 nar-

1126 631 1210 665 rat:
1234 629 1309 667 Sed
1339 630 1389 668 illi
1422 639 1555 681 postca
1589 636 1625 673 iu
1655 639 1827 685 generali
1860 648 2088 682 monasterii

1124 690 1431 740 conflagratione
1474 696 1690 743 perierunt,
1729 707 1844 749 prout
1887 708 2089 745 testantur

1124 750 1300 789 Martene
1321 758 1358 790 ct
1381 754 1541 793 Durand
1569 761 1732 808 praefat.
1761 763 1806 801 ad
1841 769 1990 805 tomum
2024 768 2086 807 lV.

1124 811 1375 853 Collectionis
1399 818 1575 867 ampliss.
1597 833 1633 871 p.
1652 822 1714 861 47.
1731 826 1906 865 Meminit
1927 841 2086 881 quoque

1126 884 1160 922 p.
1191 873 1279 913 687.
1297 875 1641 930 Comptlahonum,
1658 896 1758 933 quae
1776 890 1911 927 multis
1927 897 2088 930 sentcn—

1124 935 1190 973 tiis
1220 935 1366 977 divinis
1390 944 1430 977 et
1456 942 1633 982 Decretis
1658 946 1919 988 Conciliorum
1946 953 2085 1002 plenae

1123 996 1298 1045 fuerunt,
1327 1001 1418 1038 item
1444 1001 1666 1045 Gradualis
1687 1019 1705 1045 3
1732 1019 1774 1046 se
1798 1014 2023 1063 conscripti.

1171 1058 1207 1096 7.
1233 1059 1333 1099 Acta
1363 1063 1745 1108 traslationiSancti
1763 1071 1950 1113 Gereonis
1965 1076 2084 1116 unius

1118 1118 1256 1158 militis
1293 1123 1472 1172 Leyionis
1512 1126 1796 1177 Thebaeorum,
1835 1135 1936 1174 edita
1976 1143 2037 1176 est
2061 1151 2080 1178 a

1117 1180 1233 1218 Surio
1258 1182 1296 1220 d.
1314 1185 1363 1222 ⁶24
1390 1186 1580 1227 Novemb.
1607 1202 1679 1230 nec
1702 1205 1778 1231 non
1802 1206 1820 1232 a
1840 1198 2014 1236 Marione
2044 1206 2083 1238 et

1120 1241 1276 1281 Durand
1295 1245 1458 1285 Collect.
1481 1251 1661 1300 ampliss.
1681 1258 1773 1292 tom.
1794 1257 1853 1295 Vl.
1873 1261 2080 1310 pag.40=l3.

1168 1305 1204 1342 8.
1234 1306 1318 1344 Vita
1347 1307 1463 1347 Petri
1502 1313 1756 1363 Venerabilis,
1788 1319 1862 1357 ibid
1895 1333 1932 1371 p.
1964 1325 2078 1362 4487.

1167 1366 1398 1408 Matthaeus
1428 1371 1630 1413 ROEDER
1648 1404 1659 1420 ,
1685 1378 1771 1416 aliis
1808 1381 1985 1431 Rodder.
2013 1398 2081 1425 na-

1113 1428 1218 1464 tione
1251 1428 1416 1478 Gallus,
1464 1433 1605 1473 Sacrae
1645 1440 1808 1487 paginae
1852 1442 2078 1493 Professor.

1110 1500 1143 1524 a.
1171 1490 1286 1528 4444.
1316 1490 1546 1532 Orationem
1579 1498 1616 1534 in
1667 1500 1839 1541 Concilio
1884 1506 2079 1547 Constan—

1111 1551 1225 1588 tiensi
1248 1551 1294 1590 dc
1317 1553 1495 1593 Simonia
1525 1556 1691 1608 habuit.
1733 1563 1849 1614 cujus
1878 1562 2078 1619 Excerpta

1109 1611 1219 1650 dedit
1267 1615 1398 1653 Herm.
1429 1629 1509 1656 von
1535 1619 1605 1658 der
1631 1623 1752 1661 Hardt
1782 1630 1876 1665 tom.
1909 1630 1951 1667 V.
1980 1632 2081 1669 Con-

1112 1675 1188 1713 cilii
1220 1676 1429 1716 Constant.
1455 1683 1575 1730 praef.
1607 1695 1643 1733 p.
1675 1685 1737 1724 22.
1770 1693 1809 1725 et
1841 1691 1876 1728 in
1910 1692 2079 1733 Historia

1113 1736 1282 1776 literaria
1308 1739 1614 1783 Reformationis
1638 1752 1748 1795 parte
1769 1750 1832 1789 Ill.
1851 1763 1885 1802 p.
1909 1754 1971 1793 42.

1164 1798 1310 1838 Teaetus
1347 1801 1628 1845 ROFFENSIS.
1668 1809 1763 1848 Vide
1802 1823 1921 1864 supra
1961 1817 2024 1856 lib.
2048 1820 2074 1856 Ι.

1111 1871 1145 1908 p.
1177 1860 1254 1899 402
1297 1867 1337 1900 et
1381 1864 1467 1902 433.
1509 1866 1620 1905 Adde
1663 1882 1822 1922 quoque
1868 1876 2074 1918 Whartoni

1109 1922 1392 1971 praefationem
1419 1926 1468 1964 ad
1503 1932 1655 1969 tomum
1700 1934 1727 1971 l.
1758 1934 1910 1986 Anglae
1933 1939 2075 1981 Sacrae

1108 1993 1143 2031 p.
1172 1983 1234 2022 30.
1252 1996 1356 2034 quae
1373 1988 1528 2038 singula
1546 1993 1783 2034 conferenda
1809 2005 1916 2038 sunt.
1937 2002 2076 2041 Caete-

1108 2056 1197 2083 rum
1237 2046 1284 2085 ad
1320 2049 1531 2090 Historiam
1572 2054 1773 2096 Ecclesiae
1809 2061 2002 2102 Roffensis
2034 2067 2070 2103 in

1106 2105 1247 2157 Anglia
1266 2108 1382 2149 Sacra
1408 2116 1504 2151 tom.
1530 2115 1556 2152 l.
1580 2116 1811 2165 prodierunt
1836 2129 2043 2175 sequentia
2065 2142 2071 2165 :

1109 2167 1270 2220 Ernulfi
1309 2171 1500 2223 Episcopi
1536 2175 1808 2230 Collectanea,
1858 2197 1946 2237 pag.
1990 2189 2081 2227 329.

1115 2228 1318 2268 Edmuncli
1344 2232 1391 2269 cle
1420 2235 1653 2275 Hactenliam
1682 2240 1857 2283 Annales
1889 2259 1914 2284 a
1944 2250 2082 2298 prima

1110 2290 1346 2341 fundatione
1369 2294 1415 2332 ad
1442 2307 1474 2333 a.
1502 2298 1617 2336 4307.
1644 2313 1732 2352 pag.
1761 2305 1849 2344 344.
1888 2308 2087 2349 willielmi

1120 2351 1166 2389 (le
1190 2352 1296 2391 Bene
1317 2354 1497 2395 Historia
1516 2359 1565 2396 ab
1595 2371 1626 2398 a.
1662 2364 1902 2405 4344--4350,
1933 2381 1967 2419 p.
1995 2372 2085 2411 356.

1115 2413 1368 2453 Continuatio
1399 2418 1448 2456 ab
1477 2430 1510 2457 a.
1545 2422 1783 2464 4350-4540.
1815 2440 1851 2478 p.
1884 2430 1974 2469 378.
2022 2435 2083 2472 Li-

1112 2472 1237 2514 bellus
1271 2479 1556 2520 monachorum
1596 2484 1838 2535 Roffensium
1881 2502 1914 2529 a.
1959 2494 2073 2533 4360.

1108 2536 1378 2585 Reyioblatus
1402 2540 1448 2578 cle
1460 2546 1686 2592 patronatu
1711 2548 1912 2590 Ecclesiae
1928 2554 2081 2605 Roffen-

1108 2596 1177 2644 sis,
1207 2608 1279 2635 seu
1305 2599 1466 2650 dejure
1505 2602 1672 2653 elzyendi
1710 2608 1914 2661 Episcopi,
1935 2626 1969 2662 p.
2001 2618 2076 2656 384

1110 2657 1265 2696 Charta
1284 2660 1452 2700 Joannis
1473 2665 1589 2713 Reqis
1610 2666 1656 2704 (le
1678 2673 1897 2718 patronatu
1917 2675 2073 2726 Episco-

1104 2722 1227 2768 patus
1253 2721 1470 2771 Roffensis‚
1497 2737 1532 2774 p.
1560 2728 1646 2765 386.
1678 2731 1781 2768 Jura
1816 2733 2076 2788 Episcopatus

1107 2791 1139 2818 a.
1168 2782 1268 2819 4360
1313 2795 1347 2831 p.
1370 2785 1459 2823 380.
1484 2786 1811 2832 eonsuetudines
1848 2796 2074 2845 Ecclesiae,

1107 2853 1142 2891 p.
1170 2842 1259 2880 390.
1289 2845 1496 2885 Successio
1534 2851 1734 2899 Priorum,
1762 2867 1796 2905 p.
1837 2859 1925 2896 392.
1951 2861 2004 2898 l)c
2029 2862 2069 2899 S.

1108 2903 1304 2943 lihamaro
1335 2907 1529 2960 Episcopo
1560 2913 1729 2953 Roffensi
1759 2919 1954 2967 quaedam
1981 2933 2073 2960 con-

1104 2968 1228 3015 gessit
1259 2967 1357 3006 God.
1388 2971 1662 3013 llcnschcnius
1685 2978 1720 3014 in
1763 2977 1874 3018 Actis
1910 2982 2073 3022 Sancto—

1106 3038 1192 3064 rum
1226 3032 1331 3067 tomo
1363 3031 1409 3068 ll.
1431 3031 1536 3071 ,Iunii
1565 3047 1600 3084 p.
1631 3037 1720 3075 994.
1743 3039 1869 3079 Vitam
1892 3043 2071 3084 Gundul—

1102 3088 1167 3136 phi
1193 3089 1374 3140 Episcopi
1399 3091 1508 3130 dedit
1555 3096 1681 3136 Anon.
1724 3104 1944 3143 monachus
1980 3106 2069 3146 Ros-

1105 3149 1226 3187 icnsis
1251 3155 1356 3189 tomo
1381 3154 1425 3191 ll.
1453 3154 1616 3205 Angliae
1644 3159 1785 3200 Sacrae
1809 3176 1844 3214 p.
1866 3166 1935 3205 274

1154 3213 1450 3252 ROFFREDUS
1476 3217 1683 3267 Bullensis,
1712 3226 1834 3272 patria
1860 3228 2067 3267 Beneven-

1101 3277 1243 3318 tanus,
1272 3275 1466 3314 Bononiae
1504 3278 1637 3318 docuit
1674 3294 1777 3322 anno
1812 3287 1925 3326 ieta.
1969 3297 2056 3339 post

1105 3334 1238 3373 Ari-tii.
1266 3336 1423 3374 tandein
1452 3341 1486 3376 iii
1513 3342 1598 3379 aula
1633 3345 1813 3384 Friilcrici
1857 3350 1899 3387 ll.
1932 3351 2059 3390 lem
