2517 4009
675 235 707 272 l)
729 236 758 273 1⁴:

125 310 201 337 non
232 299 427 348 intelligat
457 299 581 337 multo
603 300 861 348 commodius
884 307 923 339 et
946 303 1081 341 utilius

121 376 211 404 esse,
239 365 349 404 oleo.
384 373 526 408 caseo,
560 362 685 411 ligno,
733 364 870 412 foeno,
902 366 1081 415 frugibus

120 426 168 467 ad
194 429 397 467 hominum
415 461 424 476 ,
454 437 727 476 equorumque
753 441 869 469 usum
896 441 1080 469 necessa-

122 493 189 543 riis
214 492 430 530 instructos
455 502 571 536 esse,
603 495 646 529 ut
670 493 753 529 suis
773 504 956 543 quaeque
979 497 1078 531 tem-

121 556 281 607 poribus
309 559 378 594 aut
406 566 453 592 ex
494 552 676 600 redditu,
720 555 750 592 si
796 555 966 603 habeas,
1010 561 1076 594 aut

119 619 284 669 pecunia
304 648 314 663 ‚
344 618 375 656 si
409 629 483 654 non
516 617 688 661 habeas,
725 628 979 665 comparare,
1023 623 1079 655 at-

119 694 196 733 que
220 680 459 726 recondere,
485 691 602 730 quam
629 684 695 717 aut
722 680 768 716 iis
792 680 911 718 rebus
941 691 1080 729 saepe-

121 755 284 784 numero
313 745 349 780 vi
381 743 572 781 adversae
603 744 853 792 tempestatis
884 741 1078 790 indigere,

117 813 186 848 aut
217 812 382 856 urgente
413 807 574 855 penuria
599 806 746 843 cariora
772 806 900 842 omnia
930 816 1078 843 merea-

117 868 182 910 ri?
208 869 319 917 Quod
352 870 383 906 si
415 868 676 917 parsimoniae
709 867 841 905 minus
867 866 938 904 hoc
960 866 1075 904 modo

115 934 267 974 consuli
310 933 519 978 obiiciant3
581 941 652 981 ego
693 930 887 968 vilitatem
944 940 1074 967 rerum

115 1008 204 1036 cum
236 995 436 1035 affluentia
468 994 579 1033 facile.
611 996 953 1042 compensaverim
977 1023 984 1039 ,
1010 992 1078 1030 ho-

116 1058 467 1108 norificentiusque
488 1086 498 1102 ‚
528 1060 567 1093 et
601 1056 742 1094 melius
785 1066 872 1092 esse
913 1059 1076 1093 conten-

112 1121 262 1160 derim:
299 1120 436 1159 eodem
483 1120 601 1157 etiam
648 1122 813 1166 sumptu
860 1117 989 1168 large,
1036 1121 1076 1156 et,

113 1184 289 1233 copiose,
320 1194 438 1233 quam
479 1193 621 1231 parce,
654 1185 921 1231 contenteque.
966 1180 1077 1218 fami-

115 1245 204 1284 liam
235 1256 412 1296 pascere.
442 1245 538 1283 Nam
578 1247 621 1282 ut
652 1247 896 1292 praeteream
919 1270 928 1284 ,
972 1241 1074 1292 quod

116 1307 164 1346 ab
195 1307 516 1351 institutoribus,
560 1306 626 1356 qui
671 1305 812 1344 lucrari
850 1308 1074 1355 quaerunt,

116 1370 240 1409 multa
266 1369 482 1408 coemenda
505 1373 626 1413 sunt;
657 1367 835 1416 hospites
866 1367 1076 1417 aliquando

114 1432 176 1470 his
206 1432 452 1483 temporibus
482 1431 685 1481 improvisi
717 1429 960 1477 adveniunt,
993 1430 1078 1480 qui-

115 1493 219 1537 bus,
271 1506 372 1545 quae.
416 1494 638 1532 necessaria
685 1491 875 1538 duxeris,
920 1491 966 1529 ad
1011 1502 1078 1529 eos

113 1555 388 1604 accipiendos⁷
428 1555 564 1594 haberi
611 1554 718 1592 nullo
762 1553 877 1592 modo
911 1558 1076 1604 qneunt.

115 1618 228 1657 Unde,
259 1623 416 1668 praeter
456 1616 750 1655 incommodum
797 1627 915 1665 saepo
958 1617 1075 1655 etiam

115 1680 434 1730 imprudentiae,
464 1683 533 1718 aut
563 1680 789 1717 tenacitatis
820 1679 977 1717 infamia
1010 1690 1078 1716 na-

113 1743 264 1787 scitur,
294 1754 414 1793 quem
451 1746 584 1792 postea
631 1742 796 1787 tollere,
842 1740 1076 1791 abolereque

113 1805 389 1844 difficillimum
421 1809 495 1843 est.
524 1804 605 1843 Aut
641 1804 770 1842 omnia
819 1804 960 1851 igitur,
1009 1808 1077 1843 aut

115 1868 286 1906 maxima
318 1878 499 1918 quaeque
529 1866 673 1905 saltem
699 1866 944 1915 temporibus
966 1878 1078 1917 sepo-

114 1931 214 1978 sita,
243 1934 283 1967 et
313 1933 447 1979 parata
478 1939 599 1976 esse,
635 1939 760 1978 eaque
803 1928 903 1967 bene
946 1935 1078 1968 custo-

115 1992 186 2031 diri
208 2024 218 2041 ,
249 1991 552 2042 dispensarique
576 1992 778 2029 convenit.

167 2053 334 2101 Quando
363 2058 499 2093 autem
530 2054 660 2092 omnia
692 2053 792 2091 bene
825 2054 978 2103 provisa
999 2084 1008 2099 ,
1039 2058 1078 2092 et

115 2127 272 2156 summa
303 2127 393 2155 cum
426 2117 577 2156 ratione
618 2116 685 2154 tibi
731 2117 947 2155 constituta
992 2128 1080 2156 esse

114 2178 389 2227 videbuntur3
421 2191 497 2218 non
529 2183 662 2217 tamen
695 2180 865 2217 remisso
895 2180 1079 2229 penitus,

115 2252 160 2280 ac
203 2241 416 2286 negligenti
461 2242 594 2280 animo
643 2253 731 2279 esse
776 2241 964 2289 debebis;
1010 2242 1078 2280 sed

115 2301 326 2353 aliquando
372 2302 587 2342 videndum
633 2304 733 2351 erit,
777 2315 824 2341 an
871 2305 1081 2354 impositus

116 2364 209 2405 ordo
243 2370 449 2411 servetur,
479 2377 728 2416 eorumque,
766 2376 867 2415 quos
911 2367 1082 2416 sumpti-

115 2429 190 2468 bus
221 2429 522 2480 praeposueris,
567 2428 686 2472 fides,
729 2432 770 2465 et
811 2439 902 2466 cura
947 2429 1082 2477 explo-

119 2491 239 2530 randa
271 2491 364 2539 erit3
395 2489 499 2541 quod
526 2501 616 2529 cum
643 2501 780 2529 eorum
803 2489 984 2538 dignitati
1004 2502 1079 2529 11011

119 2553 378 2600 adversetur,
408 2557 492 2591 tum
526 2564 619 2590 vero
650 2554 853 2603 permagni
888 2554 1079 2599 interest,

117 2616 207 2655 talia
240 2627 288 2654 ne.
318 2616 584 2658 omittantur,
613 2625 660 2652 an
689 2614 887 2652 interdum
920 2614 1083 2665 diligen-

117 2683 179 2717 ter
221 2689 241 2717 a
286 2682 324 2715 te
363 2680 673 2724 recenseantur3
705 2681 770 2722 et,
817 2676 1080 2724 mihicrede,

116 2741 182 2782 ubi
212 2739 413 2778 observari
451 2738 548 2777 haec
578 2750 597 2777 a
629 2743 667 2776 te
697 2739 982 2788 cognoverint,
1025 2743 1083 2777 at-

118 2805 310 2842 tentiores
340 2802 411 2852 ipsi
451 2812 635 2852 quoque,
681 2804 720 2838 et
763 2799 810 2837 ad
857 2800 1082 2839 subducen-

118 2865 208 2905 dam
239 2865 431 2904 rationem
461 2863 697 2905 curiosiores
735 2862 969 2901 efficientur.
1008 2863 1080 2901 Ne-

118 2939 196 2979 que
227 2927 293 2966 tibi
325 2926 442 2965 aliter
471 2924 712 2974 sperandum
747 2928 835 2968 est,
864 2936 982 2974 quam
1016 2936 1081 2974 pe.-

119 2989 259 3028 cuniae.
290 2988 420 3032 regiae.
453 2987 512 3024 vel
545 2986 726 3035 publicae
757 2984 1079 3035 dispensatores,

119 3050 250 3100 quise
276 3050 451 3098 integros
480 3047 525 3085 ad
555 3047 588 3084 id
615 3058 789 3093 munus,
817 3048 1080 3096 incorruptos-

118 3123 196 3162 que
225 3111 469 3161 praebeant,
500 3110 587 3148 albo
617 3120 735 3147 corvo
767 3109 933 3146 rariores
972 3121 1081 3158 repe-

118 3174 210 3212 riri:
240 3172 359 3225 cujus
389 3172 548 3223 quidem
582 3171 766 3220 perfidiae.
796 3170 1010 3215 originem,
1041 3175 1081 3208 et

117 3236 230 3286 quasi
262 3236 412 3274 rivulos
457 3232 649 3284 quosdam
693 3233 741 3270 ab
778 3232 908 3278 1111υ5,
954 3231 1079 3270 judae,

119 3297 295 3336 fontibus
333 3306 516 3335 manasse.
559 3293 703 3340 credo,
741 3295 806 3344 qui
855 3293 1081 3331 smudanrlis

119 3357 266 3398 Christi
296 3357 437 3396 loculis
466 3356 513 3395 ad
553 3357 812 3394 avarissimae.
851 3355 1082 3405 proditionis

119 3419 252 3459 scelus
281 3418 548 3459 conseientiae
577 3428 673 3455 suae
709 3419 783 3454 iter
823 3418 988 3467 aperuit.
1035 3416 1073 3454 lcl

806 234 1189 277 PRINCIPIS
1233 236 1569 275 OFFICilS

2038 239 2106 278 664

1155 317 1247 356 ergo
1275 317 1366 345 cum
1409 308 1570 345 minime
1602 307 1808 346 serendum
1840 310 1910 354 sit,
1949 311 2117 361 singulis

1156 369 1297 413 annis,
1327 371 1358 406 si
1392 381 1466 407 non
1499 370 1684 419 saepius,
1714 370 1855 409 saltem
1887 373 2010 412 semel
2034 385 2117 413 om-

1157 441 1228 467 nes
1249 431 1303 469 tui
1329 433 1533 482 emptoris,
1569 431 1787 470 creditores
1812 436 2021 484 peaecouis
2045 448 2117 487 pu-

1155 492 1240 530 blici
1274 495 1358 531 voci
1389 495 1500 532 citari
1531 494 1804 544 probaverim,
1848 498 2002 536 etiamsi
2047 510 2117 537 ne,-

1156 556 1248 593 mini
1280 558 1495 607 quiequam
1529 568 1620 596 eum
1652 556 1795 595 debere
1839 564 2025 608 constet,
2072 566 2116 600 ut

1153 621 1193 654 et
1226 618 1308 668 ipse
1340 618 1494 657 fidelius
1524 631 1606 657 rem
1638 625 1751 669 agat,
1781 632 1870 659 cum
1905 623 1941 659 in
1972 634 2015 660 50,
2052 634 2116 662 co-

1155 678 1270 728 njici,
1299 681 1434 719 oculos
1467 681 1675 719 advertat:
1713 688 1753 720 et
1784 684 1993 733 populares
2036 697 2113 724 non

1154 742 1239 777 sine
1269 743 1324 779 tui
1355 742 1698 781 commendatione
1726 745 1973 797 intelligant,
2000 760 2116 798 proc-

1153 804 1291 852 cipuae,
1313 804 1382 841 tibi
1406 816 1524 843 curae
1550 816 1652 850 esse,
1678 818 1726 843 ne
1749 809 1810 846 cui
1833 820 1968 848 eorum
1996 811 2117 857 fraus,

1154 870 1218 903 aut
1245 864 1386 915 injuria
1418 866 1495 915 fiat,
1513 868 1578 917 qui
1607 872 1765 907 tuorum
1794 870 2114 920 dispensatorum

1157 926 1245 964 fidei
1272 938 1342 966 sua
1370 928 1468 967 bona
1500 929 1697 968 credenda
1720 942 1809 970 esse
1834 932 2034 974 duxerint.

1212 990 1339 1027 Unum
1386 990 1479 1029 illud
1529 991 1618 1029 huic
1665 994 1762 1040 parti
1805 993 2012 1046 adjiciam,
2059 1002 2116 1036 ta-

1155 1053 1270 1089 metsi
1307 1063 1398 1092 cum
1431 1053 1492 1091 bic
1523 1053 1728 1092 nobiscum
1761 1066 1899 1101 esses,
1943 1063 1983 1096 et
2028 1060 2113 1098 istic

1153 1119 1287 1164 postea
1320 1125 1338 1153 a
1371 1119 1409 1152 te
1441 1115 1661 1154 factitatum
1689 1116 1836 1164 fuisse,
1866 1123 1906 1156 et
1930 1122 2114 1170 saepissi-

1155 1187 1217 1214 me
1250 1176 1331 1215 fieri
1363 1179 1643 1227 cognoverim;
1671 1182 1713 1216 ut
1741 1190 1831 1217 cum
1861 1191 1952 1226 005,
1983 1184 2048 1231 qui
2074 1187 2114 1222 et

1155 1240 1304 1278 virtute
1337 1244 1613 1290 praestantes,
1643 1245 1683 1278 et
1714 1241 1965 1281 inserviendo
1995 1244 2114 1283 bene-

1153 1303 1280 1340 meriti
1325 1306 1420 1340 sunt
1465 1301 1669 1340 beneficus
1716 1305 1767 1340 sit
1811 1305 2021 1355 princeps,
2064 1297 2135 1345 ac¹

1152 1364 1348 1402 liberalis:
1382 1369 1466 1403 tum
1494 1375 1587 1402 vero
1614 1364 1907 1415 indigentibus,
1938 1372 1978 1405 et
2001 1368 2112 1407 Chri-

1152 1428 1200 1464 sti
1233 1426 1472 1476 pauperibus
1502 1425 1550 1463 de
1592 1437 1632 1463 rc
1678 1427 1856 1466 familiari
1901 1430 2111 1479 impertiat.

1152 1489 1247 1527 Nam
1277 1499 1369 1526 cum
1401 1499 1517 1526 omne
1547 1487 1693 1527 bonum
1724 1489 1772 1527 ab
1803 1490 1866 1528 illo
1897 1491 2007 1529 nobis
2045 1492 2113 1531 da-

1152 1555 1237 1589 tum
1269 1561 1358 1588 esse
1389 1549 1554 1588 firmiter
1589 1550 1827 1601 credamus,
1872 1555 1969 1603 grati
2019 1566 2109 1606 erga

1153 1614 1278 1662 ipsius
1313 1612 1558 1663 Majestatem
1589 1615 1709 1652 animi
1741 1616 1965 1654 testimonia
1995 1617 2111 1655 edere

1153 1675 1357 1713 debemus.
1384 1675 1491 1721 Quae
1514 1674 1764 1715 laudabiliora
1783 1678 1900 1716 etiam
1920 1677 2112 1718 videbun-

1152 1742 1243 1783 tur,
1272 1738 1302 1775 si
1336 1747 1621 1786 nonnunquam
1655 1738 1691 1774 in
1723 1739 1928 1789 propatulo
1966 1740 2111 1779 elemo-

1154 1810 1278 1850 synae
1309 1798 1430 1837 fient:
1463 1809 1538 1835 non
1568 1798 1671 1848 quod
1712 1800 1895 1839 sinistrae
1935 1802 2111 1849 ignotum

1152 1873 1241 1900 esse
1274 1873 1348 1899 non
1381 1861 1547 1909 debeat,
1593 1861 1694 1912 quod
1740 1862 1904 1902 dextera
1948 1864 2110 1911 fecerit,

1151 1924 1219 1962 sed
1252 1925 1367 1974 quia,
1399 1928 1439 1962 ut
1470 1935 1587 1974 saepe
1619 1923 1700 1973 jam
1731 1924 1932 1973 diximus,
1971 1928 2113 1977 princi-

1153 1988 1212 2037 pis
1255 1986 1438 2036 exemplo
1478 1986 1771 2025 multitudinem
1810 1987 1910 2026 benc
1960 1990 2111 2028 institui

1153 2053 1343 2100 oporteat.
1376 2049 1453 2087 Nec
1485 2050 1618 2087 minus
1647 2048 1906 2099 languentes,
1936 2056 1976 2089 et
2006 2052 2113 2090 infir-

1156 2123 1267 2160 mos,
1299 2123 1418 2162 quam
1461 2121 1631 2161 egenos,
1678 2111 1977 2151 commendatos
2020 2125 2110 2152 esse

1154 2175 1394 2213 conveniet:
1427 2175 1448 2211 ii
1480 2178 1575 2212 sunt
1605 2174 1735 2220 enim,
1766 2175 1912 2224 quibus
1940 2175 1986 2214 ad
2019 2177 2114 2216 Cae-

1158 2236 1238 2275 lum
1273 2236 1550 2274 velocissimus
1581 2240 1691 2286 pater
1720 2246 1940 2286 ascensus3
1971 2242 2010 2276 et
2048 2250 2116 2288 pro

1155 2299 1348 2348 singulis,
1379 2310 1480 2349 quae,
1513 2300 1549 2336 in
1581 2309 1648 2336 eos
1678 2300 1960 2344 conseruntur,
1981 2306 2119 2341 centu-

1154 2361 1262 2411 plum
1295 2362 1537 2411 promittitur
1555 2373 1563 2408 3
1583 2366 1623 2398 ut
1641 2362 1820 2399 omittam
1840 2363 1954 2413 longe
1989 2363 2114 2413 maj0-

1157 2434 1240 2460 rem
1272 2423 1384 2460 exiis
1415 2421 1585 2467 laudem,
1602 2426 1641 2459 et
1659 2423 1820 2471 gloriam
1841 2425 2003 2475 principi
2021 2426 2113 2471 fore,

1157 2496 1275 2535 quam
1303 2485 1332 2522 si
1363 2484 1620 2531 histrionum3
1641 2484 1976 2537 ridiculorumque
1995 2487 2118 2525 homi-

1157 2558 1250 2586 num
1273 2545 1583 2597 praedicationes
1610 2546 1811 2596 largitione
1835 2553 2101 2588 consectetur.

1202 2628 1263 2667 IV.
1290 2627 1425 2666 PARS.
1454 2627 1506 2665 De
1530 2624 1791 2673 subditorum,
1815 2627 2066 2680 civitatisque

1384 2687 1592 2727 commodis
1610 2688 1891 2739 procurandis.

1211 2759 1384 2835 Restat
1414 2800 1457 2835 ut
1486 2795 1534 2834 de
1564 2795 1811 2835 subditorum
1843 2798 1922 2836 vita
1954 2808 2022 2848 pro
2046 2808 2113 2836 cu-

1152 2860 1298 2910 jusque
1328 2859 1518 2908 dignitate
1561 2858 1864 2906 constituenda,
1895 2858 2022 2909 deque.
2051 2871 2114 2898 eo-

1156 2933 1243 2961 rum
1273 2920 1492 2959 commodis
1523 2920 1780 2970 procurandis
1813 2922 1942 2971 (quae
1965 2923 2112 2972 reliqua

1157 2994 1247 3033 pars
1276 2987 1359 3021 erat
1389 2982 1595 3020 divisionis
1625 2984 1809 3024 nostrae]
1855 2983 2112 3022 disseramus.

1157 3047 1275 3084 Decet
1295 3045 1399 3081 enim
1425 3049 1627 3093 tamquam
1653 3043 1750 3081 filins
1773 3046 2026 3092 parentibus,
2055 3048 2106 3084 ita

1154 3108 1189 3143 ei
1220 3106 1382 3156 populos
1412 3105 1582 3152 {tegibus
1607 3115 1695 3142 esse
1724 3116 1854 3143 curae.
1903 3107 1978 3145 Sed
2026 3118 2109 3146 om-

1157 3170 1292 3214 nium,
1322 3178 1425 3217 quae
1455 3167 1501 3205 ad
1535 3167 1635 3205 hanc
1665 3179 1746 3205 rem
1780 3169 2004 3217 pertinent,
2036 3170 2112 3219 pri—

1157 3241 1287 3276 mum,
1317 3235 1356 3266 et
1385 3230 1578 3279 optimum
1620 3230 1836 3268 existimari
1882 3230 2026 3279 debet,
2067 3237 2110 3271 ut

1156 3297 1292 3342 pacato
1323 3295 1510 3338 regantur
1540 3292 1727 3341 imperio,
1757 3293 1948 3342 pacique,
1980 3294 2108 3344 quoad

1155 3353 1242 3403 ejus
1273 3354 1352 3391 lieri
1381 3354 1522 3402 possit,
1543 3353 1785 3401 consulatur,
1808 3366 1879 3393 nec
1901 3356 1973 3393 nisi
2000 3366 2109 3394 sum-

1155 3426 1214 3452 ma
1247 3418 1464 3453 necessitas
1492 3421 1626 3465 cogat,
1663 3415 1760 3455 bella
1793 3417 1869 3455 ulla
1891 3419 2109 3469 suscipian-
