<?xml version="1.0" encoding="UTF-8"?>
<!DOCTYPE html PUBLIC "-//W3C//DTD XHTML 1.0 Transitional//EN"
    "http://www.w3.org/TR/xhtml1/DTD/xhtml1-transitional.dtd">
<html xmlns="http://www.w3.org/1999/xhtml" xml:lang="en" lang="en">
 <head>
  <title>
</title>
<meta http-equiv="Content-Type" content="text/html;charset=utf-8" />
  <meta name='ocr-system' content='tesseract 3.04.00' />
  <meta name='ocr-capabilities' content='ocr_page ocr_carea ocr_par ocr_line ocrx_word'/>
</head>
<body>
  <div class='ocr_page' id='page_1' title='image "./bibliothecalatin05fabruoft/bibliothecalatin05fabruoft_0279.png"; bbox 0 0 2517 4009; ppageno 0'>
   <div class='ocr_carea' id='block_1_1' title="bbox 820 206 1313 247">
    <p class='ocr_par' dir='ltr' id='par_1_1' title="bbox 820 206 1313 247">
     <span class='ocr_line' id='line_1_1' title="bbox 820 206 1313 247; baseline 0.006 -3"><span class='ocrx_word' id='word_1_1' title='bbox 820 206 1313 247; x_wconf 80' lang='lat' dir='ltr'><strong>l‘HlLELPHUS</strong></span> 
     </span>
    </p>
   </div>
   <div class='ocr_carea' id='block_1_2' title="bbox 70 275 1024 327">
    <p class='ocr_par' dir='ltr' id='par_1_2' title="bbox 70 275 1024 327">
     <span class='ocr_line' id='line_1_2' title="bbox 70 275 1024 327; baseline -0.002 -7"><span class='ocrx_word' id='word_1_2' title='bbox 70 282 144 320; x_wconf 88' lang='lat' dir='ltr'><strong>bus</strong></span> <span class='ocrx_word' id='word_1_3' title='bbox 173 278 406 318; x_wconf 79' lang='lat' dir='ltr'><strong>Philastrius</strong></span> <span class='ocrx_word' id='word_1_4' title='bbox 436 275 642 327; x_wconf 83' lang='lat' dir='ltr'><strong>pulchrius</strong></span> <span class='ocrx_word' id='word_1_5' title='bbox 671 282 711 314; x_wconf 80' lang='lat' dir='ltr'><strong>et</strong></span> <span class='ocrx_word' id='word_1_6' title='bbox 744 279 878 317; x_wconf 87' lang='lat' dir='ltr'><strong>verius</strong></span> <span class='ocrx_word' id='word_1_7' title='bbox 908 284 1024 318; x_wconf 83' lang='lat' dir='ltr'><strong>sonat</strong></span> 
     </span>
    </p>
   </div>
   <div class='ocr_carea' id='block_1_3' title="bbox 1 337 1021 387">
    <p class='ocr_par' dir='ltr' id='par_1_3' title="bbox 1 337 1021 387">
     <span class='ocr_line' id='line_1_3' title="bbox 1 337 1021 387; baseline -0.002 -6"><span class='ocrx_word' id='word_1_8' title='bbox 1 347 3 351; x_wconf 88' lang='grc'><strong>’</strong></span> <span class='ocrx_word' id='word_1_9' title='bbox 68 344 267 381; x_wconf 90' lang='lat' dir='ltr'><strong>amantem</strong></span> <span class='ocrx_word' id='word_1_10' title='bbox 300 337 502 384; x_wconf 87' lang='lat' dir='ltr'><strong>siderum,</strong></span> <span class='ocrx_word' id='word_1_11' title='bbox 529 349 607 387; x_wconf 89' lang='lat' dir='ltr'><strong>quo</strong></span> <span class='ocrx_word' id='word_1_12' title='bbox 637 340 796 377; x_wconf 89' lang='lat' dir='ltr'><strong>nomine</strong></span> <span class='ocrx_word' id='word_1_13' title='bbox 814 340 1021 379; x_wconf 84' lang='lat' dir='ltr'><strong>fuitetiam</strong></span> 
     </span>
    </p>
   </div>
   <div class='ocr_carea' id='block_1_4' title="bbox 0 400 1024 3054">
    <p class='ocr_par' dir='ltr' id='par_1_4' title="bbox 0 400 1024 3054">
     <span class='ocr_line' id='line_1_4' title="bbox 66 400 1024 452; baseline -0.002 -8"><span class='ocrx_word' id='word_1_14' title='bbox 66 403 299 444; x_wconf 75' lang='lat' dir='ltr'><strong>philastrius</strong></span> <span class='ocrx_word' id='word_1_15' title='bbox 328 400 545 440; x_wconf 80' lang='lat' dir='ltr'>Monachus</span> <span class='ocrx_word' id='word_1_16' title='bbox 569 401 726 440; x_wconf 88' lang='lat' dir='ltr'><strong>Studita</strong></span> <span class='ocrx_word' id='word_1_17' title='bbox 743 433 752 449; x_wconf 86' lang='lat'><strong>,</strong></span> <span class='ocrx_word' id='word_1_18' title='bbox 779 404 801 440; x_wconf 71' lang='lat' dir='ltr'><strong>a</strong></span> <span class='ocrx_word' id='word_1_19' title='bbox 826 414 904 452; x_wconf 89' lang='lat' dir='ltr'><strong>quo</strong></span> <span class='ocrx_word' id='word_1_20' title='bbox 920 405 1024 442; x_wconf 89' lang='lat' dir='ltr'><strong>circa</strong></span> 
     </span>
     <span class='ocr_line' id='line_1_5' title="bbox 64 462 1023 506; baseline -0.002 -1"><span class='ocrx_word' id='word_1_21' title='bbox 64 465 137 506; x_wconf 85' lang='lat' dir='ltr'><strong>An.</strong></span> <span class='ocrx_word' id='word_1_22' title='bbox 154 465 196 504; x_wconf 90' lang='lat' dir='ltr'><strong>C.</strong></span> <span class='ocrx_word' id='word_1_23' title='bbox 213 463 330 503; x_wconf 73' lang='grc'><strong>4340.</strong></span> <span class='ocrx_word' id='word_1_24' title='bbox 347 462 575 501; x_wconf 89' lang='lat' dir='ltr'><strong>institutum</strong></span> <span class='ocrx_word' id='word_1_25' title='bbox 595 463 901 502; x_wconf 80' lang='lat' dir='ltr'><strong>Constantinum</strong></span> <span class='ocrx_word' id='word_1_26' title='bbox 923 464 1023 503; x_wconf 85' lang='lat' dir='ltr'><strong>Har-</strong></span> 
     </span>
     <span class='ocr_line' id='line_1_6' title="bbox 64 525 1022 577; baseline -0.002 -10"><span class='ocrx_word' id='word_1_27' title='bbox 64 525 322 577; x_wconf 87' lang='lat' dir='ltr'><strong>menopulum</strong></span> <span class='ocrx_word' id='word_1_28' title='bbox 353 525 475 563; x_wconf 82' lang='lat' dir='ltr'><strong>refert</strong></span> <span class='ocrx_word' id='word_1_29' title='bbox 504 525 583 563; x_wconf 87' lang='lat' dir='ltr'><strong>Nic.</strong></span> <span class='ocrx_word' id='word_1_30' title='bbox 628 526 858 565; x_wconf 89' lang='lat' dir='ltr'><strong>Comnenus</strong></span> <span class='ocrx_word' id='word_1_31' title='bbox 902 528 1022 577; x_wconf 81' lang='lat' dir='ltr'><strong>Papa-</strong></span> 
     </span>
     <span class='ocr_line' id='line_1_7' title="bbox 9 586 1016 640; baseline -0.002 -12"><span class='ocrx_word' id='word_1_32' title='bbox 9 637 12 640; x_wconf 15' lang='lat'><em>*</em></span> <span class='ocrx_word' id='word_1_33' title='bbox 60 587 186 638; x_wconf 85' lang='lat' dir='ltr'><strong>dopoli</strong></span> <span class='ocrx_word' id='word_1_34' title='bbox 220 587 257 624; x_wconf 93' lang='lat' dir='ltr'><strong>in</strong></span> <span class='ocrx_word' id='word_1_35' title='bbox 280 586 600 636; x_wconf 78' lang='lat' dir='ltr'>praelusionibus</span> <span class='ocrx_word' id='word_1_36' title='bbox 624 588 902 638; x_wconf 77' lang='lat' dir='ltr'><strong>Mystagogicis</strong></span> <span class='ocrx_word' id='word_1_37' title='bbox 932 600 1016 639; x_wconf 84' lang='lat' dir='ltr'><strong>pag.</strong></span> 
     </span>
     <span class='ocr_line' id='line_1_8' title="bbox 64 648 1016 697; baseline -0.002 -7"><span class='ocrx_word' id='word_1_38' title='bbox 64 651 152 691; x_wconf 73' lang='grc'><strong>443.</strong></span> <span class='ocrx_word' id='word_1_39' title='bbox 195 648 420 688; x_wconf 89' lang='lat' dir='ltr'><strong>Gvilelmus</strong></span> <span class='ocrx_word' id='word_1_40' title='bbox 466 648 724 688; x_wconf 87' lang='lat' dir='ltr'><strong>Philasterius</strong></span> <span class='ocrx_word' id='word_1_41' title='bbox 766 649 1016 697; x_wconf 86' lang='lat' dir='ltr'><strong>Cardinalis‚</strong></span> 
     </span>
     <span class='ocr_line' id='line_1_9' title="bbox 61 710 1015 764; baseline -0.002 -13"><span class='ocrx_word' id='word_1_42' title='bbox 61 711 163 764; x_wconf 80' lang='lat' dir='ltr'><strong>apud</strong></span> <span class='ocrx_word' id='word_1_43' title='bbox 194 711 356 750; x_wconf 82' lang='lat' dir='ltr'><strong>GlariSS.</strong></span> <span class='ocrx_word' id='word_1_44' title='bbox 389 710 598 749; x_wconf 88' lang='lat' dir='ltr'><strong>Hardtium</strong></span> <span class='ocrx_word' id='word_1_45' title='bbox 647 716 726 749; x_wconf 85' lang='lat' dir='ltr'><strong>tom</strong></span> <span class='ocrx_word' id='word_1_46' title='bbox 771 712 807 749; x_wconf 90' lang='grc'><strong>2.</strong></span> <span class='ocrx_word' id='word_1_47' title='bbox 855 712 1015 750; x_wconf 84' lang='lat' dir='ltr'><strong>Concilii</strong></span> 
     </span>
     <span class='ocr_line' id='line_1_10' title="bbox 57 774 1019 824; baseline -0.002 -10"><span class='ocrx_word' id='word_1_48' title='bbox 57 774 352 814; x_wconf 81' lang='lat' dir='ltr'><strong>costantiensis</strong></span> <span class='ocrx_word' id='word_1_49' title='bbox 382 785 417 824; x_wconf 91' lang='lat' dir='ltr'><strong>p.</strong></span> <span class='ocrx_word' id='word_1_50' title='bbox 448 774 538 812; x_wconf 92' lang='grc'><strong>209.</strong></span> <span class='ocrx_word' id='word_1_51' title='bbox 570 774 659 814; x_wconf 87' lang='grc'><strong>227.</strong></span> <span class='ocrx_word' id='word_1_52' title='bbox 691 774 881 812; x_wconf 81' lang='lat' dir='ltr'><strong>Jacobum</strong></span> <span class='ocrx_word' id='word_1_53' title='bbox 909 775 1019 812; x_wconf 81' lang='lat' dir='ltr'><strong>l&#39;En-</strong></span> 
     </span>
     <span class='ocr_line' id='line_1_11' title="bbox 60 836 975 886; baseline -0.003 -10"><span class='ocrx_word' id='word_1_54' title='bbox 60 837 143 876; x_wconf 74' lang='lat' dir='ltr'><strong>sant</strong></span> <span class='ocrx_word' id='word_1_55' title='bbox 171 836 334 875; x_wconf 80' lang='lat' dir='ltr'><strong>histoire</strong></span> <span class='ocrx_word' id='word_1_56' title='bbox 363 836 415 875; x_wconf 94' lang='lat' dir='ltr'><strong>du</strong></span> <span class='ocrx_word' id='word_1_57' title='bbox 438 836 598 876; x_wconf 85' lang='lat' dir='ltr'><strong>Concile</strong></span> <span class='ocrx_word' id='word_1_58' title='bbox 628 836 676 874; x_wconf 89' lang='lat' dir='ltr'><strong>de</strong></span> <span class='ocrx_word' id='word_1_59' title='bbox 706 838 792 874; x_wconf 88' lang='lat' dir='ltr'><strong>Pise</strong></span> <span class='ocrx_word' id='word_1_60' title='bbox 824 848 858 886; x_wconf 90' lang='lat' dir='ltr'><strong>p.</strong></span> <span class='ocrx_word' id='word_1_61' title='bbox 887 837 975 875; x_wconf 75' lang='grc'><strong>442.</strong></span> 
     </span>
     <span class='ocr_line' id='line_1_12' title="bbox 111 897 1021 938; baseline -0.002 0"><span class='ocrx_word' id='word_1_62' title='bbox 111 897 134 921; x_wconf 67' lang='lat'><strong>*⁶</strong></span> <span class='ocrx_word' id='word_1_63' title='bbox 160 897 293 938; x_wconf 90' lang='lat' dir='ltr'><strong>Editio</strong></span> <span class='ocrx_word' id='word_1_64' title='bbox 316 898 380 937; x_wconf 90' lang='lat' dir='ltr'><strong>illa</strong></span> <span class='ocrx_word' id='word_1_65' title='bbox 410 909 431 937; x_wconf 93' lang='lat' dir='ltr'><strong>a</strong></span> <span class='ocrx_word' id='word_1_66' title='bbox 460 898 508 937; x_wconf 92' lang='lat' dir='ltr'><strong>cl.</strong></span> <span class='ocrx_word' id='word_1_67' title='bbox 542 899 654 937; x_wconf 90' lang='lat' dir='ltr'><strong>Petro</strong></span> <span class='ocrx_word' id='word_1_68' title='bbox 684 897 878 936; x_wconf 80' lang='lat' dir='ltr'><strong>Galeardo</strong></span> <span class='ocrx_word' id='word_1_69' title='bbox 908 897 1021 936; x_wconf 89' lang='lat' dir='ltr'><strong>ador-</strong></span> 
     </span>
     <span class='ocr_line' id='line_1_13' title="bbox 57 958 1020 1011; baseline 0.001 -13"><span class='ocrx_word' id='word_1_70' title='bbox 57 963 148 999; x_wconf 89' lang='lat' dir='ltr'><strong>nata</strong></span> <span class='ocrx_word' id='word_1_71' title='bbox 173 958 256 1010; x_wconf 82' lang='lat' dir='ltr'><strong>J‘am</strong></span> <span class='ocrx_word' id='word_1_72' title='bbox 301 960 464 999; x_wconf 86' lang='lat' dir='ltr'><strong>tandem</strong></span> <span class='ocrx_word' id='word_1_73' title='bbox 495 960 665 1011; x_wconf 89' lang='lat' dir='ltr'><strong>prodiit,</strong></span> <span class='ocrx_word' id='word_1_74' title='bbox 695 965 735 999; x_wconf 80' lang='lat' dir='ltr'><strong>et</strong></span> <span class='ocrx_word' id='word_1_75' title='bbox 766 962 934 1011; x_wconf 79' lang='lat' dir='ltr'><strong>priorem</strong></span> <span class='ocrx_word' id='word_1_76' title='bbox 967 961 1020 999; x_wconf 93' lang='lat' dir='ltr'><strong>lo-</strong></span> 
     </span>
     <span class='ocr_line' id='line_1_14' title="bbox 55 1022 1020 1074; baseline 0 -14"><span class='ocrx_word' id='word_1_77' title='bbox 55 1033 147 1060; x_wconf 90' lang='lat' dir='ltr'><strong>cum</strong></span> <span class='ocrx_word' id='word_1_78' title='bbox 178 1022 330 1061; x_wconf 87' lang='lat' dir='ltr'><strong>obtinet</strong></span> <span class='ocrx_word' id='word_1_79' title='bbox 374 1022 478 1061; x_wconf 91' lang='lat' dir='ltr'><strong>inter</strong></span> <span class='ocrx_word' id='word_1_80' title='bbox 522 1026 704 1061; x_wconf 85' lang='lat' dir='ltr'><strong>veterum</strong></span> <span class='ocrx_word' id='word_1_81' title='bbox 746 1024 899 1061; x_wconf 77' lang='lat' dir='ltr'><strong>Brixiae</strong></span> <span class='ocrx_word' id='word_1_82' title='bbox 928 1023 1020 1074; x_wconf 87' lang='lat' dir='ltr'><strong>Epi-</strong></span> 
     </span>
     <span class='ocr_line' id='line_1_15' title="bbox 55 1084 1019 1136; baseline 0 -14"><span class='ocrx_word' id='word_1_83' title='bbox 55 1094 267 1136; x_wconf 90' lang='lat' dir='ltr'><strong>scoporum</strong></span> <span class='ocrx_word' id='word_1_84' title='bbox 292 1084 483 1135; x_wconf 85' lang='lat' dir='ltr'><strong>opuscula</strong></span> <span class='ocrx_word' id='word_1_85' title='bbox 512 1085 548 1122; x_wconf 93' lang='lat' dir='ltr'><strong>in</strong></span> <span class='ocrx_word' id='word_1_86' title='bbox 576 1095 700 1123; x_wconf 90' lang='lat' dir='ltr'><strong>unum</strong></span> <span class='ocrx_word' id='word_1_87' title='bbox 724 1084 900 1133; x_wconf 84' lang='lat' dir='ltr'><strong>collecta,</strong></span> <span class='ocrx_word' id='word_1_88' title='bbox 917 1096 1019 1135; x_wconf 86' lang='lat' dir='ltr'><strong>quae</strong></span> 
     </span>
     <span class='ocr_line' id='line_1_16' title="bbox 55 1146 1019 1197; baseline 0 -12"><span class='ocrx_word' id='word_1_89' title='bbox 55 1157 152 1185; x_wconf 89' lang='lat' dir='ltr'><strong>sane</strong></span> <span class='ocrx_word' id='word_1_90' title='bbox 182 1146 363 1185; x_wconf 80' lang='lat' dir='ltr'><strong>collectio</strong></span> <span class='ocrx_word' id='word_1_91' title='bbox 391 1146 583 1197; x_wconf 88' lang='lat' dir='ltr'><strong>producta</strong></span> <span class='ocrx_word' id='word_1_92' title='bbox 613 1150 676 1184; x_wconf 82' lang='lat' dir='ltr'><strong>est</strong></span> <span class='ocrx_word' id='word_1_93' title='bbox 705 1147 860 1185; x_wconf 78' lang='lat' dir='ltr'><strong>Brixiae</strong></span> <span class='ocrx_word' id='word_1_94' title='bbox 903 1147 1019 1186; x_wconf 84' lang='lat' dir='ltr'><strong>Anno</strong></span> 
     </span>
     <span class='ocr_line' id='line_1_17' title="bbox 54 1207 1017 1258; baseline 0.002 -12"><span class='ocrx_word' id='word_1_95' title='bbox 54 1207 169 1246; x_wconf 87' lang='grc'><strong>4738.</strong></span> <span class='ocrx_word' id='word_1_96' title='bbox 197 1207 317 1258; x_wconf 87' lang='lat' dir='ltr'><strong>jussu</strong></span> <span class='ocrx_word' id='word_1_97' title='bbox 346 1209 434 1247; x_wconf 88' lang='lat' dir='ltr'><strong>Em.</strong></span> <span class='ocrx_word' id='word_1_98' title='bbox 465 1207 585 1247; x_wconf 83' lang='lat' dir='ltr'><strong>Card.</strong></span> <span class='ocrx_word' id='word_1_99' title='bbox 629 1208 781 1254; x_wconf 80' lang='lat' dir='ltr'><strong>Quirini</strong></span> <span class='ocrx_word' id='word_1_100' title='bbox 812 1219 1017 1248; x_wconf 89' lang='lat' dir='ltr'><strong>sacrorum</strong></span> 
     </span>
     <span class='ocr_line' id='line_1_18' title="bbox 52 1268 1019 1320; baseline 0.002 -12"><span class='ocrx_word' id='word_1_101' title='bbox 52 1268 277 1309; x_wconf 91' lang='lat' dir='ltr'><strong>studiorum</strong></span> <span class='ocrx_word' id='word_1_102' title='bbox 308 1271 548 1320; x_wconf 89' lang='lat' dir='ltr'><strong>promotoris</strong></span> <span class='ocrx_word' id='word_1_103' title='bbox 587 1271 858 1308; x_wconf 84' lang='lat' dir='ltr'><strong>intentissimi.</strong></span> <span class='ocrx_word' id='word_1_104' title='bbox 902 1271 1019 1310; x_wconf 91' lang='lat' dir='ltr'><strong>Dedit</strong></span> 
     </span>
     <span class='ocr_line' id='line_1_19' title="bbox 53 1331 1018 1372; baseline 0.002 -2"><span class='ocrx_word' id='word_1_105' title='bbox 53 1331 158 1370; x_wconf 90' lang='lat' dir='ltr'><strong>illam</strong></span> <span class='ocrx_word' id='word_1_106' title='bbox 192 1331 415 1371; x_wconf 88' lang='lat' dir='ltr'><strong>Galeardus</strong></span> <span class='ocrx_word' id='word_1_107' title='bbox 443 1343 534 1372; x_wconf 89' lang='lat' dir='ltr'><strong>cum</strong></span> <span class='ocrx_word' id='word_1_108' title='bbox 573 1332 821 1370; x_wconf 82' lang='lat' dir='ltr'><strong>variantibus</strong></span> <span class='ocrx_word' id='word_1_109' title='bbox 863 1332 1018 1372; x_wconf 89' lang='lat' dir='ltr'><strong>Codicis</strong></span> 
     </span>
     <span class='ocr_line' id='line_1_20' title="bbox 54 1393 1019 1444; baseline 0.001 -11"><span class='ocrx_word' id='word_1_110' title='bbox 54 1393 328 1442; x_wconf 84' lang='lat' dir='ltr'><strong>Corbeiensis,</strong></span> <span class='ocrx_word' id='word_1_111' title='bbox 359 1395 427 1444; x_wconf 93' lang='lat' dir='ltr'><strong>qui</strong></span> <span class='ocrx_word' id='word_1_112' title='bbox 457 1405 565 1433; x_wconf 90' lang='lat' dir='ltr'><strong>nunc</strong></span> <span class='ocrx_word' id='word_1_113' title='bbox 595 1395 632 1431; x_wconf 91' lang='lat' dir='ltr'><strong>in</strong></span> <span class='ocrx_word' id='word_1_114' title='bbox 663 1393 947 1432; x_wconf 85' lang='lat' dir='ltr'><strong>Bibliothecam</strong></span> <span class='ocrx_word' id='word_1_115' title='bbox 978 1395 1019 1434; x_wconf 90' lang='lat' dir='ltr'><strong>S.</strong></span> 
     </span>
     <span class='ocr_line' id='line_1_21' title="bbox 50 1456 1016 1505; baseline 0 -10"><span class='ocrx_word' id='word_1_116' title='bbox 50 1457 236 1495; x_wconf 90' lang='lat' dir='ltr'><strong>Germani</strong></span> <span class='ocrx_word' id='word_1_117' title='bbox 262 1468 283 1495; x_wconf 92' lang='lat' dir='ltr'><strong>a</strong></span> <span class='ocrx_word' id='word_1_118' title='bbox 314 1457 442 1495; x_wconf 90' lang='lat' dir='ltr'><strong>Pratis</strong></span> <span class='ocrx_word' id='word_1_119' title='bbox 469 1456 688 1502; x_wconf 87' lang='lat' dir='ltr'><strong>transivit,</strong></span> <span class='ocrx_word' id='word_1_120' title='bbox 719 1467 770 1493; x_wconf 82' lang='lat' dir='ltr'><strong>ex</strong></span> <span class='ocrx_word' id='word_1_121' title='bbox 794 1466 922 1505; x_wconf 87' lang='lat' dir='ltr'><strong>eoque</strong></span> <span class='ocrx_word' id='word_1_122' title='bbox 946 1467 1016 1496; x_wconf 89' lang='lat' dir='ltr'><strong>sex</strong></span> 
     </span>
     <span class='ocr_line' id='line_1_22' title="bbox 50 1518 1018 1570; baseline -0.001 -12"><span class='ocrx_word' id='word_1_123' title='bbox 50 1519 178 1570; x_wconf 86' lang='lat' dir='ltr'><strong>capita</strong></span> <span class='ocrx_word' id='word_1_124' title='bbox 207 1518 361 1558; x_wconf 86' lang='lat' dir='ltr'><strong>adiecta</strong></span> <span class='ocrx_word' id='word_1_125' title='bbox 391 1522 488 1558; x_wconf 90' lang='lat' dir='ltr'><strong>sunt</strong></span> <span class='ocrx_word' id='word_1_126' title='bbox 517 1518 710 1569; x_wconf 90' lang='lat' dir='ltr'><strong>opusculo</strong></span> <span class='ocrx_word' id='word_1_127' title='bbox 741 1518 937 1557; x_wconf 89' lang='lat' dir='ltr'><strong>Philastrii</strong></span> <span class='ocrx_word' id='word_1_128' title='bbox 968 1519 1018 1557; x_wconf 91' lang='lat' dir='ltr'><strong>de</strong></span> 
     </span>
     <span class='ocr_line' id='line_1_23' title="bbox 51 1579 1019 1630; baseline 0 -10"><span class='ocrx_word' id='word_1_129' title='bbox 51 1581 274 1620; x_wconf 81' lang='lat' dir='ltr'><strong>haereticis.</strong></span> <span class='ocrx_word' id='word_1_130' title='bbox 305 1581 527 1621; x_wconf 87' lang='lat' dir='ltr'><strong>Consultus</strong></span> <span class='ocrx_word' id='word_1_131' title='bbox 556 1584 691 1620; x_wconf 87' lang='lat' dir='ltr'><strong>autem</strong></span> <span class='ocrx_word' id='word_1_132' title='bbox 714 1579 926 1630; x_wconf 79' lang='lat' dir='ltr'><strong>diligenter</strong></span> <span class='ocrx_word' id='word_1_133' title='bbox 954 1592 1019 1620; x_wconf 86' lang='lat' dir='ltr'><strong>co-</strong></span> 
     </span>
     <span class='ocr_line' id='line_1_24' title="bbox 51 1636 1020 1693; baseline 0 -11"><span class='ocrx_word' id='word_1_134' title='bbox 51 1646 128 1682; x_wconf 87' lang='lat' dir='ltr'><strong>dex</strong></span> <span class='ocrx_word' id='word_1_135' title='bbox 159 1645 234 1683; x_wconf 86' lang='lat' dir='ltr'><strong>iste</strong></span> <span class='ocrx_word' id='word_1_136' title='bbox 263 1645 357 1683; x_wconf 91' lang='lat' dir='ltr'><strong>olim</strong></span> <span class='ocrx_word' id='word_1_137' title='bbox 379 1636 636 1693; x_wconf 82' lang='lat' dir='ltr'><strong>Corbejensis</strong></span> <span class='ocrx_word' id='word_1_138' title='bbox 664 1642 713 1681; x_wconf 82' lang='lat' dir='ltr'><strong>de</strong></span> <span class='ocrx_word' id='word_1_139' title='bbox 736 1643 922 1680; x_wconf 67' lang='lat' dir='ltr'><strong>versione</strong></span> <span class='ocrx_word' id='word_1_140' title='bbox 945 1642 1020 1682; x_wconf 90' lang='lat' dir='ltr'><strong>La-</strong></span> 
     </span>
     <span class='ocr_line' id='line_1_25' title="bbox 50 1704 1018 1757; baseline -0.001 -13"><span class='ocrx_word' id='word_1_141' title='bbox 50 1706 128 1745; x_wconf 81' lang='lat' dir='ltr'><strong>tin&#39;a</strong></span> <span class='ocrx_word' id='word_1_142' title='bbox 171 1707 364 1757; x_wconf 89' lang='lat' dir='ltr'><strong>epistolae</strong></span> <span class='ocrx_word' id='word_1_143' title='bbox 407 1707 446 1745; x_wconf 92' lang='lat' dir='ltr'><strong>S.</strong></span> <span class='ocrx_word' id='word_1_144' title='bbox 486 1704 688 1745; x_wconf 86' lang='lat' dir='ltr'><strong>Barnabae</strong></span> <span class='ocrx_word' id='word_1_145' title='bbox 739 1716 762 1743; x_wconf 90' lang='lat' dir='ltr'><strong>a</strong></span> <span class='ocrx_word' id='word_1_146' title='bbox 806 1704 1018 1743; x_wconf 87' lang='lat' dir='ltr'><strong>Philastrio</strong></span> 
     </span>
     <span class='ocr_line' id='line_1_26' title="bbox 47 1767 1019 1818; baseline 0.001 -12"><span class='ocrx_word' id='word_1_147' title='bbox 47 1769 252 1817; x_wconf 79' lang='lat' dir='ltr'><strong>confecta,</strong></span> <span class='ocrx_word' id='word_1_148' title='bbox 282 1780 332 1807; x_wconf 87' lang='lat' dir='ltr'><strong>ne</strong></span> <span class='ocrx_word' id='word_1_149' title='bbox 363 1769 569 1807; x_wconf 89' lang='lat' dir='ltr'><strong>minimam</strong></span> <span class='ocrx_word' id='word_1_150' title='bbox 601 1767 762 1818; x_wconf 91' lang='lat' dir='ltr'><strong>quidem</strong></span> <span class='ocrx_word' id='word_1_151' title='bbox 810 1769 1019 1807; x_wconf 88' lang='lat' dir='ltr'><strong>coniectu-</strong></span> 
     </span>
     <span class='ocr_line' id='line_1_27' title="bbox 47 1829 1017 1881; baseline 0 -13"><span class='ocrx_word' id='word_1_152' title='bbox 47 1841 130 1869; x_wconf 88' lang='lat' dir='ltr'><strong>ram</strong></span> <span class='ocrx_word' id='word_1_153' title='bbox 160 1831 275 1870; x_wconf 83' lang='lat' dir='ltr'><strong>affert</strong></span> <span class='ocrx_word' id='word_1_154' title='bbox 295 1862 306 1880; x_wconf 82' lang='lat'><em>‚</em></span> <span class='ocrx_word' id='word_1_155' title='bbox 337 1832 526 1881; x_wconf 86' lang='lat' dir='ltr'><strong>quamvis</strong></span> <span class='ocrx_word' id='word_1_156' title='bbox 556 1842 606 1868; x_wconf 80' lang='lat' dir='ltr'><strong>ex</strong></span> <span class='ocrx_word' id='word_1_157' title='bbox 638 1841 715 1869; x_wconf 88' lang='lat' dir='ltr'><strong>una</strong></span> <span class='ocrx_word' id='word_1_158' title='bbox 746 1830 868 1869; x_wconf 90' lang='lat' dir='ltr'><strong>huius</strong></span> <span class='ocrx_word' id='word_1_159' title='bbox 900 1829 1017 1869; x_wconf 85' lang='lat' dir='ltr'><strong>Codi-</strong></span> 
     </span>
     <span class='ocr_line' id='line_1_28' title="bbox 45 1889 1012 1943; baseline 0 -13"><span class='ocrx_word' id='word_1_160' title='bbox 45 1893 104 1931; x_wconf 84' lang='lat' dir='ltr'><strong>cis</strong></span> <span class='ocrx_word' id='word_1_161' title='bbox 133 1889 376 1932; x_wconf 81' lang='lat' dir='ltr'><strong>authoritate</strong></span> <span class='ocrx_word' id='word_1_162' title='bbox 405 1893 504 1932; x_wconf 88' lang='lat' dir='ltr'><strong>haec</strong></span> <span class='ocrx_word' id='word_1_163' title='bbox 533 1893 664 1943; x_wconf 87' lang='lat' dir='ltr'><strong>opinio</strong></span> <span class='ocrx_word' id='word_1_164' title='bbox 708 1893 894 1931; x_wconf 87' lang='lat' dir='ltr'><strong>invaluit.</strong></span> <span class='ocrx_word' id='word_1_165' title='bbox 938 1894 1012 1932; x_wconf 90' lang='lat' dir='ltr'><strong>Est</strong></span> 
     </span>
     <span class='ocr_line' id='line_1_29' title="bbox 46 1954 1016 2006; baseline 0 -12"><span class='ocrx_word' id='word_1_166' title='bbox 46 1955 207 2004; x_wconf 86' lang='lat' dir='ltr'><strong>quidem</strong></span> <span class='ocrx_word' id='word_1_167' title='bbox 239 1957 279 1993; x_wconf 91' lang='lat' dir='ltr'><strong>in</strong></span> <span class='ocrx_word' id='word_1_168' title='bbox 307 1954 448 1994; x_wconf 87' lang='lat' dir='ltr'><strong>eodem</strong></span> <span class='ocrx_word' id='word_1_169' title='bbox 480 1955 624 1995; x_wconf 88' lang='lat' dir='ltr'><strong>Codice</strong></span> <span class='ocrx_word' id='word_1_170' title='bbox 653 1955 819 2006; x_wconf 85' lang='lat' dir='ltr'><strong>epistola</strong></span> <span class='ocrx_word' id='word_1_171' title='bbox 852 1955 893 1994; x_wconf 91' lang='lat' dir='ltr'><strong>S.</strong></span> <span class='ocrx_word' id='word_1_172' title='bbox 923 1957 1016 1994; x_wconf 89' lang='lat' dir='ltr'><strong>Bar-</strong></span> 
     </span>
     <span class='ocr_line' id='line_1_30' title="bbox 0 2016 1013 2068; baseline 0.001 -13"><span class='ocrx_word' id='word_1_173' title='bbox 0 2059 1 2063; x_wconf 42' lang='lat'><strong>,</strong></span> <span class='ocrx_word' id='word_1_174' title='bbox 47 2016 172 2056; x_wconf 86' lang='lat' dir='ltr'><strong>nahae</strong></span> <span class='ocrx_word' id='word_1_175' title='bbox 201 2029 251 2056; x_wconf 80' lang='lat' dir='ltr'><strong>ex</strong></span> <span class='ocrx_word' id='word_1_176' title='bbox 281 2018 445 2068; x_wconf 86' lang='lat' dir='ltr'><strong>antiqua</strong></span> <span class='ocrx_word' id='word_1_177' title='bbox 477 2019 689 2065; x_wconf 86' lang='lat' dir='ltr'><strong>versione,</strong></span> <span class='ocrx_word' id='word_1_178' title='bbox 719 2019 836 2057; x_wconf 90' lang='lat' dir='ltr'><strong>cuius</strong></span> <span class='ocrx_word' id='word_1_179' title='bbox 878 2022 1013 2056; x_wconf 85' lang='lat' dir='ltr'><strong>tamen</strong></span> 
     </span>
     <span class='ocr_line' id='line_1_31' title="bbox 45 2079 1016 2130; baseline 0 -12"><span class='ocrx_word' id='word_1_180' title='bbox 45 2082 249 2118; x_wconf 75' lang='lat' dir='ltr'><strong>auctorem</strong></span> <span class='ocrx_word' id='word_1_181' title='bbox 281 2091 359 2118; x_wconf 87' lang='lat' dir='ltr'><strong>non</strong></span> <span class='ocrx_word' id='word_1_182' title='bbox 392 2079 565 2128; x_wconf 83' lang='lat' dir='ltr'><strong>indicat3</strong></span> <span class='ocrx_word' id='word_1_183' title='bbox 597 2081 664 2130; x_wconf 89' lang='lat' dir='ltr'><strong>qui</strong></span> <span class='ocrx_word' id='word_1_184' title='bbox 698 2091 791 2118; x_wconf 84' lang='lat' dir='ltr'><strong>vero</strong></span> <span class='ocrx_word' id='word_1_185' title='bbox 829 2080 1016 2130; x_wconf 86' lang='lat' dir='ltr'><strong>frequen-</strong></span> 
     </span>
     <span class='ocr_line' id='line_1_32' title="bbox 45 2140 1014 2188; baseline 0 -9"><span class='ocrx_word' id='word_1_186' title='bbox 45 2140 107 2180; x_wconf 84' lang='lat' dir='ltr'><strong>ter</strong></span> <span class='ocrx_word' id='word_1_187' title='bbox 124 2142 235 2181; x_wconf 87' lang='lat' dir='ltr'>MSS.</span> <span class='ocrx_word' id='word_1_188' title='bbox 260 2141 418 2181; x_wconf 84' lang='lat' dir='ltr'><strong>codices</strong></span> <span class='ocrx_word' id='word_1_189' title='bbox 442 2147 638 2188; x_wconf 73' lang='lat' dir='ltr'><strong>versant3</strong></span> <span class='ocrx_word' id='word_1_190' title='bbox 663 2143 714 2181; x_wconf 92' lang='lat' dir='ltr'><strong>illi</strong></span> <span class='ocrx_word' id='word_1_191' title='bbox 740 2144 930 2182; x_wconf 86' lang='lat' dir='ltr'><strong>continuo</strong></span> <span class='ocrx_word' id='word_1_192' title='bbox 957 2143 1014 2179; x_wconf 91' lang='lat' dir='ltr'><strong>in-</strong></span> 
     </span>
     <span class='ocr_line' id='line_1_33' title="bbox 44 2203 1014 2255; baseline 0.001 -13"><span class='ocrx_word' id='word_1_193' title='bbox 44 2203 226 2255; x_wconf 79' lang='lat' dir='ltr'><strong>telligent</strong></span> <span class='ocrx_word' id='word_1_194' title='bbox 256 2216 333 2242; x_wconf 90' lang='lat' dir='ltr'><strong>non</strong></span> <span class='ocrx_word' id='word_1_195' title='bbox 365 2204 452 2243; x_wconf 82' lang='lat' dir='ltr'><strong>ideo</strong></span> <span class='ocrx_word' id='word_1_196' title='bbox 481 2205 573 2255; x_wconf 88' lang='lat' dir='ltr'><strong>quia</strong></span> <span class='ocrx_word' id='word_1_197' title='bbox 604 2204 682 2243; x_wconf 94' lang='lat' dir='ltr'><strong>duo</strong></span> <span class='ocrx_word' id='word_1_198' title='bbox 726 2204 886 2243; x_wconf 90' lang='lat' dir='ltr'><strong>diversa</strong></span> <span class='ocrx_word' id='word_1_199' title='bbox 917 2216 1014 2255; x_wconf 89' lang='lat' dir='ltr'><strong>opu-</strong></span> 
     </span>
     <span class='ocr_line' id='line_1_34' title="bbox 44 2265 1012 2313; baseline 0.001 -10"><span class='ocrx_word' id='word_1_200' title='bbox 44 2265 152 2304; x_wconf 89' lang='lat' dir='ltr'><strong>scula</strong></span> <span class='ocrx_word' id='word_1_201' title='bbox 185 2268 222 2304; x_wconf 92' lang='lat' dir='ltr'><strong>in</strong></span> <span class='ocrx_word' id='word_1_202' title='bbox 253 2265 392 2305; x_wconf 87' lang='lat' dir='ltr'><strong>eodem</strong></span> <span class='ocrx_word' id='word_1_203' title='bbox 424 2266 559 2306; x_wconf 87' lang='lat' dir='ltr'><strong>codice</strong></span> <span class='ocrx_word' id='word_1_204' title='bbox 584 2268 894 2313; x_wconf 80' lang='lat' dir='ltr'><strong>contineantur,</strong></span> <span class='ocrx_word' id='word_1_205' title='bbox 920 2277 1012 2304; x_wconf 89' lang='lat' dir='ltr'><strong>con-</strong></span> 
     </span>
     <span class='ocr_line' id='line_1_35' title="bbox 43 2328 917 2379; baseline -0.001 -13"><span class='ocrx_word' id='word_1_206' title='bbox 43 2328 156 2368; x_wconf 88' lang='lat' dir='ltr'><strong>tinuo</strong></span> <span class='ocrx_word' id='word_1_207' title='bbox 186 2329 252 2368; x_wconf 91' lang='lat' dir='ltr'><strong>uni</strong></span> <span class='ocrx_word' id='word_1_208' title='bbox 285 2328 506 2379; x_wconf 86' lang='lat' dir='ltr'><strong>eodemque</strong></span> <span class='ocrx_word' id='word_1_209' title='bbox 536 2329 687 2368; x_wconf 80' lang='lat' dir='ltr'><strong>auctori</strong></span> <span class='ocrx_word' id='word_1_210' title='bbox 718 2328 865 2367; x_wconf 86' lang='lat' dir='ltr'><strong>deberi.</strong></span> <span class='ocrx_word' id='word_1_211' title='bbox 898 2328 917 2350; x_wconf 67' lang='lat'><strong>³¹⁶</strong></span> 
     </span>
     <span class='ocr_line' id='line_1_36' title="bbox 98 2389 1010 2429; baseline 0 -2"><span class='ocrx_word' id='word_1_212' title='bbox 98 2389 344 2429; x_wconf 76' lang='lat' dir='ltr'><strong>Francis-cus</strong></span> <span class='ocrx_word' id='word_1_213' title='bbox 375 2390 692 2429; x_wconf 84' lang='lat' dir='ltr'>PHILELPHUS</span> <span class='ocrx_word' id='word_1_214' title='bbox 728 2391 922 2429; x_wconf 77' lang='lat' dir='ltr'><strong>eximium</strong></span> <span class='ocrx_word' id='word_1_215' title='bbox 956 2391 1010 2428; x_wconf 86' lang='lat' dir='ltr'><strong>lo-</strong></span> 
     </span>
     <span class='ocr_line' id='line_1_37' title="bbox 47 2451 1011 2503; baseline -0.002 -13"><span class='ocrx_word' id='word_1_216' title='bbox 47 2463 139 2491; x_wconf 90' lang='lat' dir='ltr'><strong>cum</strong></span> <span class='ocrx_word' id='word_1_217' title='bbox 171 2453 416 2503; x_wconf 86' lang='lat' dir='ltr'><strong>promeritus</strong></span> <span class='ocrx_word' id='word_1_218' title='bbox 445 2453 549 2490; x_wconf 82' lang='lat' dir='ltr'><strong>inter</strong></span> <span class='ocrx_word' id='word_1_219' title='bbox 578 2464 647 2490; x_wconf 87' lang='lat' dir='ltr'><strong>eos</strong></span> <span class='ocrx_word' id='word_1_220' title='bbox 676 2453 742 2502; x_wconf 86' lang='lat' dir='ltr'><strong>qui</strong></span> <span class='ocrx_word' id='word_1_221' title='bbox 776 2454 811 2489; x_wconf 94' lang='lat' dir='ltr'><strong>in</strong></span> <span class='ocrx_word' id='word_1_222' title='bbox 845 2452 909 2490; x_wconf 91' lang='lat' dir='ltr'><strong>illo</strong></span> <span class='ocrx_word' id='word_1_223' title='bbox 953 2451 1011 2489; x_wconf 83' lang='lat' dir='ltr'><strong>‹li-</strong></span> 
     </span>
     <span class='ocr_line' id='line_1_38' title="bbox 43 2513 1008 2558; baseline -0.003 -6"><span class='ocrx_word' id='word_1_224' title='bbox 43 2513 174 2553; x_wconf 90' lang='lat' dir='ltr'><strong>luculo</strong></span> <span class='ocrx_word' id='word_1_225' title='bbox 204 2515 502 2552; x_wconf 85' lang='lat' dir='ltr'><strong>renascentium</strong></span> <span class='ocrx_word' id='word_1_226' title='bbox 546 2514 799 2558; x_wconf 83' lang='lat' dir='ltr'><strong>litterarum,</strong></span> <span class='ocrx_word' id='word_1_227' title='bbox 845 2513 1008 2551; x_wconf 86' lang='lat' dir='ltr'><strong>Graecis</strong></span> 
     </span>
     <span class='ocr_line' id='line_1_39' title="bbox 40 2574 1004 2614; baseline -0.003 -1"><span class='ocrx_word' id='word_1_228' title='bbox 40 2578 81 2613; x_wconf 89' lang='lat' dir='ltr'><strong>et</strong></span> <span class='ocrx_word' id='word_1_229' title='bbox 109 2574 259 2614; x_wconf 86' lang='lat' dir='ltr'><strong>Latinis</strong></span> <span class='ocrx_word' id='word_1_230' title='bbox 289 2574 521 2614; x_wconf 87' lang='lat' dir='ltr'><strong>ordinandis</strong></span> <span class='ocrx_word' id='word_1_231' title='bbox 551 2586 596 2614; x_wconf 91' lang='lat' dir='ltr'><strong>ac</strong></span> <span class='ocrx_word' id='word_1_232' title='bbox 627 2574 887 2613; x_wconf 78' lang='lat' dir='ltr'><strong>restituendis</strong></span> <span class='ocrx_word' id='word_1_233' title='bbox 928 2585 1004 2611; x_wconf 88' lang='lat' dir='ltr'><strong>non</strong></span> 
     </span>
     <span class='ocr_line' id='line_1_40' title="bbox 38 2634 1007 2687; baseline -0.001 -13"><span class='ocrx_word' id='word_1_234' title='bbox 38 2635 372 2675; x_wconf 85' lang='lat' dir='ltr'><strong>contemnendam</strong></span> <span class='ocrx_word' id='word_1_235' title='bbox 420 2648 579 2686; x_wconf 83' lang='lat' dir='ltr'><strong>operam</strong></span> <span class='ocrx_word' id='word_1_236' title='bbox 631 2637 882 2687; x_wconf 79' lang='lat' dir='ltr'><strong>praestitere.</strong></span> <span class='ocrx_word' id='word_1_237' title='bbox 930 2634 1007 2673; x_wconf 89' lang='lat' dir='ltr'><strong>Na-</strong></span> 
     </span>
     <span class='ocr_line' id='line_1_41' title="bbox 42 2696 1005 2747; baseline -0.003 -11"><span class='ocrx_word' id='word_1_238' title='bbox 42 2701 109 2736; x_wconf 84' lang='lat' dir='ltr'><strong>tus</strong></span> <span class='ocrx_word' id='word_1_239' title='bbox 136 2700 214 2736; x_wconf 88' lang='lat' dir='ltr'><strong>An.</strong></span> <span class='ocrx_word' id='word_1_240' title='bbox 246 2698 360 2736; x_wconf 87' lang='grc'><strong>4398.</strong></span> <span class='ocrx_word' id='word_1_241' title='bbox 386 2698 424 2735; x_wconf 90' lang='grc'><strong>8.</strong></span> <span class='ocrx_word' id='word_1_242' title='bbox 447 2696 534 2736; x_wconf 87' lang='lat' dir='ltr'><strong>Kal.</strong></span> <span class='ocrx_word' id='word_1_243' title='bbox 562 2697 663 2747; x_wconf 76' lang='lat' dir='ltr'><strong>Aug.</strong></span> <span class='ocrx_word' id='word_1_244' title='bbox 687 2696 843 2746; x_wconf 80' lang='lat' dir='ltr'><strong>a)apu(l</strong></span> <span class='ocrx_word' id='word_1_245' title='bbox 861 2696 1005 2734; x_wconf 88' lang='lat' dir='ltr'><strong>Tolen-</strong></span> 
     </span>
     <span class='ocr_line' id='line_1_42' title="bbox 16 2757 1003 2809; baseline -0.002 -13"><span class='ocrx_word' id='word_1_246' title='bbox 16 2760 217 2807; x_wconf 76' lang='lat' dir='ltr'><strong>-tinates,</strong></span> <span class='ocrx_word' id='word_1_247' title='bbox 246 2760 312 2809; x_wconf 89' lang='lat' dir='ltr'><strong>qui</strong></span> <span class='ocrx_word' id='word_1_248' title='bbox 355 2761 586 2799; x_wconf 82' lang='lat' dir='ltr'><strong>memoriam</strong></span> <span class='ocrx_word' id='word_1_249' title='bbox 633 2758 721 2809; x_wconf 85' lang='lat' dir='ltr'><strong>ejus</strong></span> <span class='ocrx_word' id='word_1_250' title='bbox 762 2757 1003 2796; x_wconf 71' lang='lat' dir='ltr'><strong>decorarunt</strong></span> 
     </span>
     <span class='ocr_line' id='line_1_43' title="bbox 40 2818 1001 2872; baseline -0.004 -13"><span class='ocrx_word' id='word_1_251' title='bbox 40 2825 171 2860; x_wconf 83' lang='lat' dir='ltr'><strong>statua</strong></span> <span class='ocrx_word' id='word_1_252' title='bbox 204 2821 255 2860; x_wconf 87' lang='lat' dir='ltr'><strong>illi</strong></span> <span class='ocrx_word' id='word_1_253' title='bbox 286 2822 413 2872; x_wconf 88' lang='lat' dir='ltr'><strong>posita</strong></span> <span class='ocrx_word' id='word_1_254' title='bbox 445 2823 482 2859; x_wconf 92' lang='lat' dir='ltr'><strong>in</strong></span> <span class='ocrx_word' id='word_1_255' title='bbox 515 2822 649 2861; x_wconf 88' lang='lat' dir='ltr'><strong>Curia.</strong></span> <span class='ocrx_word' id='word_1_256' title='bbox 678 2821 714 2867; x_wconf 89' lang='lat' dir='ltr'><strong>b)</strong></span> <span class='ocrx_word' id='word_1_257' title='bbox 746 2819 893 2858; x_wconf 82' lang='lat' dir='ltr'><strong>Patavii</strong></span> <span class='ocrx_word' id='word_1_258' title='bbox 926 2818 1001 2856; x_wconf 79' lang='lat' dir='ltr'><strong>Ga-</strong></span> 
     </span>
     <span class='ocr_line' id='line_1_44' title="bbox 41 2882 1005 2933; baseline -0.004 -13"><span class='ocrx_word' id='word_1_259' title='bbox 41 2884 245 2933; x_wconf 88' lang='lat' dir='ltr'><strong>sparinum</strong></span> <span class='ocrx_word' id='word_1_260' title='bbox 263 2884 476 2933; x_wconf 25' lang='lat' dir='ltr'><strong>..Barzizam</strong></span> <span class='ocrx_word' id='word_1_261' title='bbox 498 2883 655 2922; x_wconf 88' lang='lat' dir='ltr'><strong>audivit</strong></span> <span class='ocrx_word' id='word_1_262' title='bbox 674 2912 681 2929; x_wconf 83' lang='lat'><strong>,</strong></span> <span class='ocrx_word' id='word_1_263' title='bbox 699 2882 1005 2930; x_wconf 80' lang='lat' dir='ltr'><strong>costantinopo-</strong></span> 
     </span>
     <span class='ocr_line' id='line_1_45' title="bbox 40 2942 1002 2994; baseline -0.002 -14"><span class='ocrx_word' id='word_1_264' title='bbox 40 2942 64 2980; x_wconf 84' lang='lat' dir='ltr'><strong>li</strong></span> <span class='ocrx_word' id='word_1_265' title='bbox 81 2942 294 2994; x_wconf 81' lang='lat' dir='ltr'><strong>Georgium</strong></span> <span class='ocrx_word' id='word_1_266' title='bbox 313 2944 648 2994; x_wconf 83' lang='lat' dir='ltr'><strong>Chrysococcem.</strong></span> <span class='ocrx_word' id='word_1_267' title='bbox 678 2944 804 2982; x_wconf 81' lang='lat' dir='ltr'><strong>Prima</strong></span> <span class='ocrx_word' id='word_1_268' title='bbox 824 2942 874 2979; x_wconf 91' lang='lat' dir='ltr'><strong>illi</strong></span> <span class='ocrx_word' id='word_1_269' title='bbox 903 2953 1002 2980; x_wconf 79' lang='lat' dir='ltr'><strong>uxor</strong></span> 
     </span>
     <span class='ocr_line' id='line_1_46' title="bbox 37 3003 1004 3054; baseline -0.002 -12"><span class='ocrx_word' id='word_1_270' title='bbox 37 3003 266 3053; x_wconf 86' lang='lat' dir='ltr'><strong>Theodora,</strong></span> <span class='ocrx_word' id='word_1_271' title='bbox 296 3004 374 3043; x_wconf 81' lang='lat' dir='ltr'><strong>filia</strong></span> <span class='ocrx_word' id='word_1_272' title='bbox 404 3006 575 3043; x_wconf 82' lang='lat' dir='ltr'><strong>Joannis</strong></span> <span class='ocrx_word' id='word_1_273' title='bbox 605 3005 891 3054; x_wconf 62' lang='lat' dir='ltr'><strong>Chrysalorae,</strong></span> <span class='ocrx_word' id='word_1_274' title='bbox 926 3004 1004 3041; x_wconf 77' lang='lat' dir='ltr'><strong>Ma-</strong></span> 
     </span>
    </p>
   </div>
   <div class='ocr_carea' id='block_1_5' title="bbox 34 3140 1003 3376">
    <p class='ocr_par' dir='ltr' id='par_1_5' title="bbox 93 3140 695 3180">
     <span class='ocr_line' id='line_1_47' title="bbox 93 3140 695 3180; baseline -0.002 -7"><span class='ocrx_word' id='word_1_275' title='bbox 93 3141 126 3177; x_wconf 76' lang='lat' dir='ltr'><strong>a)</strong></span> <span class='ocrx_word' id='word_1_276' title='bbox 148 3141 275 3174; x_wconf 75' lang='lat' dir='ltr'><strong>Phileis.</strong></span> <span class='ocrx_word' id='word_1_277' title='bbox 303 3141 360 3174; x_wconf 88' lang='lat' dir='ltr'><strong>lib.</strong></span> <span class='ocrx_word' id='word_1_278' title='bbox 382 3143 515 3173; x_wconf 73' lang='lat' dir='ltr'><strong>xxxvt.</strong></span> <span class='ocrx_word' id='word_1_279' title='bbox 541 3142 645 3180; x_wconf 83' lang='lat' dir='ltr'><strong>Epist.</strong></span> <span class='ocrx_word' id='word_1_280' title='bbox 666 3140 695 3172; x_wconf 88' lang='lat'><strong>1.</strong></span> 
     </span>
    </p>

    <p class='ocr_par' dir='ltr' id='par_1_6' title="bbox 34 3190 1003 3281">
     <span class='ocr_line' id='line_1_48' title="bbox 93 3190 1003 3231; baseline -0.003 -7"><span class='ocrx_word' id='word_1_281' title='bbox 93 3191 130 3231; x_wconf 89' lang='lat' dir='ltr'><strong>b)</strong></span> <span class='ocrx_word' id='word_1_282' title='bbox 142 3195 180 3224; x_wconf 79' lang='lat' dir='ltr'><strong>Jo</strong></span> <span class='ocrx_word' id='word_1_283' title='bbox 193 3192 307 3223; x_wconf 83' lang='lat' dir='ltr'><strong>Breval</strong></span> <span class='ocrx_word' id='word_1_284' title='bbox 324 3214 333 3230; x_wconf 92' lang='lat'><strong>,</strong></span> <span class='ocrx_word' id='word_1_285' title='bbox 350 3192 500 3223; x_wconf 82' lang='lat' dir='ltr'><strong>remarke</strong></span> <span class='ocrx_word' id='word_1_286' title='bbox 515 3199 591 3231; x_wconf 78' lang='lat' dir='ltr'><strong>pag.</strong></span> <span class='ocrx_word' id='word_1_287' title='bbox 607 3190 768 3221; x_wconf 57' lang='lat' dir='ltr'><strong>2259..›t‹:t;1</strong></span> <span class='ocrx_word' id='word_1_288' title='bbox 788 3190 888 3222; x_wconf 77' lang='lat' dir='ltr'><strong>Erud.</strong></span> <span class='ocrx_word' id='word_1_289' title='bbox 910 3190 1003 3221; x_wconf 68' lang='lat'><strong>1727.</strong></span> 
     </span>
     <span class='ocr_line' id='line_1_49' title="bbox 34 3240 205 3281; baseline 0 -8"><span class='ocrx_word' id='word_1_290' title='bbox 34 3248 109 3281; x_wconf 77' lang='lat' dir='ltr'><strong>pag.</strong></span> <span class='ocrx_word' id='word_1_291' title='bbox 134 3240 205 3273; x_wconf 83' lang='lat'><strong>101.</strong></span> 
     </span>
    </p>

    <p class='ocr_par' dir='ltr' id='par_1_7' title="bbox 94 3287 668 3328">
     <span class='ocr_line' id='line_1_50' title="bbox 94 3287 668 3328; baseline -0.007 -6"><span class='ocrx_word' id='word_1_292' title='bbox 94 3289 127 3328; x_wconf 82' lang='lat' dir='ltr'><strong>c)</strong></span> <span class='ocrx_word' id='word_1_293' title='bbox 150 3289 279 3322; x_wconf 73' lang='lat' dir='ltr'><strong>Phileis.</strong></span> <span class='ocrx_word' id='word_1_294' title='bbox 298 3289 358 3321; x_wconf 80' lang='lat' dir='ltr'><strong>lib.</strong></span> <span class='ocrx_word' id='word_1_295' title='bbox 380 3290 486 3320; x_wconf 71' lang='lat' dir='ltr'><strong>XXVl.</strong></span> <span class='ocrx_word' id='word_1_296' title='bbox 506 3288 610 3327; x_wconf 79' lang='lat' dir='ltr'><strong>Epist.</strong></span> <span class='ocrx_word' id='word_1_297' title='bbox 634 3287 668 3318; x_wconf 89' lang='grc'><strong>1.</strong></span> 
     </span>
    </p>

    <p class='ocr_par' dir='ltr' id='par_1_8' title="bbox 94 3337 999 3376">
     <span class='ocr_line' id='line_1_51' title="bbox 94 3337 999 3376; baseline -0.001 -7"><span class='ocrx_word' id='word_1_298' title='bbox 94 3339 128 3375; x_wconf 70' lang='lat' dir='ltr'><strong>‹ij›</strong></span> <span class='ocrx_word' id='word_1_299' title='bbox 153 3341 302 3371; x_wconf 78' lang='lat' dir='ltr'><strong>niarium</strong></span> <span class='ocrx_word' id='word_1_300' title='bbox 319 3337 527 3371; x_wconf 82' lang='lat' dir='ltr'><strong>eruditorum</strong></span> <span class='ocrx_word' id='word_1_301' title='bbox 555 3337 665 3368; x_wconf 80' lang='lat' dir='ltr'><strong>ltaliae</strong></span> <span class='ocrx_word' id='word_1_302' title='bbox 690 3342 769 3369; x_wconf 80' lang='lat' dir='ltr'><strong>loni.</strong></span> <span class='ocrx_word' id='word_1_303' title='bbox 795 3337 839 3367; x_wconf 89' lang='lat' dir='ltr'><strong>li.</strong></span> <span class='ocrx_word' id='word_1_304' title='bbox 868 3347 898 3376; x_wconf 78' lang='lat' dir='ltr'><strong>p.</strong></span> <span class='ocrx_word' id='word_1_305' title='bbox 926 3337 999 3368; x_wconf 68' lang='grc'><strong>347.</strong></span> 
     </span>
    </p>
   </div>
   <div class='ocr_carea' id='block_1_6' title="bbox 1077 221 2063 3043">
    <p class='ocr_par' dir='ltr' id='par_1_9' title="bbox 1077 221 2063 3043">
     <span class='ocr_line' id='line_1_52' title="bbox 1988 221 2063 259; baseline 0.013 -1"><span class='ocrx_word' id='word_1_306' title='bbox 1988 221 2063 259; x_wconf 68' lang='lat'><strong>273</strong></span> 
     </span>
     <span class='ocr_line' id='line_1_53' title="bbox 1099 280 2059 339; baseline 0.011 -23"><span class='ocrx_word' id='word_1_307' title='bbox 1099 280 1228 318; x_wconf 86' lang='lat' dir='ltr'><strong>nuelis</strong></span> <span class='ocrx_word' id='word_1_308' title='bbox 1258 281 1521 331; x_wconf 73' lang='lat' dir='ltr'><strong>Chrysalorae</strong></span> <span class='ocrx_word' id='word_1_309' title='bbox 1554 284 1696 334; x_wconf 84' lang='lat' dir='ltr'><strong>neptis.</strong></span> <span class='ocrx_word' id='word_1_310' title='bbox 1717 284 1817 325; x_wconf 88' lang='lat' dir='ltr'><strong>Cum</strong></span> <span class='ocrx_word' id='word_1_311' title='bbox 1843 288 2059 339; x_wconf 78' lang='lat' dir='ltr'><strong>elegantio-</strong></span> 
     </span>
     <span class='ocr_line' id='line_1_54' title="bbox 1099 342 2056 400; baseline 0.013 -22"><span class='ocrx_word' id='word_1_312' title='bbox 1099 352 1163 379; x_wconf 85' lang='lat' dir='ltr'><strong>res</strong></span> <span class='ocrx_word' id='word_1_313' title='bbox 1197 342 1348 381; x_wconf 84' lang='lat' dir='ltr'><strong>iitteras</strong></span> <span class='ocrx_word' id='word_1_314' title='bbox 1368 343 1573 382; x_wconf 77' lang='lat' dir='ltr'><strong>docuisset</strong></span> <span class='ocrx_word' id='word_1_315' title='bbox 1597 345 1633 396; x_wconf 82' lang='lat' dir='ltr'><strong>c)</strong></span> <span class='ocrx_word' id='word_1_316' title='bbox 1662 348 1878 397; x_wconf 84' lang='lat' dir='ltr'><strong>Bononiae,</strong></span> <span class='ocrx_word' id='word_1_317' title='bbox 1896 351 2056 400; x_wconf 86' lang='lat' dir='ltr'><strong>Romae,</strong></span> 
     </span>
     <span class='ocr_line' id='line_1_55' title="bbox 1097 403 2061 463; baseline 0.009 -21"><span class='ocrx_word' id='word_1_318' title='bbox 1097 403 1324 453; x_wconf 82' lang='lat' dir='ltr'><strong>Mediolani,</strong></span> <span class='ocrx_word' id='word_1_319' title='bbox 1356 405 1594 455; x_wconf 83' lang='lat' dir='ltr'><strong>Florentiae,</strong></span> <span class='ocrx_word' id='word_1_320' title='bbox 1622 409 1770 447; x_wconf 87' lang='lat' dir='ltr'><strong>Patavii</strong></span> <span class='ocrx_word' id='word_1_321' title='bbox 1789 415 1830 448; x_wconf 84' lang='lat' dir='ltr'><strong>et</strong></span> <span class='ocrx_word' id='word_1_322' title='bbox 1846 413 2031 451; x_wconf 83' lang='lat' dir='ltr'><strong>Mantuae</strong></span> <span class='ocrx_word' id='word_1_323' title='bbox 2052 445 2061 463; x_wconf 84' lang='lat'><strong>,</strong></span> 
     </span>
     <span class='ocr_line' id='line_1_56' title="bbox 1096 464 2060 516; baseline 0.013 -15"><span class='ocrx_word' id='word_1_324' title='bbox 1096 464 1268 516; x_wconf 79' lang='lat' dir='ltr'><strong>denique</strong></span> <span class='ocrx_word' id='word_1_325' title='bbox 1300 466 1421 504; x_wconf 88' lang='lat' dir='ltr'><strong>rebus</strong></span> <span class='ocrx_word' id='word_1_326' title='bbox 1451 467 1638 507; x_wconf 85' lang='lat' dir='ltr'><strong>humanis</strong></span> <span class='ocrx_word' id='word_1_327' title='bbox 1668 471 1861 510; x_wconf 83' lang='lat' dir='ltr'><strong>valedixit</strong></span> <span class='ocrx_word' id='word_1_328' title='bbox 1901 474 2060 514; x_wconf 83' lang='lat' dir='ltr'><strong>Floren-</strong></span> 
     </span>
     <span class='ocr_line' id='line_1_57' title="bbox 1095 527 2060 581; baseline 0.012 -18"><span class='ocrx_word' id='word_1_329' title='bbox 1095 527 1172 564; x_wconf 86' lang='lat' dir='ltr'><strong>tiae</strong></span> <span class='ocrx_word' id='word_1_330' title='bbox 1203 527 1302 577; x_wconf 88' lang='lat' dir='ltr'><strong>prid.</strong></span> <span class='ocrx_word' id='word_1_331' title='bbox 1336 529 1418 566; x_wconf 83' lang='lat' dir='ltr'><strong>Kal.</strong></span> <span class='ocrx_word' id='word_1_332' title='bbox 1459 529 1628 581; x_wconf 78' lang='lat' dir='ltr'><strong>August,</strong></span> <span class='ocrx_word' id='word_1_333' title='bbox 1662 533 1776 572; x_wconf 67' lang='lat' dir='ltr'><strong>Anno</strong></span> <span class='ocrx_word' id='word_1_334' title='bbox 1821 536 1936 574; x_wconf 71' lang='lat'><strong>4480.</strong></span> <span class='ocrx_word' id='word_1_335' title='bbox 1982 542 2060 575; x_wconf 89' lang='lat' dir='ltr'><strong>act.</strong></span> 
     </span>
     <span class='ocr_line' id='line_1_58' title="bbox 1094 588 2058 648; baseline 0.012 -23"><span class='ocrx_word' id='word_1_336' title='bbox 1094 588 1144 625; x_wconf 71' lang='lat'><strong>82</strong></span> <span class='ocrx_word' id='word_1_337' title='bbox 1174 589 1210 636; x_wconf 83' lang='lat' dir='ltr'><strong>d)</strong></span> <span class='ocrx_word' id='word_1_338' title='bbox 1242 591 1453 639; x_wconf 77' lang='lat' dir='ltr'><strong>Dignitatis</strong></span> <span class='ocrx_word' id='word_1_339' title='bbox 1487 593 1669 631; x_wconf 84' lang='lat' dir='ltr'><strong>militaris</strong></span> <span class='ocrx_word' id='word_1_340' title='bbox 1696 596 1918 646; x_wconf 82' lang='lat' dir='ltr'><strong>insignibus</strong></span> <span class='ocrx_word' id='word_1_341' title='bbox 1940 600 2058 648; x_wconf 69' lang='lat' dir='ltr'><strong>regiis</strong></span> 
     </span>
     <span class='ocr_line' id='line_1_59' title="bbox 1093 650 2059 709; baseline 0.012 -22"><span class='ocrx_word' id='word_1_342' title='bbox 1093 654 1133 687; x_wconf 86' lang='lat' dir='ltr'><strong>et</strong></span> <span class='ocrx_word' id='word_1_343' title='bbox 1156 650 1289 689; x_wconf 82' lang='lat' dir='ltr'><strong>laurea</strong></span> <span class='ocrx_word' id='word_1_344' title='bbox 1321 653 1470 701; x_wconf 80' lang='lat' dir='ltr'><strong>poetica</strong></span> <span class='ocrx_word' id='word_1_345' title='bbox 1504 654 1675 694; x_wconf 83' lang='lat' dir='ltr'><strong>donatus</strong></span> <span class='ocrx_word' id='word_1_346' title='bbox 1705 663 1767 695; x_wconf 82' lang='lat' dir='ltr'><strong>est</strong></span> <span class='ocrx_word' id='word_1_347' title='bbox 1798 660 1819 696; x_wconf 69' lang='lat'><strong>31</strong></span> <span class='ocrx_word' id='word_1_348' title='bbox 1841 660 1944 709; x_wconf 78' lang='lat' dir='ltr'><strong>Rege</strong></span> <span class='ocrx_word' id='word_1_349' title='bbox 1962 661 2059 699; x_wconf 86' lang='lat' dir='ltr'><strong>Nea-</strong></span> 
     </span>
     <span class='ocr_line' id='line_1_60' title="bbox 1093 712 2058 771; baseline 0.012 -23"><span class='ocrx_word' id='word_1_350' title='bbox 1093 712 1267 760; x_wconf 88' lang='lat' dir='ltr'><strong>politano</strong></span> <span class='ocrx_word' id='word_1_351' title='bbox 1298 713 1503 762; x_wconf 83' lang='lat' dir='ltr'><strong>Alphonso</strong></span> <span class='ocrx_word' id='word_1_352' title='bbox 1534 715 1606 753; x_wconf 82' lang='lat' dir='ltr'><strong>An.</strong></span> <span class='ocrx_word' id='word_1_353' title='bbox 1636 718 1750 757; x_wconf 73' lang='lat' dir='ltr'><strong>lt5t.</strong></span> <span class='ocrx_word' id='word_1_354' title='bbox 1784 720 1964 771; x_wconf 77' lang='lat' dir='ltr'><strong>Quinque</strong></span> <span class='ocrx_word' id='word_1_355' title='bbox 1979 733 2058 759; x_wconf 88' lang='lat' dir='ltr'><strong>om-</strong></span> 
     </span>
     <span class='ocr_line' id='line_1_61' title="bbox 1094 773 2059 830; baseline 0.016 -22"><span class='ocrx_word' id='word_1_356' title='bbox 1094 773 1198 820; x_wconf 76' lang='lat' dir='ltr'><strong>m&#39;no,</strong></span> <span class='ocrx_word' id='word_1_357' title='bbox 1231 775 1358 824; x_wconf 85' lang='lat' dir='ltr'><strong>inquit</strong></span> <span class='ocrx_word' id='word_1_358' title='bbox 1388 779 1421 823; x_wconf 79' lang='lat' dir='ltr'><strong>e)</strong></span> <span class='ocrx_word' id='word_1_359' title='bbox 1448 781 1613 815; x_wconf 72' lang='lat' dir='ltr'><strong>exstant</strong></span> <span class='ocrx_word' id='word_1_360' title='bbox 1626 791 1748 830; x_wconf 79' lang='lat' dir='ltr'><strong>opera</strong></span> <span class='ocrx_word' id='word_1_361' title='bbox 1771 793 1855 819; x_wconf 83' lang='lat' dir='ltr'><strong>mea</strong></span> <span class='ocrx_word' id='word_1_362' title='bbox 1871 783 2059 823; x_wconf 68' lang='lat' dir='ltr'><strong>versibus</strong></span> 
     </span>
     <span class='ocr_line' id='line_1_62' title="bbox 1093 833 2058 886; baseline 0.017 -15"><span class='ocrx_word' id='word_1_363' title='bbox 1093 833 1332 874; x_wconf 78' lang='lat' dir='ltr'><strong>elucubrata</strong></span> <span class='ocrx_word' id='word_1_364' title='bbox 1350 867 1358 881; x_wconf 79' lang='lat'><strong>,</strong></span> <span class='ocrx_word' id='word_1_365' title='bbox 1390 839 1628 886; x_wconf 72' lang='lat' dir='ltr'><strong>satirarum,</strong></span> <span class='ocrx_word' id='word_1_366' title='bbox 1669 840 1767 879; x_wconf 69' lang='lat' dir='ltr'><strong>libre?</strong></span> <span class='ocrx_word' id='word_1_367' title='bbox 1794 844 1832 881; x_wconf 83' lang='grc' dir='ltr'><strong>Χ.</strong></span> <span class='ocrx_word' id='word_1_368' title='bbox 1873 845 2058 886; x_wconf 75' lang='lat' dir='ltr'><strong>versibus</strong></span> 
     </span>
     <span class='ocr_line' id='line_1_63' title="bbox 1099 897 2054 948; baseline 0.015 -14"><span class='ocrx_word' id='word_1_369' title='bbox 1099 897 1243 936; x_wconf 85' lang='grc'><strong>40000.</strong></span> <span class='ocrx_word' id='word_1_370' title='bbox 1275 900 1507 939; x_wconf 83' lang='lat' dir='ltr'><strong>Carminum</strong></span> <span class='ocrx_word' id='word_1_371' title='bbox 1541 900 1637 941; x_wconf 66' lang='lat' dir='ltr'><strong>libra·</strong></span> <span class='ocrx_word' id='word_1_372' title='bbox 1667 905 1702 941; x_wconf 91' lang='lat' dir='ltr'><strong>V.</strong></span> <span class='ocrx_word' id='word_1_373' title='bbox 1730 905 1914 945; x_wconf 74' lang='lat' dir='ltr'><strong>versibus</strong></span> <span class='ocrx_word' id='word_1_374' title='bbox 1939 909 2054 948; x_wconf 61' lang='grc'><strong>5000.</strong></span> 
     </span>
     <span class='ocr_line' id='line_1_64' title="bbox 1096 957 2057 1017; baseline 0.012 -21"><span class='ocrx_word' id='word_1_375' title='bbox 1096 957 1229 997; x_wconf 75' lang='lat' dir='ltr'><strong>Alteri</strong></span> <span class='ocrx_word' id='word_1_376' title='bbox 1247 958 1344 999; x_wconf 72' lang='lat' dir='ltr'><strong>libri</strong></span> <span class='ocrx_word' id='word_1_377' title='bbox 1362 973 1518 1013; x_wconf 83' lang='lat' dir='ltr'><strong>quoque</strong></span> <span class='ocrx_word' id='word_1_378' title='bbox 1537 966 1687 1014; x_wconf 75' lang='lat' dir='ltr'><strong>parlim</strong></span> <span class='ocrx_word' id='word_1_379' title='bbox 1712 967 1855 1017; x_wconf 73' lang='lat' dir='ltr'><strong>scripti</strong></span> <span class='ocrx_word' id='word_1_380' title='bbox 1876 974 1968 1006; x_wconf 81' lang='lat' dir='ltr'><strong>sunt</strong></span> <span class='ocrx_word' id='word_1_381' title='bbox 1983 983 2057 1008; x_wconf 78' lang='lat' dir='ltr'><strong>non</strong></span> 
     </span>
     <span class='ocr_line' id='line_1_65' title="bbox 1095 1017 2057 1078; baseline 0.014 -23"><span class='ocrx_word' id='word_1_382' title='bbox 1095 1017 1207 1066; x_wconf 67' lang='lat' dir='ltr'><strong>editi,</strong></span> <span class='ocrx_word' id='word_1_383' title='bbox 1223 1021 1374 1070; x_wconf 78' lang='lat' dir='ltr'><strong>parlim</strong></span> <span class='ocrx_word' id='word_1_384' title='bbox 1400 1034 1446 1060; x_wconf 77' lang='lat' dir='ltr'><strong>ue</strong></span> <span class='ocrx_word' id='word_1_385' title='bbox 1465 1023 1606 1075; x_wconf 75' lang='lat' dir='ltr'><strong>scrsplc‘</strong></span> <span class='ocrx_word' id='word_1_386' title='bbox 1627 1025 1799 1075; x_wconf 75' lang='lat' dir='ltr'><strong>quidem.</strong></span> <span class='ocrx_word' id='word_1_387' title='bbox 1822 1030 1928 1078; x_wconf 81' lang='lat' dir='ltr'><strong>Opus</strong></span> <span class='ocrx_word' id='word_1_388' title='bbox 1953 1031 2057 1068; x_wconf 59' lang='lat' dir='ltr'><strong>ssor-</strong></span> 
     </span>
     <span class='ocr_line' id='line_1_66' title="bbox 1095 1081 2056 1130; baseline 0.014 -14"><span class='ocrx_word' id='word_1_389' title='bbox 1095 1081 1221 1119; x_wconf 84' lang='lat' dir='ltr'><strong>tiados</strong></span> <span class='ocrx_word' id='word_1_390' title='bbox 1252 1083 1276 1130; x_wconf 74' lang='lat' dir='ltr'><strong>f)</strong></span> <span class='ocrx_word' id='word_1_391' title='bbox 1307 1082 1421 1123; x_wconf 71' lang='lat' dir='ltr'><strong>libris</strong></span> <span class='ocrx_word' id='word_1_392' title='bbox 1468 1085 1570 1122; x_wconf 81' lang='lat' dir='ltr'><strong>VIII.</strong></span> <span class='ocrx_word' id='word_1_393' title='bbox 1609 1085 1794 1126; x_wconf 73' lang='lat' dir='ltr'><strong>versibus</strong></span> <span class='ocrx_word' id='word_1_394' title='bbox 1838 1091 1953 1128; x_wconf 68' lang='grc'><strong>6400.</strong></span> <span class='ocrx_word' id='word_1_395' title='bbox 2005 1096 2056 1129; x_wconf 71' lang='lat' dir='ltr'><strong>ile</strong></span> 
     </span>
     <span class='ocr_line' id='line_1_67' title="bbox 1092 1141 2054 1202; baseline 0.016 -25"><span class='ocrx_word' id='word_1_396' title='bbox 1092 1141 1196 1180; x_wconf 71' lang='lat' dir='ltr'><strong>locis</strong></span> <span class='ocrx_word' id='word_1_397' title='bbox 1225 1148 1265 1181; x_wconf 87' lang='lat' dir='ltr'><strong>et</strong></span> <span class='ocrx_word' id='word_1_398' title='bbox 1308 1147 1422 1183; x_wconf 87' lang='lat' dir='ltr'><strong>seriis</strong></span> <span class='ocrx_word' id='word_1_399' title='bbox 1466 1145 1558 1185; x_wconf 70' lang='lat' dir='ltr'><strong>le&#39;hrz</strong></span> <span class='ocrx_word' id='word_1_400' title='bbox 1596 1149 1635 1186; x_wconf 83' lang='grc' dir='ltr'><strong>Χ.</strong></span> <span class='ocrx_word' id='word_1_401' title='bbox 1681 1150 2054 1202; x_wconf 81' lang='lat' dir='ltr'><strong>Epigrainmatuni,</strong></span> 
     </span>
     <span class='ocr_line' id='line_1_68' title="bbox 1093 1203 2057 1262; baseline 0.012 -22"><span class='ocrx_word' id='word_1_402' title='bbox 1093 1203 1278 1243; x_wconf 78' lang='lat' dir='ltr'><strong>versibus</strong></span> <span class='ocrx_word' id='word_1_403' title='bbox 1309 1207 1450 1244; x_wconf 91' lang='grc'><strong>40000.</strong></span> <span class='ocrx_word' id='word_1_404' title='bbox 1484 1209 1671 1258; x_wconf 78' lang='lat' dir='ltr'><strong>Quintum</strong></span> <span class='ocrx_word' id='word_1_405' title='bbox 1701 1222 1798 1262; x_wconf 79' lang='lat' dir='ltr'><strong>opus</strong></span> <span class='ocrx_word' id='word_1_406' title='bbox 1822 1216 1943 1251; x_wconf 78' lang='lat' dir='ltr'><strong>totum</strong></span> <span class='ocrx_word' id='word_1_407' title='bbox 1969 1227 2057 1253; x_wconf 84' lang='lat' dir='ltr'><strong>ver-</strong></span> 
     </span>
     <span class='ocr_line' id='line_1_69' title="bbox 1095 1266 2055 1319; baseline 0.014 -17"><span class='ocrx_word' id='word_1_408' title='bbox 1095 1266 1205 1304; x_wconf 89' lang='lat' dir='ltr'><strong>sibus</strong></span> <span class='ocrx_word' id='word_1_409' title='bbox 1236 1268 1400 1305; x_wconf 82' lang='lat' dir='ltr'><strong>Graecis</strong></span> <span class='ocrx_word' id='word_1_410' title='bbox 1424 1270 1458 1319; x_wconf 64' lang='lat' dir='ltr'><strong>g)</strong></span> <span class='ocrx_word' id='word_1_411' title='bbox 1485 1275 1644 1317; x_wconf 70' lang='lat' dir='ltr'><strong>commi,</strong></span> <span class='ocrx_word' id='word_1_412' title='bbox 1673 1271 1854 1312; x_wconf 74' lang='lat' dir='ltr'><strong>librz&#39;lll.</strong></span> <span class='ocrx_word' id='word_1_413' title='bbox 1874 1275 2055 1315; x_wconf 75' lang='lat' dir='ltr'><strong>versibus</strong></span> 
     </span>
     <span class='ocr_line' id='line_1_70' title="bbox 1094 1327 2053 1385; baseline 0.01 -22"><span class='ocrx_word' id='word_1_414' title='bbox 1094 1327 1211 1365; x_wconf 82' lang='grc'><strong>2100.</strong></span> <span class='ocrx_word' id='word_1_415' title='bbox 1244 1329 1313 1366; x_wconf 89' lang='lat' dir='ltr'><strong>His</strong></span> <span class='ocrx_word' id='word_1_416' title='bbox 1349 1329 1559 1370; x_wconf 85' lang='lat' dir='ltr'><strong>addendus</strong></span> <span class='ocrx_word' id='word_1_417' title='bbox 1597 1334 1685 1383; x_wconf 75' lang='lat' dir='ltr'><strong>ejus</strong></span> <span class='ocrx_word' id='word_1_418' title='bbox 1723 1335 1937 1385; x_wconf 66' lang='lat' dir='ltr'><strong>Nicolaus,</strong></span> <span class='ocrx_word' id='word_1_419' title='bbox 1969 1340 2053 1375; x_wconf 76' lang='lat' dir='ltr'><strong>sive</strong></span> 
     </span>
     <span class='ocr_line' id='line_1_71' title="bbox 1095 1387 2054 1446; baseline 0.014 -22"><span class='ocrx_word' id='word_1_420' title='bbox 1095 1387 1181 1424; x_wconf 88' lang='lat' dir='ltr'><strong>libri</strong></span> <span class='ocrx_word' id='word_1_421' title='bbox 1209 1387 1287 1427; x_wconf 90' lang='lat' dir='ltr'><strong>duo</strong></span> <span class='ocrx_word' id='word_1_422' title='bbox 1311 1392 1490 1429; x_wconf 84' lang='lat' dir='ltr'><strong>carmine</strong></span> <span class='ocrx_word' id='word_1_423' title='bbox 1516 1394 1711 1444; x_wconf 83' lang='lat' dir='ltr'><strong>Sapphico</strong></span> <span class='ocrx_word' id='word_1_424' title='bbox 1735 1402 1854 1446; x_wconf 84' lang='lat' dir='ltr'><strong>atque</strong></span> <span class='ocrx_word' id='word_1_425' title='bbox 1881 1399 2054 1437; x_wconf 83' lang='lat' dir='ltr'><strong>Adonico</strong></span> 
     </span>
     <span class='ocr_line' id='line_1_72' title="bbox 1093 1448 2053 1508; baseline 0.014 -23"><span class='ocrx_word' id='word_1_426' title='bbox 1093 1448 1141 1486; x_wconf 85' lang='lat' dir='ltr'><strong>de</strong></span> <span class='ocrx_word' id='word_1_427' title='bbox 1173 1451 1253 1488; x_wconf 88' lang='lat' dir='ltr'><strong>vita</strong></span> <span class='ocrx_word' id='word_1_428' title='bbox 1284 1455 1324 1489; x_wconf 87' lang='lat' dir='ltr'><strong>et</strong></span> <span class='ocrx_word' id='word_1_429' title='bbox 1355 1452 1539 1493; x_wconf 85' lang='lat' dir='ltr'><strong>laudibus</strong></span> <span class='ocrx_word' id='word_1_430' title='bbox 1570 1457 1715 1495; x_wconf 67' lang='lat' dir='ltr'><strong>Mcolat</strong></span> <span class='ocrx_word' id='word_1_431' title='bbox 1748 1459 1790 1495; x_wconf 88' lang='lat' dir='ltr'><strong>V.</strong></span> <span class='ocrx_word' id='word_1_432' title='bbox 1820 1461 2053 1508; x_wconf 75' lang='lat' dir='ltr'><strong>l’ontilicis‚</strong></span> 
     </span>
     <span class='ocr_line' id='line_1_73' title="bbox 1092 1511 2055 1567; baseline 0.013 -19"><span class='ocrx_word' id='word_1_433' title='bbox 1092 1511 1197 1560; x_wconf 90' lang='lat' dir='ltr'><strong>apud</strong></span> <span class='ocrx_word' id='word_1_434' title='bbox 1227 1524 1346 1562; x_wconf 87' lang='lat' dir='ltr'><strong>quem</strong></span> <span class='ocrx_word' id='word_1_435' title='bbox 1380 1515 1497 1554; x_wconf 83' lang='lat' dir='ltr'><strong>valde</strong></span> <span class='ocrx_word' id='word_1_436' title='bbox 1527 1519 1743 1567; x_wconf 83' lang='lat' dir='ltr'><strong>gratiosum</strong></span> <span class='ocrx_word' id='word_1_437' title='bbox 1777 1530 1818 1557; x_wconf 87' lang='lat' dir='ltr'><strong>se</strong></span> <span class='ocrx_word' id='word_1_438' title='bbox 1833 1522 1954 1559; x_wconf 81' lang='lat' dir='ltr'><strong>fuisse</strong></span> <span class='ocrx_word' id='word_1_439' title='bbox 1977 1527 2055 1560; x_wconf 83' lang='lat' dir='ltr'><strong>tes-</strong></span> 
     </span>
     <span class='ocr_line' id='line_1_74' title="bbox 1093 1576 2053 1632; baseline 0.011 -22"><span class='ocrx_word' id='word_1_440' title='bbox 1093 1577 1225 1621; x_wconf 86' lang='lat' dir='ltr'><strong>tatur,</strong></span> <span class='ocrx_word' id='word_1_441' title='bbox 1255 1576 1468 1616; x_wconf 86' lang='lat' dir='ltr'><strong>invitatum</strong></span> <span class='ocrx_word' id='word_1_442' title='bbox 1497 1579 1615 1617; x_wconf 83' lang='lat' dir='ltr'><strong>etiam</strong></span> <span class='ocrx_word' id='word_1_443' title='bbox 1634 1581 1763 1631; x_wconf 87' lang='lat' dir='ltr'><strong>amplo</strong></span> <span class='ocrx_word' id='word_1_444' title='bbox 1784 1583 1982 1632; x_wconf 74' lang='lat' dir='ltr'><strong>stipendio</strong></span> <span class='ocrx_word' id='word_1_445' title='bbox 2007 1584 2053 1621; x_wconf 82' lang='lat' dir='ltr'><strong>ad</strong></span> 
     </span>
     <span class='ocr_line' id='line_1_75' title="bbox 1098 1635 2058 1683; baseline 0.011 -11"><span class='ocrx_word' id='word_1_446' title='bbox 1098 1635 1314 1674; x_wconf 83' lang='lat' dir='ltr'><strong>Homerum</strong></span> <span class='ocrx_word' id='word_1_447' title='bbox 1347 1639 1498 1678; x_wconf 88' lang='lat' dir='ltr'><strong>Latinis</strong></span> <span class='ocrx_word' id='word_1_448' title='bbox 1529 1639 1759 1681; x_wconf 85' lang='lat' dir='ltr'><strong>donandum</strong></span> <span class='ocrx_word' id='word_1_449' title='bbox 1792 1644 1971 1683; x_wconf 85' lang='lat' dir='ltr'><strong>auribus.</strong></span> <span class='ocrx_word' id='word_1_450' title='bbox 1998 1646 2058 1683; x_wconf 75' lang='lat' dir='ltr'><strong>Vi-</strong></span> 
     </span>
     <span class='ocr_line' id='line_1_76' title="bbox 1094 1696 2054 1748; baseline 0.011 -14"><span class='ocrx_word' id='word_1_451' title='bbox 1094 1696 1143 1735; x_wconf 92' lang='lat' dir='ltr'><strong>de</strong></span> <span class='ocrx_word' id='word_1_452' title='bbox 1168 1698 1296 1748; x_wconf 88' lang='lat' dir='ltr'><strong>Epist.</strong></span> <span class='ocrx_word' id='word_1_453' title='bbox 1327 1701 1470 1740; x_wconf 89' lang='lat' dir='ltr'><strong>XXVl.</strong></span> <span class='ocrx_word' id='word_1_454' title='bbox 1504 1705 1538 1742; x_wconf 92' lang='grc'><strong>4.</strong></span> <span class='ocrx_word' id='word_1_455' title='bbox 1570 1707 1610 1741; x_wconf 87' lang='lat' dir='ltr'><strong>et</strong></span> <span class='ocrx_word' id='word_1_456' title='bbox 1636 1705 1778 1742; x_wconf 86' lang='lat' dir='ltr'><strong>XXIV.</strong></span> <span class='ocrx_word' id='word_1_457' title='bbox 1805 1707 1839 1743; x_wconf 79' lang='lat'><strong>5.</strong></span> <span class='ocrx_word' id='word_1_458' title='bbox 1868 1706 1981 1745; x_wconf 78' lang='lat' dir='ltr'><strong>Plura</strong></span> <span class='ocrx_word' id='word_1_459' title='bbox 2006 1708 2054 1744; x_wconf 82' lang='lat' dir='ltr'><strong>de</strong></span> 
     </span>
     <span class='ocr_line' id='line_1_77' title="bbox 1094 1761 2054 1817; baseline 0.011 -21"><span class='ocrx_word' id='word_1_460' title='bbox 1094 1770 1136 1797; x_wconf 89' lang='lat' dir='ltr'><strong>se</strong></span> <span class='ocrx_word' id='word_1_461' title='bbox 1163 1761 1246 1810; x_wconf 86' lang='lat' dir='ltr'><strong>ipse</strong></span> <span class='ocrx_word' id='word_1_462' title='bbox 1276 1763 1365 1801; x_wconf 89' lang='lat' dir='ltr'><strong>XX.</strong></span> <span class='ocrx_word' id='word_1_463' title='bbox 1396 1763 1460 1801; x_wconf 78' lang='lat'><strong>27.</strong></span> <span class='ocrx_word' id='word_1_464' title='bbox 1494 1765 1620 1816; x_wconf 85' lang='lat' dir='ltr'><strong>Epist.</strong></span> <span class='ocrx_word' id='word_1_465' title='bbox 1653 1770 1693 1803; x_wconf 84' lang='lat' dir='ltr'><strong>et</strong></span> <span class='ocrx_word' id='word_1_466' title='bbox 1737 1766 1786 1804; x_wconf 88' lang='lat' dir='ltr'><strong>de</strong></span> <span class='ocrx_word' id='word_1_467' title='bbox 1825 1768 1934 1817; x_wconf 61' lang='lat' dir='ltr'><strong>stylo</strong></span> <span class='ocrx_word' id='word_1_468' title='bbox 1983 1781 2054 1807; x_wconf 84' lang='lat' dir='ltr'><strong>suo</strong></span> 
     </span>
     <span class='ocr_line' id='line_1_78' title="bbox 1094 1823 2053 1879; baseline 0.005 -19"><span class='ocrx_word' id='word_1_469' title='bbox 1094 1823 1220 1860; x_wconf 79' lang='lat' dir='ltr'><strong>XXII.</strong></span> <span class='ocrx_word' id='word_1_470' title='bbox 1255 1824 1303 1862; x_wconf 89' lang='grc'><strong>48</strong></span> <span class='ocrx_word' id='word_1_471' title='bbox 1343 1825 1509 1864; x_wconf 81' lang='lat' dir='ltr'><strong>Caetera</strong></span> <span class='ocrx_word' id='word_1_472' title='bbox 1552 1826 1641 1877; x_wconf 86' lang='lat' dir='ltr'><strong>ejus</strong></span> <span class='ocrx_word' id='word_1_473' title='bbox 1686 1829 1834 1879; x_wconf 85' lang='lat' dir='ltr'><strong>scripta</strong></span> <span class='ocrx_word' id='word_1_474' title='bbox 1878 1832 2053 1879; x_wconf 81' lang='lat' dir='ltr'><strong>prosario</strong></span> 
     </span>
     <span class='ocr_line' id='line_1_79' title="bbox 1091 1887 2053 1943; baseline 0.009 -22"><span class='ocrx_word' id='word_1_475' title='bbox 1091 1895 1304 1932; x_wconf 79' lang='lat' dir='ltr'><strong>sermone,</strong></span> <span class='ocrx_word' id='word_1_476' title='bbox 1332 1887 1396 1925; x_wconf 87' lang='lat' dir='ltr'><strong>vel</strong></span> <span class='ocrx_word' id='word_1_477' title='bbox 1428 1888 1578 1927; x_wconf 84' lang='lat' dir='ltr'><strong>Graeco</strong></span> <span class='ocrx_word' id='word_1_478' title='bbox 1607 1901 1724 1927; x_wconf 85' lang='lat' dir='ltr'><strong>versa</strong></span> <span class='ocrx_word' id='word_1_479' title='bbox 1757 1896 1876 1936; x_wconf 85' lang='lat' dir='ltr'><strong>sunt,</strong></span> <span class='ocrx_word' id='word_1_480' title='bbox 1908 1897 1951 1930; x_wconf 89' lang='lat' dir='ltr'><strong>ut</strong></span> <span class='ocrx_word' id='word_1_481' title='bbox 1981 1893 2053 1943; x_wconf 71' lang='lat' dir='ltr'><strong>Ly-</strong></span> 
     </span>
     <span class='ocr_line' id='line_1_80' title="bbox 1092 1945 2053 2005; baseline 0.009 -22"><span class='ocrx_word' id='word_1_482' title='bbox 1092 1945 1177 1984; x_wconf 77' lang='lat' dir='ltr'><strong>siae</strong></span> <span class='ocrx_word' id='word_1_483' title='bbox 1194 1947 1393 1997; x_wconf 76' lang='lat' dir='ltr'><strong>Oratoris‚</strong></span> <span class='ocrx_word' id='word_1_484' title='bbox 1410 1949 1646 1999; x_wconf 58' lang='lat' dir='ltr'><strong>Aristotelis,</strong></span> <span class='ocrx_word' id='word_1_485' title='bbox 1669 1951 1938 2002; x_wconf 73' lang='lat' dir='ltr'><strong>Xenophontis,</strong></span> <span class='ocrx_word' id='word_1_486' title='bbox 1958 1954 2053 2005; x_wconf 75' lang='lat' dir='ltr'><strong>Hip-</strong></span> 
     </span>
     <span class='ocr_line' id='line_1_81' title="bbox 1086 2008 2051 2065; baseline 0.009 -20"><span class='ocrx_word' id='word_1_487' title='bbox 1086 2008 1267 2059; x_wconf 76' lang='lat' dir='ltr'><strong>pocratis</strong></span> <span class='ocrx_word' id='word_1_488' title='bbox 1297 2013 1335 2048; x_wconf 81' lang='lat' dir='ltr'><strong>et</strong></span> <span class='ocrx_word' id='word_1_489' title='bbox 1360 2009 1575 2050; x_wconf 74' lang='lat' dir='ltr'><strong>Plutarchi</strong></span> <span class='ocrx_word' id='word_1_490' title='bbox 1598 2014 1811 2058; x_wconf 83' lang='lat' dir='ltr'><strong>nonnulla,</strong></span> <span class='ocrx_word' id='word_1_491' title='bbox 1834 2014 1882 2052; x_wconf 90' lang='lat' dir='ltr'><strong>de</strong></span> <span class='ocrx_word' id='word_1_492' title='bbox 1906 2017 2051 2065; x_wconf 83' lang='lat' dir='ltr'><strong>quibus</strong></span> 
     </span>
     <span class='ocr_line' id='line_1_82' title="bbox 1092 2070 2051 2116; baseline 0.008 -10"><span class='ocrx_word' id='word_1_493' title='bbox 1092 2070 1182 2108; x_wconf 80' lang='lat' dir='ltr'><strong>vide</strong></span> <span class='ocrx_word' id='word_1_494' title='bbox 1213 2070 1394 2110; x_wconf 84' lang='lat' dir='ltr'><strong>Niceroni</strong></span> <span class='ocrx_word' id='word_1_495' title='bbox 1430 2076 1642 2113; x_wconf 84' lang='lat' dir='ltr'><strong>memorias</strong></span> <span class='ocrx_word' id='word_1_496' title='bbox 1672 2075 1720 2113; x_wconf 84' lang='lat' dir='ltr'><strong>de.</strong></span> <span class='ocrx_word' id='word_1_497' title='bbox 1745 2076 1849 2114; x_wconf 85' lang='lat' dir='ltr'><strong>Viris</strong></span> <span class='ocrx_word' id='word_1_498' title='bbox 1886 2077 2051 2116; x_wconf 81' lang='lat' dir='ltr'><strong>eruditis</strong></span> 
     </span>
     <span class='ocr_line' id='line_1_83' title="bbox 1092 2134 2055 2189; baseline 0.008 -20"><span class='ocrx_word' id='word_1_499' title='bbox 1092 2138 1186 2170; x_wconf 89' lang='lat' dir='ltr'><strong>tom.</strong></span> <span class='ocrx_word' id='word_1_500' title='bbox 1212 2134 1275 2171; x_wconf 87' lang='lat' dir='ltr'><strong>VI.</strong></span> <span class='ocrx_word' id='word_1_501' title='bbox 1307 2146 1341 2185; x_wconf 89' lang='lat' dir='ltr'><strong>p.</strong></span> <span class='ocrx_word' id='word_1_502' title='bbox 1371 2136 1422 2174; x_wconf 88' lang='lat'><strong>83</strong></span> <span class='ocrx_word' id='word_1_503' title='bbox 1467 2137 1536 2175; x_wconf 87' lang='lat' dir='ltr'><strong>Vel</strong></span> <span class='ocrx_word' id='word_1_504' title='bbox 1563 2148 1612 2175; x_wconf 79' lang='lat' dir='ltr'><strong>ex</strong></span> <span class='ocrx_word' id='word_1_505' title='bbox 1647 2139 1803 2188; x_wconf 82' lang='lat' dir='ltr'><strong>ingenio</strong></span> <span class='ocrx_word' id='word_1_506' title='bbox 1832 2139 1920 2189; x_wconf 85' lang='lat' dir='ltr'><strong>ejus</strong></span> <span class='ocrx_word' id='word_1_507' title='bbox 1949 2150 2055 2177; x_wconf 87' lang='lat' dir='ltr'><strong>com-</strong></span> 
     </span>
     <span class='ocr_line' id='line_1_84' title="bbox 1090 2196 2050 2244; baseline 0.008 -13"><span class='ocrx_word' id='word_1_508' title='bbox 1090 2196 1215 2244; x_wconf 82' lang='lat' dir='ltr'><strong>posita</strong></span> <span class='ocrx_word' id='word_1_509' title='bbox 1250 2200 1294 2233; x_wconf 91' lang='lat' dir='ltr'><strong>ut</strong></span> <span class='ocrx_word' id='word_1_510' title='bbox 1320 2196 1602 2236; x_wconf 66' lang='lat' dir='ltr'><strong>conviviorum</strong></span> <span class='ocrx_word' id='word_1_511' title='bbox 1626 2200 1708 2237; x_wconf 89' lang='lat' dir='ltr'><strong>libri</strong></span> <span class='ocrx_word' id='word_1_512' title='bbox 1736 2201 1767 2237; x_wconf 90' lang='lat' dir='ltr'><strong>ll</strong></span> <span class='ocrx_word' id='word_1_513' title='bbox 1807 2201 2050 2239; x_wconf 78' lang='lat' dir='ltr'><strong>Commenta-</strong></span> 
     </span>
     <span class='ocr_line' id='line_1_85' title="bbox 1089 2256 2045 2309; baseline 0.006 -16"><span class='ocrx_word' id='word_1_514' title='bbox 1089 2256 1239 2294; x_wconf 73' lang='lat' dir='ltr'><strong>tionum</strong></span> <span class='ocrx_word' id='word_1_515' title='bbox 1268 2257 1592 2297; x_wconf 71' lang='lat' dir='ltr'><strong>Florentium-mn</strong></span> <span class='ocrx_word' id='word_1_516' title='bbox 1624 2260 1709 2298; x_wconf 91' lang='lat' dir='ltr'><strong>libri</strong></span> <span class='ocrx_word' id='word_1_517' title='bbox 1744 2262 1806 2299; x_wconf 93' lang='grc'><strong>111.</strong></span> <span class='ocrx_word' id='word_1_518' title='bbox 1839 2262 1887 2298; x_wconf 84' lang='lat' dir='ltr'><strong>de</strong></span> <span class='ocrx_word' id='word_1_519' title='bbox 1918 2264 2045 2309; x_wconf 80' lang='lat' dir='ltr'><strong>exilio,</strong></span> 
     </span>
     <span class='ocr_line' id='line_1_86' title="bbox 1086 2318 2051 2371; baseline 0.007 -18"><span class='ocrx_word' id='word_1_520' title='bbox 1086 2318 1134 2354; x_wconf 84' lang='lat' dir='ltr'><strong>de.</strong></span> <span class='ocrx_word' id='word_1_521' title='bbox 1165 2320 1324 2358; x_wconf 85' lang='lat' dir='ltr'><strong>infamia</strong></span> <span class='ocrx_word' id='word_1_522' title='bbox 1355 2325 1394 2357; x_wconf 88' lang='lat' dir='ltr'><strong>et</strong></span> <span class='ocrx_word' id='word_1_523' title='bbox 1425 2320 1473 2358; x_wconf 83' lang='lat' dir='ltr'><strong>de</strong></span> <span class='ocrx_word' id='word_1_524' title='bbox 1514 2325 1758 2371; x_wconf 82' lang='lat' dir='ltr'><strong>paupertate.</strong></span> <span class='ocrx_word' id='word_1_525' title='bbox 1801 2323 1854 2359; x_wconf 83' lang='lat' dir='ltr'><strong>De</strong></span> <span class='ocrx_word' id='word_1_526' title='bbox 1898 2322 2051 2360; x_wconf 69' lang='lat' dir='ltr'><strong>Morale·</strong></span> 
     </span>
     <span class='ocr_line' id='line_1_87' title="bbox 1084 2379 2047 2432; baseline 0.005 -17"><span class='ocrx_word' id='word_1_527' title='bbox 1084 2379 1294 2432; x_wconf 75' lang='lat' dir='ltr'><strong>disciplina</strong></span> <span class='ocrx_word' id='word_1_528' title='bbox 1314 2381 1397 2419; x_wconf 87' lang='lat' dir='ltr'><strong>libri</strong></span> <span class='ocrx_word' id='word_1_529' title='bbox 1418 2382 1460 2419; x_wconf 90' lang='lat' dir='ltr'><strong>V.</strong></span> <span class='ocrx_word' id='word_1_530' title='bbox 1475 2381 1518 2403; x_wconf 43' lang='grc' dir='ltr'><strong>*ἓ</strong></span> <span class='ocrx_word' id='word_1_531' title='bbox 1535 2382 1674 2419; x_wconf 87' lang='lat' dir='ltr'><strong>Venct.</strong></span> <span class='ocrx_word' id='word_1_532' title='bbox 1691 2383 1923 2432; x_wconf 84' lang='lat' dir='ltr'><strong>ap.Scotum</strong></span> <span class='ocrx_word' id='word_1_533' title='bbox 1948 2384 2047 2422; x_wconf 79' lang='grc'><strong>1552</strong></span> 
     </span>
     <span class='ocr_line' id='line_1_88' title="bbox 1087 2442 2044 2493; baseline 0.004 -16"><span class='ocrx_word' id='word_1_534' title='bbox 1087 2442 1119 2478; x_wconf 64' lang='lat' dir='ltr'><strong>t.</strong></span> <span class='ocrx_word' id='word_1_535' title='bbox 1164 2442 1445 2492; x_wconf 79' lang='lat' dir='ltr'><strong>Lucchesini.)</strong></span> <span class='ocrx_word' id='word_1_536' title='bbox 1479 2444 1532 2480; x_wconf 86' lang='lat' dir='ltr'><strong>De</strong></span> <span class='ocrx_word' id='word_1_537' title='bbox 1566 2443 1649 2481; x_wconf 72' lang='lat' dir='ltr'><strong>vica</strong></span> <span class='ocrx_word' id='word_1_538' title='bbox 1692 2447 1730 2481; x_wconf 82' lang='lat' dir='ltr'><strong>el</strong></span> <span class='ocrx_word' id='word_1_539' title='bbox 1762 2442 1882 2482; x_wconf 82' lang='lat' dir='ltr'><strong>rebus</strong></span> <span class='ocrx_word' id='word_1_540' title='bbox 1922 2443 2044 2493; x_wconf 69' lang='lat' dir='ltr'><strong>yesli&#39;s</strong></span> 
     </span>
     <span class='ocr_line' id='line_1_89' title="bbox 1086 2502 2047 2554; baseline 0.003 -16"><span class='ocrx_word' id='word_1_541' title='bbox 1086 2502 1297 2541; x_wconf 54' lang='lat' dir='ltr'><strong>{francisci</strong></span> <span class='ocrx_word' id='word_1_542' title='bbox 1317 2503 1492 2554; x_wconf 73' lang='lat' dir='ltr'><strong>Sforle&#39;ae</strong></span> <span class='ocrx_word' id='word_1_543' title='bbox 1517 2505 1843 2553; x_wconf 77' lang='lat' dir='ltr'><strong>libersingularis</strong></span> <span class='ocrx_word' id='word_1_544' title='bbox 1861 2509 1897 2541; x_wconf 68' lang='lat' dir='ltr'><strong>vt</strong></span> <span class='ocrx_word' id='word_1_545' title='bbox 1916 2505 2047 2541; x_wconf 80' lang='lat' dir='ltr'><strong>diver-</strong></span> 
     </span>
     <span class='ocr_line' id='line_1_90' title="bbox 1082 2565 2043 2615; baseline 0.003 -15"><span class='ocrx_word' id='word_1_546' title='bbox 1082 2574 1152 2601; x_wconf 86' lang='lat' dir='ltr'><strong>sus</strong></span> <span class='ocrx_word' id='word_1_547' title='bbox 1189 2566 1210 2602; x_wconf 70' lang='grc' dir='ltr'><strong>ἐι</strong></span> <span class='ocrx_word' id='word_1_548' title='bbox 1245 2566 1462 2603; x_wconf 80' lang='lat' dir='ltr'><strong>Sfortiados</strong></span> <span class='ocrx_word' id='word_1_549' title='bbox 1503 2577 1633 2615; x_wconf 85' lang='lat' dir='ltr'><strong>opere.</strong></span> <span class='ocrx_word' id='word_1_550' title='bbox 1673 2565 1907 2614; x_wconf 72' lang='lat' dir='ltr'><strong>Orationes,</strong></span> <span class='ocrx_word' id='word_1_551' title='bbox 1941 2568 2043 2603; x_wconf 77' lang='lat' dir='ltr'><strong>inter</strong></span> 
     </span>
     <span class='ocr_line' id='line_1_91' title="bbox 1082 2627 2043 2678; baseline 0.003 -16"><span class='ocrx_word' id='word_1_552' title='bbox 1082 2637 1183 2674; x_wconf 83' lang='lat' dir='ltr'><strong>quas</strong></span> <span class='ocrx_word' id='word_1_553' title='bbox 1214 2628 1331 2664; x_wconf 87' lang='lat' dir='ltr'><strong>etiam</strong></span> <span class='ocrx_word' id='word_1_554' title='bbox 1367 2629 1514 2677; x_wconf 69' lang='lat' dir='ltr'><strong>Legum</strong></span> <span class='ocrx_word' id='word_1_555' title='bbox 1547 2627 1650 2677; x_wconf 88' lang='lat' dir='ltr'><strong>apud</strong></span> <span class='ocrx_word' id='word_1_556' title='bbox 1690 2632 1848 2664; x_wconf 79' lang='lat' dir='ltr'><strong>veteres</strong></span> <span class='ocrx_word' id='word_1_557' title='bbox 1878 2629 2043 2678; x_wconf 81' lang='lat' dir='ltr'><strong>scripto-</strong></span> 
     </span>
     <span class='ocr_line' id='line_1_92' title="bbox 1082 2690 2042 2739; baseline 0.005 -17"><span class='ocrx_word' id='word_1_558' title='bbox 1082 2697 1145 2723; x_wconf 81' lang='lat' dir='ltr'><strong>res</strong></span> <span class='ocrx_word' id='word_1_559' title='bbox 1174 2693 1577 2727; x_wconf 82' lang='lat' dir='ltr'><strong>commemoratarum</strong></span> <span class='ocrx_word' id='word_1_560' title='bbox 1606 2700 1683 2727; x_wconf 85' lang='lat' dir='ltr'><strong>una</strong></span> <span class='ocrx_word' id='word_1_561' title='bbox 1714 2699 1805 2726; x_wconf 80' lang='lat' dir='ltr'><strong>euin</strong></span> <span class='ocrx_word' id='word_1_562' title='bbox 1836 2690 1923 2727; x_wconf 79' lang='lat' dir='ltr'><strong>aliis</strong></span> <span class='ocrx_word' id='word_1_563' title='bbox 1948 2701 2042 2739; x_wconf 86' lang='lat' dir='ltr'><strong>opu-</strong></span> 
     </span>
     <span class='ocr_line' id='line_1_93' title="bbox 1083 2749 2040 2800; baseline 0.004 -17"><span class='ocrx_word' id='word_1_564' title='bbox 1083 2749 1206 2786; x_wconf 82' lang='lat' dir='ltr'><strong>sculis</strong></span> <span class='ocrx_word' id='word_1_565' title='bbox 1238 2749 1394 2799; x_wconf 69' lang='lat' dir='ltr'><strong>legitur.</strong></span> <span class='ocrx_word' id='word_1_566' title='bbox 1428 2751 1608 2800; x_wconf 86' lang='lat' dir='ltr'><strong>Denique</strong></span> <span class='ocrx_word' id='word_1_567' title='bbox 1641 2749 1908 2800; x_wconf 76' lang='lat' dir='ltr'><strong>Epistolarum</strong></span> <span class='ocrx_word' id='word_1_568' title='bbox 1956 2752 2040 2788; x_wconf 85' lang='lat' dir='ltr'><strong>libri</strong></span> 
     </span>
     <span class='ocr_line' id='line_1_94' title="bbox 1082 2811 2042 2861; baseline 0.002 -15"><span class='ocrx_word' id='word_1_569' title='bbox 1082 2811 1281 2849; x_wconf 81' lang='lat' dir='ltr'><strong>XXXVII.</strong></span> <span class='ocrx_word' id='word_1_570' title='bbox 1316 2823 1391 2850; x_wconf 91' lang='lat' dir='ltr'><strong>non</strong></span> <span class='ocrx_word' id='word_1_571' title='bbox 1426 2811 1632 2861; x_wconf 76' lang='lat' dir='ltr'><strong>injucundi</strong></span> <span class='ocrx_word' id='word_1_572' title='bbox 1652 2813 1756 2850; x_wconf 73' lang='lat' dir='ltr'><strong>lectu</strong></span> <span class='ocrx_word' id='word_1_573' title='bbox 1777 2818 1811 2849; x_wconf 77' lang='lat' dir='ltr'><strong>et</strong></span> <span class='ocrx_word' id='word_1_574' title='bbox 1832 2814 1853 2849; x_wconf 66' lang='lat' dir='ltr'><strong>t·</strong></span> <span class='ocrx_word' id='word_1_575' title='bbox 1869 2813 2013 2861; x_wconf 74' lang='lat' dir='ltr'><strong>‹1uibus</strong></span> <span class='ocrx_word' id='word_1_576' title='bbox 2035 2844 2042 2858; x_wconf 82' lang='lat'><strong>,</strong></span> 
     </span>
     <span class='ocr_line' id='line_1_95' title="bbox 1079 2872 2038 2922; baseline 0.004 -15"><span class='ocrx_word' id='word_1_577' title='bbox 1079 2872 1182 2909; x_wconf 82' lang='lat' dir='ltr'><strong>sicut</strong></span> <span class='ocrx_word' id='word_1_578' title='bbox 1212 2877 1252 2910; x_wconf 87' lang='lat' dir='ltr'><strong>et</strong></span> <span class='ocrx_word' id='word_1_579' title='bbox 1281 2884 1329 2911; x_wconf 85' lang='lat' dir='ltr'><strong>cx</strong></span> <span class='ocrx_word' id='word_1_580' title='bbox 1356 2873 1447 2922; x_wconf 85' lang='lat' dir='ltr'><strong>ejus</strong></span> <span class='ocrx_word' id='word_1_581' title='bbox 1469 2875 1609 2913; x_wconf 78' lang='lat' dir='ltr'><strong>Satiris</strong></span> <span class='ocrx_word' id='word_1_582' title='bbox 1633 2875 1738 2911; x_wconf 81' lang='lat' dir='ltr'><strong>varia</strong></span> <span class='ocrx_word' id='word_1_583' title='bbox 1765 2872 1812 2910; x_wconf 81' lang='lat' dir='ltr'><strong>ad</strong></span> <span class='ocrx_word' id='word_1_584' title='bbox 1832 2872 2038 2911; x_wconf 76' lang='lat' dir='ltr'><strong>historiam</strong></span> 
     </span>
     <span class='ocr_line' id='line_1_96' title="bbox 1080 2933 2039 2986; baseline 0.003 -17"><span class='ocrx_word' id='word_1_585' title='bbox 1080 2933 1312 2973; x_wconf 78' lang='lat' dir='ltr'><strong>litterariam</strong></span> <span class='ocrx_word' id='word_1_586' title='bbox 1347 2936 1502 2974; x_wconf 80' lang='lat' dir='ltr'><strong>illorum</strong></span> <span class='ocrx_word' id='word_1_587' title='bbox 1537 2939 1760 2986; x_wconf 80' lang='lat' dir='ltr'><strong>temporum</strong></span> <span class='ocrx_word' id='word_1_588' title='bbox 1788 2940 1979 2973; x_wconf 82' lang='lat' dir='ltr'><strong>annotare</strong></span> <span class='ocrx_word' id='word_1_589' title='bbox 1999 2936 2039 2972; x_wconf 86' lang='lat' dir='ltr'><strong>li-</strong></span> 
     </span>
     <span class='ocr_line' id='line_1_97' title="bbox 1077 2996 2036 3043; baseline 0.004 -12"><span class='ocrx_word' id='word_1_590' title='bbox 1077 3000 1151 3032; x_wconf 78' lang='lat' dir='ltr'><strong>eet.</strong></span> <span class='ocrx_word' id='word_1_591' title='bbox 1184 2996 1321 3034; x_wconf 64' lang='lat' dir='ltr'><strong>venet.</strong></span> <span class='ocrx_word' id='word_1_592' title='bbox 1355 2998 1468 3035; x_wconf 72' lang='lat'><strong>4502.</strong></span> <span class='ocrx_word' id='word_1_593' title='bbox 1503 2996 1549 3034; x_wconf 78' lang='lat' dir='ltr'><strong>fol</strong></span> <span class='ocrx_word' id='word_1_594' title='bbox 1597 2998 1765 3043; x_wconf 79' lang='lat' dir='ltr'><strong>lluruin,</strong></span> <span class='ocrx_word' id='word_1_595' title='bbox 1791 3008 1882 3034; x_wconf 67' lang='lat' dir='ltr'><strong>eum</strong></span> <span class='ocrx_word' id='word_1_596' title='bbox 1911 2999 2036 3035; x_wconf 73' lang='lat' dir='ltr'><strong>rarius</strong></span> 
     </span>
    </p>
   </div>
   <div class='ocr_carea' id='block_1_7' title="bbox 1066 3134 2035 3438">
    <p class='ocr_par' dir='ltr' id='par_1_10' title="bbox 1066 3134 2035 3438">
     <span class='ocr_line' id='line_1_98' title="bbox 1069 3134 1850 3175; baseline -0.003 -7"><span class='ocrx_word' id='word_1_597' title='bbox 1069 3143 1151 3168; x_wconf 83' lang='lat' dir='ltr'><strong>tom.</strong></span> <span class='ocrx_word' id='word_1_598' title='bbox 1178 3136 1225 3168; x_wconf 74' lang='lat'><strong>15.</strong></span> <span class='ocrx_word' id='word_1_599' title='bbox 1251 3144 1328 3175; x_wconf 81' lang='lat' dir='ltr'><strong>pag.</strong></span> <span class='ocrx_word' id='word_1_600' title='bbox 1348 3136 1423 3168; x_wconf 79' lang='grc'><strong>297.</strong></span> <span class='ocrx_word' id='word_1_601' title='bbox 1447 3139 1477 3165; x_wconf 78' lang='lat' dir='ltr'><strong>et</strong></span> <span class='ocrx_word' id='word_1_602' title='bbox 1501 3139 1582 3167; x_wconf 85' lang='lat' dir='ltr'><strong>tom.</strong></span> <span class='ocrx_word' id='word_1_603' title='bbox 1613 3134 1661 3167; x_wconf 83' lang='grc'><strong>17.</strong></span> <span class='ocrx_word' id='word_1_604' title='bbox 1683 3143 1759 3174; x_wconf 74' lang='lat' dir='ltr'><strong>pag.</strong></span> <span class='ocrx_word' id='word_1_605' title='bbox 1777 3135 1850 3166; x_wconf 63' lang='lat'><strong>532.</strong></span> 
     </span>
     <span class='ocr_line' id='line_1_99' title="bbox 1129 3184 1752 3225; baseline 0.002 -10"><span class='ocrx_word' id='word_1_606' title='bbox 1129 3187 1162 3225; x_wconf 84' lang='lat' dir='ltr'><strong>e)</strong></span> <span class='ocrx_word' id='word_1_607' title='bbox 1183 3186 1252 3217; x_wconf 87' lang='lat' dir='ltr'><strong>Lib.</strong></span> <span class='ocrx_word' id='word_1_608' title='bbox 1270 3187 1378 3219; x_wconf 69' lang='grc' dir='ltr'><strong>ΧΧΥΙ,</strong></span> <span class='ocrx_word' id='word_1_609' title='bbox 1401 3187 1506 3224; x_wconf 74' lang='lat' dir='ltr'><strong>Epist.</strong></span> <span class='ocrx_word' id='word_1_610' title='bbox 1537 3184 1562 3216; x_wconf 91' lang='grc'><strong>1.</strong></span> <span class='ocrx_word' id='word_1_611' title='bbox 1588 3194 1661 3224; x_wconf 73' lang='lat' dir='ltr'><strong>pag.</strong></span> <span class='ocrx_word' id='word_1_612' title='bbox 1685 3184 1752 3216; x_wconf 61' lang='grc'><strong>170.</strong></span> 
     </span>
     <span class='ocr_line' id='line_1_100' title="bbox 1129 3233 2035 3270; baseline 0 -5"><span class='ocrx_word' id='word_1_613' title='bbox 1129 3237 1153 3265; x_wconf 81' lang='grc' dir='ltr'><strong>1“ι</strong></span> <span class='ocrx_word' id='word_1_614' title='bbox 1182 3237 1302 3265; x_wconf 84' lang='lat' dir='ltr'><strong>Contra</strong></span> <span class='ocrx_word' id='word_1_615' title='bbox 1333 3233 1457 3264; x_wconf 78' lang='lat' dir='ltr'><strong>Galeoti</strong></span> <span class='ocrx_word' id='word_1_616' title='bbox 1484 3242 1658 3264; x_wconf 75' lang='lat' dir='ltr'><strong>ceusurffln</strong></span> <span class='ocrx_word' id='word_1_617' title='bbox 1676 3257 1684 3270; x_wconf 89' lang='lat'><strong>,</strong></span> <span class='ocrx_word' id='word_1_618' title='bbox 1711 3233 1909 3265; x_wconf 76' lang='lat' dir='ltr'><strong>sfortiadcin</strong></span> <span class='ocrx_word' id='word_1_619' title='bbox 1940 3242 2035 3265; x_wconf 72' lang='lat' dir='ltr'><strong>suuni</strong></span> 
     </span>
     <span class='ocr_line' id='line_1_101' title="bbox 1066 3282 1581 3322; baseline -0.008 -5"><span class='ocrx_word' id='word_1_620' title='bbox 1066 3290 1179 3317; x_wconf 73' lang='lat' dir='ltr'><strong>turtur</strong></span> <span class='ocrx_word' id='word_1_621' title='bbox 1203 3283 1260 3314; x_wconf 84' lang='lat' dir='ltr'><strong>lib.</strong></span> <span class='ocrx_word' id='word_1_622' title='bbox 1290 3285 1395 3313; x_wconf 68' lang='lat' dir='ltr'><strong>xxiv.</strong></span> <span class='ocrx_word' id='word_1_623' title='bbox 1421 3284 1526 3322; x_wconf 78' lang='lat' dir='ltr'><strong>Epist.</strong></span> <span class='ocrx_word' id='word_1_624' title='bbox 1556 3282 1581 3313; x_wconf 87' lang='grc'><strong>1.</strong></span> 
     </span>
     <span class='ocr_line' id='line_1_102' title="bbox 1130 3333 1352 3374; baseline -0.005 -12"><span class='ocrx_word' id='word_1_625' title='bbox 1130 3334 1163 3374; x_wconf 68' lang='lat' dir='ltr'><strong>g)</strong></span> <span class='ocrx_word' id='word_1_626' title='bbox 1189 3335 1278 3362; x_wconf 79' lang='lat' dir='ltr'><strong>xxv.</strong></span> <span class='ocrx_word' id='word_1_627' title='bbox 1314 3333 1352 3362; x_wconf 59' lang='grc' dir='ltr'><strong>εκ</strong></span> 
     </span>
     <span class='ocr_line' id='line_1_103' title="bbox 1647 3403 1715 3438; baseline 0 -5"><span class='ocrx_word' id='word_1_628' title='bbox 1647 3403 1715 3438; x_wconf 59' lang='grc'><strong>1811</strong></span> 
     </span>
    </p>
   </div>
  </div>
 </body>
</html>
