<?xml version="1.0" encoding="UTF-8"?>
<!DOCTYPE html PUBLIC "-//W3C//DTD XHTML 1.0 Transitional//EN"
    "http://www.w3.org/TR/xhtml1/DTD/xhtml1-transitional.dtd">
<html xmlns="http://www.w3.org/1999/xhtml" xml:lang="en" lang="en">
 <head>
  <title>
</title>
<meta http-equiv="Content-Type" content="text/html;charset=utf-8" />
  <meta name='ocr-system' content='tesseract 3.04.00' />
  <meta name='ocr-capabilities' content='ocr_page ocr_carea ocr_par ocr_line ocrx_word'/>
</head>
<body>
  <div class='ocr_page' id='page_1' title='image "./bibliothecalatin05fabruoft/bibliothecalatin05fabruoft_0395.png"; bbox 0 0 2517 4009; ppageno 0'>
   <div class='ocr_carea' id='block_1_1' title="bbox 881 225 1320 265">
    <p class='ocr_par' dir='ltr' id='par_1_1' title="bbox 881 225 1320 265">
     <span class='ocr_line' id='line_1_1' title="bbox 881 225 1320 265; baseline -0.005 -1"><span class='ocrx_word' id='word_1_1' title='bbox 881 225 1320 265; x_wconf 44' lang='lat' dir='ltr'><em>amulwinus</em></span> 
     </span>
    </p>
   </div>
   <div class='ocr_carea' id='block_1_2' title="bbox 92 294 1071 2755">
    <p class='ocr_par' dir='ltr' id='par_1_2' title="bbox 101 294 1061 406">
     <span class='ocr_line' id='line_1_2' title="bbox 101 294 1061 347; baseline -0.004 -10"><span class='ocrx_word' id='word_1_2' title='bbox 101 297 335 347; x_wconf 83' lang='lat' dir='ltr'><em>Theologiae</em></span> <span class='ocrx_word' id='word_1_3' title='bbox 368 294 570 333; x_wconf 81' lang='lat' dir='ltr'>Professor</span> <span class='ocrx_word' id='word_1_4' title='bbox 601 294 841 335; x_wconf 73' lang='lat' dir='ltr'><em>oxoniensis</em></span> <span class='ocrx_word' id='word_1_5' title='bbox 884 298 989 335; x_wconf 87' lang='lat' dir='ltr'><em>circa</em></span> <span class='ocrx_word' id='word_1_6' title='bbox 1028 308 1061 334; x_wconf 90' lang='lat' dir='ltr'><em>a.</em></span> 
     </span>
     <span class='ocr_line' id='line_1_3' title="bbox 104 357 509 406; baseline -0.015 -7"><span class='ocrx_word' id='word_1_7' title='bbox 104 360 149 398; x_wconf 92' lang='lat' dir='ltr'><em>C.</em></span> <span class='ocrx_word' id='word_1_8' title='bbox 183 357 300 398; x_wconf 77' lang='lat'><em>4408.</em></span> <span class='ocrx_word' id='word_1_9' title='bbox 330 357 509 406; x_wconf 83' lang='lat' dir='ltr'><strong>Scripsit.</strong></span> 
     </span>
    </p>

    <p class='ocr_par' dir='ltr' id='par_1_3' title="bbox 103 416 1066 582">
     <span class='ocr_line' id='line_1_4' title="bbox 158 416 1066 470; baseline -0.002 -10"><span class='ocrx_word' id='word_1_10' title='bbox 158 424 192 461; x_wconf 90' lang='lat'><em>4.</em></span> <span class='ocrx_word' id='word_1_11' title='bbox 224 421 280 459; x_wconf 92' lang='lat' dir='ltr'><em>De</em></span> <span class='ocrx_word' id='word_1_12' title='bbox 307 416 490 470; x_wconf 76' lang='lat' dir='ltr'><em>symbolo</em></span> <span class='ocrx_word' id='word_1_13' title='bbox 522 417 747 466; x_wconf 83' lang='lat' dir='ltr'><em>Ecclesiae,</em></span> <span class='ocrx_word' id='word_1_14' title='bbox 772 430 803 458; x_wconf 87' lang='lat' dir='ltr'><em>s.</em></span> <span class='ocrx_word' id='word_1_15' title='bbox 835 419 883 458; x_wconf 91' lang='lat' dir='ltr'><em>de</em></span> <span class='ocrx_word' id='word_1_16' title='bbox 919 421 1066 458; x_wconf 85' lang='lat' dir='ltr'><em>articu-</em></span> 
     </span>
     <span class='ocr_line' id='line_1_5' title="bbox 103 479 1064 530; baseline -0.002 -8"><span class='ocrx_word' id='word_1_17' title='bbox 103 483 152 522; x_wconf 86' lang='lat' dir='ltr'><em>lis</em></span> <span class='ocrx_word' id='word_1_18' title='bbox 181 482 299 529; x_wconf 84' lang='lat' dir='ltr'><em>fidei,</em></span> <span class='ocrx_word' id='word_1_19' title='bbox 329 479 435 530; x_wconf 87' lang='lat' dir='ltr'><em>quod</em></span> <span class='ocrx_word' id='word_1_20' title='bbox 464 479 576 530; x_wconf 85' lang='lat' dir='ltr'><em>Opus</em></span> <span class='ocrx_word' id='word_1_21' title='bbox 605 482 781 519; x_wconf 78' lang='lat' dir='ltr'><em>Joannes</em></span> <span class='ocrx_word' id='word_1_22' title='bbox 826 482 1064 520; x_wconf 84' lang='lat' dir='ltr'><em>Stanberius</em></span> 
     </span>
     <span class='ocr_line' id='line_1_6' title="bbox 107 541 878 582; baseline -0.004 0"><span class='ocrx_word' id='word_1_23' title='bbox 107 554 141 582; x_wconf 88' lang='lat' dir='ltr'><em>a.</em></span> <span class='ocrx_word' id='word_1_24' title='bbox 176 543 292 582; x_wconf 76' lang='lat'><em>4463.</em></span> <span class='ocrx_word' id='word_1_25' title='bbox 323 542 619 580; x_wconf 78' lang='lat' dir='ltr'>Commentario</span> <span class='ocrx_word' id='word_1_26' title='bbox 652 541 878 580; x_wconf 86' lang='lat' dir='ltr'><em>illustravit.</em></span> 
     </span>
    </p>

    <p class='ocr_par' dir='ltr' id='par_1_4' title="bbox 97 602 1065 1086">
     <span class='ocr_line' id='line_1_7' title="bbox 153 602 1065 655; baseline -0.002 -12"><span class='ocrx_word' id='word_1_27' title='bbox 153 604 192 643; x_wconf 77' lang='lat'><em>2.</em></span> <span class='ocrx_word' id='word_1_28' title='bbox 208 602 418 642; x_wconf 75' lang='lat' dir='ltr'><em>Feliciones</em></span> <span class='ocrx_word' id='word_1_29' title='bbox 437 602 570 653; x_wconf 74' lang='lat' dir='ltr'><em>quoad</em></span> <span class='ocrx_word' id='word_1_30' title='bbox 588 602 915 655; x_wconf 78' lang='lat' dir='ltr'><em>reformationem</em></span> <span class='ocrx_word' id='word_1_31' title='bbox 932 603 1065 642; x_wconf 85' lang='lat' dir='ltr'><em>Eccle-</em></span> 
     </span>
     <span class='ocr_line' id='line_1_8' title="bbox 101 663 1062 714; baseline -0.002 -10"><span class='ocrx_word' id='word_1_32' title='bbox 101 665 188 705; x_wconf 83' lang='lat' dir='ltr'><em>siae</em></span> <span class='ocrx_word' id='word_1_33' title='bbox 210 663 432 711; x_wconf 74' lang='lat' dir='ltr'><em>militantis,</em></span> <span class='ocrx_word' id='word_1_34' title='bbox 457 676 577 714; x_wconf 90' lang='lat' dir='ltr'><em>quem</em></span> <span class='ocrx_word' id='word_1_35' title='bbox 604 665 747 704; x_wconf 88' lang='lat' dir='ltr'><em>librum</em></span> <span class='ocrx_word' id='word_1_36' title='bbox 773 676 808 703; x_wconf 88' lang='lat' dir='ltr'><em>a.</em></span> <span class='ocrx_word' id='word_1_37' title='bbox 825 664 930 704; x_wconf 75' lang='grc'><strong>4408</strong></span> <span class='ocrx_word' id='word_1_38' title='bbox 947 665 1062 714; x_wconf 86' lang='lat' dir='ltr'><em>jussu</em></span> 
     </span>
     <span class='ocr_line' id='line_1_9' title="bbox 99 725 1060 772; baseline -0.004 -6"><span class='ocrx_word' id='word_1_39' title='bbox 99 726 258 766; x_wconf 83' lang='lat' dir='ltr'><em>Roberti</em></span> <span class='ocrx_word' id='word_1_40' title='bbox 286 725 428 764; x_wconf 66' lang='lat' dir='ltr'><em>Halani</em></span> <span class='ocrx_word' id='word_1_41' title='bbox 451 726 674 765; x_wconf 89' lang='lat' dir='ltr'><em>Cardinalis</em></span> <span class='ocrx_word' id='word_1_42' title='bbox 695 726 934 772; x_wconf 79' lang='lat' dir='ltr'><em>elaboravit,</em></span> <span class='ocrx_word' id='word_1_43' title='bbox 957 730 1001 764; x_wconf 83' lang='lat' dir='ltr'><em>ut</em></span> <span class='ocrx_word' id='word_1_44' title='bbox 1023 727 1060 763; x_wconf 92' lang='lat' dir='ltr'><em>in</em></span> 
     </span>
     <span class='ocr_line' id='line_1_10' title="bbox 98 787 1062 839; baseline -0.005 -10"><span class='ocrx_word' id='word_1_45' title='bbox 98 788 278 829; x_wconf 84' lang='lat' dir='ltr'><strong>Concilio</strong></span> <span class='ocrx_word' id='word_1_46' title='bbox 302 788 476 839; x_wconf 80' lang='lat' dir='ltr'><em>generali</em></span> <span class='ocrx_word' id='word_1_47' title='bbox 503 787 775 826; x_wconf 78' lang='lat' dir='ltr'><em>exhiberetur.</em></span> <span class='ocrx_word' id='word_1_48' title='bbox 791 788 1000 837; x_wconf 85' lang='lat' dir='ltr'><em>Prologum</em></span> <span class='ocrx_word' id='word_1_49' title='bbox 1021 791 1062 824; x_wconf 91' lang='lat' dir='ltr'><em>et</em></span> 
     </span>
     <span class='ocr_line' id='line_1_11' title="bbox 99 848 1060 901; baseline -0.004 -11"><span class='ocrx_word' id='word_1_50' title='bbox 99 854 289 901; x_wconf 84' lang='lat' dir='ltr'><em>excerpta</em></span> <span class='ocrx_word' id='word_1_51' title='bbox 326 861 376 888; x_wconf 80' lang='lat' dir='ltr'><em>ex</em></span> <span class='ocrx_word' id='word_1_52' title='bbox 417 849 480 888; x_wconf 89' lang='lat' dir='ltr'><em>illo</em></span> <span class='ocrx_word' id='word_1_53' title='bbox 518 849 628 887; x_wconf 80' lang='lat' dir='ltr'><strong>dedit</strong></span> <span class='ocrx_word' id='word_1_54' title='bbox 655 850 771 888; x_wconf 88' lang='lat' dir='ltr'><em>Henr.</em></span> <span class='ocrx_word' id='word_1_55' title='bbox 800 848 996 887; x_wconf 87' lang='lat' dir='ltr'><em>Wharton</em></span> <span class='ocrx_word' id='word_1_56' title='bbox 1023 850 1060 886; x_wconf 87' lang='lat' dir='ltr'><em>in</em></span> 
     </span>
     <span class='ocr_line' id='line_1_12' title="bbox 98 909 1058 964; baseline -0.002 -13"><span class='ocrx_word' id='word_1_57' title='bbox 98 911 283 964; x_wconf 88' lang='lat' dir='ltr'><em>Append.</em></span> <span class='ocrx_word' id='word_1_58' title='bbox 320 911 367 950; x_wconf 91' lang='lat' dir='ltr'><em>ad</em></span> <span class='ocrx_word' id='word_1_59' title='bbox 408 912 588 951; x_wconf 86' lang='lat' dir='ltr'><em>Caveum</em></span> <span class='ocrx_word' id='word_1_60' title='bbox 615 923 651 962; x_wconf 87' lang='lat' dir='ltr'><em>p.</em></span> <span class='ocrx_word' id='word_1_61' title='bbox 676 911 738 949; x_wconf 73' lang='lat'><em>74.</em></span> <span class='ocrx_word' id='word_1_62' title='bbox 765 909 828 949; x_wconf 93' lang='grc'><em>75.</em></span> <span class='ocrx_word' id='word_1_63' title='bbox 854 911 1058 960; x_wconf 73' lang='lat' dir='ltr'><em>Integrum</em></span> 
     </span>
     <span class='ocr_line' id='line_1_13' title="bbox 97 972 1060 1025; baseline -0.002 -13"><span class='ocrx_word' id='word_1_64' title='bbox 97 973 211 1025; x_wconf 87' lang='lat' dir='ltr'><em>Opus</em></span> <span class='ocrx_word' id='word_1_65' title='bbox 233 973 357 1013; x_wconf 87' lang='lat' dir='ltr'><em>edidit</em></span> <span class='ocrx_word' id='word_1_66' title='bbox 382 975 516 1012; x_wconf 84' lang='lat' dir='ltr'><em>Herm.</em></span> <span class='ocrx_word' id='word_1_67' title='bbox 540 985 620 1012; x_wconf 91' lang='lat' dir='ltr'><em>von</em></span> <span class='ocrx_word' id='word_1_68' title='bbox 645 973 717 1012; x_wconf 88' lang='lat' dir='ltr'><em>der</em></span> <span class='ocrx_word' id='word_1_69' title='bbox 736 973 872 1012; x_wconf 84' lang='lat' dir='ltr'><em>Hardt.</em></span> <span class='ocrx_word' id='word_1_70' title='bbox 890 974 932 1011; x_wconf 90' lang='lat' dir='ltr'><em>in</em></span> <span class='ocrx_word' id='word_1_71' title='bbox 947 972 1060 1011; x_wconf 90' lang='lat' dir='ltr'><em>Actis</em></span> 
     </span>
     <span class='ocr_line' id='line_1_14' title="bbox 98 1036 1059 1086; baseline -0.004 -10"><span class='ocrx_word' id='word_1_72' title='bbox 98 1036 264 1076; x_wconf 91' lang='lat' dir='ltr'><em>Concilii</em></span> <span class='ocrx_word' id='word_1_73' title='bbox 296 1036 621 1075; x_wconf 87' lang='lat' dir='ltr'><em>Constantiensis</em></span> <span class='ocrx_word' id='word_1_74' title='bbox 651 1039 746 1074; x_wconf 92' lang='lat' dir='ltr'><em>tom.</em></span> <span class='ocrx_word' id='word_1_75' title='bbox 773 1036 803 1074; x_wconf 85' lang='lat'><em>1.</em></span> <span class='ocrx_word' id='word_1_76' title='bbox 826 1047 915 1086; x_wconf 83' lang='lat' dir='ltr'><em>pag.</em></span> <span class='ocrx_word' id='word_1_77' title='bbox 941 1037 1059 1074; x_wconf 82' lang='lat'><strong>4445.</strong></span> 
     </span>
    </p>

    <p class='ocr_par' dir='ltr' id='par_1_5' title="bbox 99 1089 1063 1334">
     <span class='ocr_line' id='line_1_15' title="bbox 153 1089 1060 1148; baseline -0.002 -12"><span class='ocrx_word' id='word_1_78' title='bbox 153 1099 190 1137; x_wconf 90' lang='grc'><em>3.</em></span> <span class='ocrx_word' id='word_1_79' title='bbox 215 1098 378 1148; x_wconf 82' lang='lat' dir='ltr'>Reliqua</span> <span class='ocrx_word' id='word_1_80' title='bbox 397 1102 493 1137; x_wconf 90' lang='lat' dir='ltr'><em>sunt</em></span> <span class='ocrx_word' id='word_1_81' title='bbox 512 1098 725 1137; x_wconf 85' lang='lat' dir='ltr'><em>Comment.</em></span> <span class='ocrx_word' id='word_1_82' title='bbox 743 1096 782 1134; x_wconf 81' lang='lat' dir='ltr'><em>in</em></span> <span class='ocrx_word' id='word_1_83' title='bbox 804 1089 1060 1144; x_wconf 57' lang='lat' dir='ltr'><em>Psalle-ium,</em></span> 
     </span>
     <span class='ocr_line' id='line_1_16' title="bbox 101 1158 1063 1211; baseline -0.003 -13"><span class='ocrx_word' id='word_1_84' title='bbox 101 1170 226 1211; x_wconf 79' lang='lat' dir='ltr'><em>super</em></span> <span class='ocrx_word' id='word_1_85' title='bbox 252 1159 422 1200; x_wconf 83' lang='lat' dir='ltr'><em>Cantica</em></span> <span class='ocrx_word' id='word_1_86' title='bbox 444 1158 647 1198; x_wconf 78' lang='lat' dir='ltr'><em>Ecclesiae</em></span> <span class='ocrx_word' id='word_1_87' title='bbox 667 1189 674 1205; x_wconf 79' lang='lat'><strong>‚</strong></span> <span class='ocrx_word' id='word_1_88' title='bbox 697 1158 974 1210; x_wconf 81' lang='lat' dir='ltr'><em>Defensorium</em></span> <span class='ocrx_word' id='word_1_89' title='bbox 997 1158 1063 1197; x_wconf 85' lang='lat' dir='ltr'><em>do-</em></span> 
     </span>
     <span class='ocr_line' id='line_1_17' title="bbox 101 1220 1063 1271; baseline -0.001 -12"><span class='ocrx_word' id='word_1_90' title='bbox 101 1221 258 1260; x_wconf 84' lang='lat' dir='ltr'><em>tationis</em></span> <span class='ocrx_word' id='word_1_91' title='bbox 279 1221 480 1260; x_wconf 82' lang='lat' dir='ltr'><em>Ecclesiae</em></span> <span class='ocrx_word' id='word_1_92' title='bbox 506 1233 574 1271; x_wconf 88' lang='lat' dir='ltr'><em>per</em></span> <span class='ocrx_word' id='word_1_93' title='bbox 600 1222 908 1260; x_wconf 84' lang='lat' dir='ltr'><em>Constantinum</em></span> <span class='ocrx_word' id='word_1_94' title='bbox 935 1222 980 1259; x_wconf 82' lang='lat' dir='ltr'><em>M.</em></span> <span class='ocrx_word' id='word_1_95' title='bbox 1008 1220 1063 1258; x_wconf 84' lang='lat' dir='ltr'><em>fa-</em></span> 
     </span>
     <span class='ocr_line' id='line_1_18' title="bbox 99 1280 1063 1334; baseline -0.005 -12"><span class='ocrx_word' id='word_1_96' title='bbox 99 1288 200 1331; x_wconf 82' lang='lat' dir='ltr'><em>ciae,</em></span> <span class='ocrx_word' id='word_1_97' title='bbox 212 1282 410 1321; x_wconf 73' lang='lat' dir='ltr'><em>Lectiones</em></span> <span class='ocrx_word' id='word_1_98' title='bbox 421 1281 666 1330; x_wconf 81' lang='lat' dir='ltr'><em>ordinariae,</em></span> <span class='ocrx_word' id='word_1_99' title='bbox 674 1282 720 1320; x_wconf 84' lang='lat' dir='ltr'><em>de</em></span> <span class='ocrx_word' id='word_1_100' title='bbox 737 1281 863 1334; x_wconf 81' lang='lat' dir='ltr'><em>officio</em></span> <span class='ocrx_word' id='word_1_101' title='bbox 879 1280 1063 1320; x_wconf 83' lang='lat' dir='ltr'><em>militari.</em></span> 
     </span>
    </p>

    <p class='ocr_par' dir='ltr' id='par_1_6' title="bbox 103 1341 1063 1444">
     <span class='ocr_line' id='line_1_19' title="bbox 151 1341 1063 1382; baseline -0.002 0"><span class='ocrx_word' id='word_1_102' title='bbox 151 1341 248 1382; x_wconf 88' lang='lat' dir='ltr'><em>Vide</em></span> <span class='ocrx_word' id='word_1_103' title='bbox 279 1343 498 1382; x_wconf 83' lang='lat' dir='ltr'><em>Lelandum</em></span> <span class='ocrx_word' id='word_1_104' title='bbox 530 1354 564 1381; x_wconf 89' lang='lat' dir='ltr'><em>c.</em></span> <span class='ocrx_word' id='word_1_105' title='bbox 597 1344 687 1382; x_wconf 72' lang='lat'><em>494.</em></span> <span class='ocrx_word' id='word_1_106' title='bbox 732 1343 920 1382; x_wconf 89' lang='lat' dir='ltr'><em>Balaeum</em></span> <span class='ocrx_word' id='word_1_107' title='bbox 961 1343 1063 1382; x_wconf 89' lang='lat' dir='ltr'><em>Cen-</em></span> 
     </span>
     <span class='ocr_line' id='line_1_20' title="bbox 103 1404 1060 1444; baseline -0.002 -1"><span class='ocrx_word' id='word_1_108' title='bbox 103 1408 182 1444; x_wconf 83' lang='lat' dir='ltr'><em>tur&#39;.</em></span> <span class='ocrx_word' id='word_1_109' title='bbox 199 1405 280 1444; x_wconf 87' lang='lat' dir='ltr'><em>Vll.</em></span> <span class='ocrx_word' id='word_1_110' title='bbox 296 1405 358 1443; x_wconf 88' lang='lat'><em>83.</em></span> <span class='ocrx_word' id='word_1_111' title='bbox 373 1406 546 1443; x_wconf 83' lang='lat' dir='ltr'><em>Pitseum</em></span> <span class='ocrx_word' id='word_1_112' title='bbox 558 1416 580 1443; x_wconf 93' lang='lat' dir='ltr'><em>c</em></span> <span class='ocrx_word' id='word_1_113' title='bbox 594 1405 698 1443; x_wconf 88' lang='lat'><em>.800.</em></span> <span class='ocrx_word' id='word_1_114' title='bbox 715 1404 982 1443; x_wconf 86' lang='lat' dir='ltr'><em>Whartonum</em></span> <span class='ocrx_word' id='word_1_115' title='bbox 994 1404 1016 1442; x_wconf 93' lang='grc'><em>1.</em></span> <span class='ocrx_word' id='word_1_116' title='bbox 1028 1415 1060 1441; x_wconf 92' lang='lat' dir='ltr'><em>c.</em></span> 
     </span>
    </p>

    <p class='ocr_par' dir='ltr' id='par_1_7' title="bbox 96 1464 1066 2438">
     <span class='ocr_line' id='line_1_21' title="bbox 151 1464 1061 1518; baseline -0.003 -12"><span class='ocrx_word' id='word_1_117' title='bbox 151 1465 442 1507; x_wconf 84' lang='lat' dir='ltr'><em>RICHARDUS</em></span> <span class='ocrx_word' id='word_1_118' title='bbox 490 1464 743 1518; x_wconf 73' lang='lat' dir='ltr'><em>Walinfora&#39;,</em></span> <span class='ocrx_word' id='word_1_119' title='bbox 788 1465 973 1517; x_wconf 80' lang='lat' dir='ltr'><em>Anqus,</em></span> <span class='ocrx_word' id='word_1_120' title='bbox 1012 1476 1061 1503; x_wconf 85' lang='lat' dir='ltr'><em>ex</em></span> 
     </span>
     <span class='ocr_line' id='line_1_22' title="bbox 97 1527 1065 1580; baseline -0.003 -13"><span class='ocrx_word' id='word_1_121' title='bbox 97 1527 240 1580; x_wconf 84' lang='lat' dir='ltr'><em>oppido</em></span> <span class='ocrx_word' id='word_1_122' title='bbox 272 1528 516 1579; x_wconf 82' lang='lat' dir='ltr'><em>Walingford</em></span> <span class='ocrx_word' id='word_1_123' title='bbox 548 1527 596 1567; x_wconf 88' lang='lat' dir='ltr'><em>ad</em></span> <span class='ocrx_word' id='word_1_124' title='bbox 627 1529 813 1566; x_wconf 89' lang='lat' dir='ltr'><em>Tamesin</em></span> <span class='ocrx_word' id='word_1_125' title='bbox 837 1558 845 1577; x_wconf 83' lang='lat'>,</span> <span class='ocrx_word' id='word_1_126' title='bbox 870 1531 984 1578; x_wconf 81' lang='lat' dir='ltr'><em>pat-re</em></span> <span class='ocrx_word' id='word_1_127' title='bbox 1010 1527 1065 1564; x_wconf 79' lang='lat' dir='ltr'><em>fa-</em></span> 
     </span>
     <span class='ocr_line' id='line_1_23' title="bbox 98 1589 1063 1640; baseline -0.003 -11"><span class='ocrx_word' id='word_1_128' title='bbox 98 1591 168 1629; x_wconf 89' lang='lat' dir='ltr'><em>bro</em></span> <span class='ocrx_word' id='word_1_129' title='bbox 197 1590 385 1639; x_wconf 82' lang='lat' dir='ltr'><em>ferrario,</em></span> <span class='ocrx_word' id='word_1_130' title='bbox 419 1594 563 1638; x_wconf 89' lang='lat' dir='ltr'><em>natus⁷</em></span> <span class='ocrx_word' id='word_1_131' title='bbox 592 1591 771 1629; x_wconf 82' lang='lat' dir='ltr'><em>Oxoniae</em></span> <span class='ocrx_word' id='word_1_132' title='bbox 804 1590 841 1627; x_wconf 91' lang='lat' dir='ltr'><em>in</em></span> <span class='ocrx_word' id='word_1_133' title='bbox 890 1589 1063 1640; x_wconf 83' lang='lat' dir='ltr'><em>Collegio</em></span> 
     </span>
     <span class='ocr_line' id='line_1_24' title="bbox 97 1652 1065 1701; baseline -0.003 -8"><span class='ocrx_word' id='word_1_134' title='bbox 97 1654 339 1693; x_wconf 84' lang='lat' dir='ltr'><em>Mertonensi</em></span> <span class='ocrx_word' id='word_1_135' title='bbox 369 1653 497 1692; x_wconf 84' lang='lat' dir='ltr'><em>literis</em></span> <span class='ocrx_word' id='word_1_136' title='bbox 525 1652 727 1700; x_wconf 81' lang='lat' dir='ltr'>incubuit,</span> <span class='ocrx_word' id='word_1_137' title='bbox 759 1655 898 1701; x_wconf 89' lang='lat' dir='ltr'><em>postea</em></span> <span class='ocrx_word' id='word_1_138' title='bbox 929 1662 1065 1690; x_wconf 86' lang='lat' dir='ltr'><em>mona-</em></span> 
     </span>
     <span class='ocr_line' id='line_1_25' title="bbox 97 1713 1061 1755; baseline -0.003 -1"><span class='ocrx_word' id='word_1_139' title='bbox 97 1715 200 1755; x_wconf 87' lang='lat' dir='ltr'><em>chus</em></span> <span class='ocrx_word' id='word_1_140' title='bbox 227 1719 268 1754; x_wconf 90' lang='lat' dir='ltr'><em>et</em></span> <span class='ocrx_word' id='word_1_141' title='bbox 305 1715 471 1754; x_wconf 85' lang='lat' dir='ltr'><em>tandem</em></span> <span class='ocrx_word' id='word_1_142' title='bbox 516 1715 652 1753; x_wconf 86' lang='lat' dir='ltr'><em>Abbas</em></span> <span class='ocrx_word' id='word_1_143' title='bbox 692 1713 980 1753; x_wconf 87' lang='lat' dir='ltr'><em>Benedictinus</em></span> <span class='ocrx_word' id='word_1_144' title='bbox 1023 1715 1061 1752; x_wconf 86' lang='lat' dir='ltr'><em>in</em></span> 
     </span>
     <span class='ocr_line' id='line_1_26' title="bbox 97 1776 1059 1826; baseline -0.002 -10"><span class='ocrx_word' id='word_1_145' title='bbox 97 1777 286 1817; x_wconf 89' lang='lat' dir='ltr'><em>coenobio</em></span> <span class='ocrx_word' id='word_1_146' title='bbox 316 1777 343 1816; x_wconf 94' lang='lat' dir='ltr'>S</span> <span class='ocrx_word' id='word_1_147' title='bbox 370 1777 531 1826; x_wconf 76' lang='lat' dir='ltr'><em>Albani,</em></span> <span class='ocrx_word' id='word_1_148' title='bbox 548 1776 856 1815; x_wconf 80' lang='lat' dir='ltr'><em>Mathematicus</em></span> <span class='ocrx_word' id='word_1_149' title='bbox 875 1777 1059 1826; x_wconf 82' lang='lat' dir='ltr'><em>insignis,</em></span> 
     </span>
     <span class='ocr_line' id='line_1_27' title="bbox 97 1839 1059 1890; baseline -0.003 -11"><span class='ocrx_word' id='word_1_150' title='bbox 97 1840 193 1879; x_wconf 85' lang='lat' dir='ltr'><em>obiit</em></span> <span class='ocrx_word' id='word_1_151' title='bbox 220 1851 255 1879; x_wconf 89' lang='lat' dir='ltr'><em>a.</em></span> <span class='ocrx_word' id='word_1_152' title='bbox 285 1839 402 1879; x_wconf 76' lang='lat'><em>⁴526.</em></span> <span class='ocrx_word' id='word_1_153' title='bbox 448 1839 702 1890; x_wconf 84' lang='lat' dir='ltr'><em>Horologium</em></span> <span class='ocrx_word' id='word_1_154' title='bbox 734 1840 772 1876; x_wconf 90' lang='lat' dir='ltr'><em>in</em></span> <span class='ocrx_word' id='word_1_155' title='bbox 819 1840 1059 1878; x_wconf 83' lang='lat' dir='ltr'><em>monasterio</em></span> 
     </span>
     <span class='ocr_line' id='line_1_28' title="bbox 99 1901 1061 1956; baseline -0.004 -14"><span class='ocrx_word' id='word_1_156' title='bbox 99 1913 174 1942; x_wconf 89' lang='lat' dir='ltr'><em>suo</em></span> <span class='ocrx_word' id='word_1_157' title='bbox 201 1901 402 1956; x_wconf 79' lang='lat' dir='ltr'><em>stupendo</em></span> <span class='ocrx_word' id='word_1_158' title='bbox 431 1901 597 1941; x_wconf 85' lang='lat' dir='ltr'><em>artificio</em></span> <span class='ocrx_word' id='word_1_159' title='bbox 626 1901 858 1940; x_wconf 85' lang='lat' dir='ltr'><em>elaboravit.</em></span> <span class='ocrx_word' id='word_1_160' title='bbox 892 1902 1061 1952; x_wconf 81' lang='lat' dir='ltr'><em>Scripsit</em></span> 
     </span>
     <span class='ocr_line' id='line_1_29' title="bbox 101 1962 1062 2014; baseline -0.003 -10"><span class='ocrx_word' id='word_1_161' title='bbox 101 1965 283 2004; x_wconf 83' lang='lat' dir='ltr'><em>Canones</em></span> <span class='ocrx_word' id='word_1_162' title='bbox 307 1964 349 2002; x_wconf 82' lang='lat' dir='ltr'><em>in</em></span> <span class='ocrx_word' id='word_1_163' title='bbox 375 1962 519 2003; x_wconf 81' lang='lat' dir='ltr'><em>Albion</em></span> <span class='ocrx_word' id='word_1_164' title='bbox 549 1963 763 2014; x_wconf 85' lang='lat' dir='ltr'><em>(quomodo</em></span> <span class='ocrx_word' id='word_1_165' title='bbox 792 1964 876 2002; x_wconf 86' lang='lat' dir='ltr'><em>scil.</em></span> <span class='ocrx_word' id='word_1_166' title='bbox 908 1963 1062 2001; x_wconf 86' lang='lat' dir='ltr'><em>horolo-</em></span> 
     </span>
     <span class='ocr_line' id='line_1_30' title="bbox 98 2025 1057 2078; baseline -0.001 -14"><span class='ocrx_word' id='word_1_167' title='bbox 98 2028 206 2078; x_wconf 75' lang='lat' dir='ltr'><em>gium</em></span> <span class='ocrx_word' id='word_1_168' title='bbox 237 2026 464 2065; x_wconf 86' lang='lat' dir='ltr'><em>Albanense</em></span> <span class='ocrx_word' id='word_1_169' title='bbox 495 2026 749 2065; x_wconf 83' lang='lat' dir='ltr'><em>tractandum</em></span> <span class='ocrx_word' id='word_1_170' title='bbox 781 2026 901 2074; x_wconf 90' lang='lat' dir='ltr'><em>esset)</em></span> <span class='ocrx_word' id='word_1_171' title='bbox 932 2026 979 2064; x_wconf 84' lang='lat' dir='ltr'><em>de</em></span> <span class='ocrx_word' id='word_1_172' title='bbox 993 2025 1057 2076; x_wconf 80' lang='lat' dir='ltr'><em>ju-</em></span> 
     </span>
     <span class='ocr_line' id='line_1_31' title="bbox 97 2086 1064 2136; baseline -0.002 -9"><span class='ocrx_word' id='word_1_173' title='bbox 97 2088 213 2128; x_wconf 82' lang='lat' dir='ltr'><em>diciis</em></span> <span class='ocrx_word' id='word_1_174' title='bbox 240 2087 529 2127; x_wconf 82' lang='lat' dir='ltr'><em>Astronomicis</em></span> <span class='ocrx_word' id='word_1_175' title='bbox 546 2120 556 2136; x_wconf 80' lang='lat'><em>,</em></span> <span class='ocrx_word' id='word_1_176' title='bbox 582 2087 629 2126; x_wconf 81' lang='lat' dir='ltr'><em>de</em></span> <span class='ocrx_word' id='word_1_177' title='bbox 644 2086 798 2126; x_wconf 84' lang='lat' dir='ltr'><em>sinibus</em></span> <span class='ocrx_word' id='word_1_178' title='bbox 816 2087 1064 2127; x_wconf 82' lang='lat' dir='ltr'><em>demonstra-</em></span> 
     </span>
     <span class='ocr_line' id='line_1_32' title="bbox 99 2148 1061 2200; baseline -0.004 -9"><span class='ocrx_word' id='word_1_179' title='bbox 99 2150 217 2200; x_wconf 77' lang='lat' dir='ltr'><em>tivis,</em></span> <span class='ocrx_word' id='word_1_180' title='bbox 245 2149 292 2189; x_wconf 90' lang='lat' dir='ltr'><em>de</em></span> <span class='ocrx_word' id='word_1_181' title='bbox 320 2148 472 2189; x_wconf 85' lang='lat' dir='ltr'><em>chorda</em></span> <span class='ocrx_word' id='word_1_182' title='bbox 503 2152 541 2188; x_wconf 92' lang='lat' dir='ltr'><em>et</em></span> <span class='ocrx_word' id='word_1_183' title='bbox 569 2161 671 2188; x_wconf 86' lang='lat' dir='ltr'><em>arcu</em></span> <span class='ocrx_word' id='word_1_184' title='bbox 688 2181 698 2197; x_wconf 87' lang='lat'><em>,</em></span> <span class='ocrx_word' id='word_1_185' title='bbox 730 2149 778 2188; x_wconf 88' lang='lat' dir='ltr'><em>de</em></span> <span class='ocrx_word' id='word_1_186' title='bbox 822 2149 1061 2195; x_wconf 81' lang='lat' dir='ltr'><em>diametris‚</em></span> 
     </span>
     <span class='ocr_line' id='line_1_33' title="bbox 96 2209 1066 2264; baseline -0.004 -12"><span class='ocrx_word' id='word_1_187' title='bbox 96 2212 143 2252; x_wconf 86' lang='lat' dir='ltr'><em>de</em></span> <span class='ocrx_word' id='word_1_188' title='bbox 171 2209 384 2264; x_wconf 74' lang='lat' dir='ltr'><em>eclipsibus</em></span> <span class='ocrx_word' id='word_1_189' title='bbox 413 2210 507 2251; x_wconf 80' lang='lat' dir='ltr'><em>solis</em></span> <span class='ocrx_word' id='word_1_190' title='bbox 536 2216 574 2250; x_wconf 85' lang='lat' dir='ltr'><em>et</em></span> <span class='ocrx_word' id='word_1_191' title='bbox 603 2210 748 2255; x_wconf 86' lang='lat' dir='ltr'><em>lunae,</em></span> <span class='ocrx_word' id='word_1_192' title='bbox 781 2210 828 2250; x_wconf 83' lang='lat' dir='ltr'><em>de</em></span> <span class='ocrx_word' id='word_1_193' title='bbox 855 2214 1066 2261; x_wconf 72' lang='lat' dir='ltr'><em>rectanyu-</em></span> 
     </span>
     <span class='ocr_line' id='line_1_34' title="bbox 99 2271 1063 2325; baseline -0.003 -13"><span class='ocrx_word' id='word_1_194' title='bbox 99 2274 158 2322; x_wconf 84' lang='lat' dir='ltr'><em>Io,</em></span> <span class='ocrx_word' id='word_1_195' title='bbox 182 2271 447 2325; x_wconf 80' lang='lat' dir='ltr'><em>Eoeafrenon,</em></span> <span class='ocrx_word' id='word_1_196' title='bbox 476 2272 524 2312; x_wconf 86' lang='lat' dir='ltr'><em>de</em></span> <span class='ocrx_word' id='word_1_197' title='bbox 540 2271 662 2312; x_wconf 81' lang='lat' dir='ltr'><em>rebus</em></span> <span class='ocrx_word' id='word_1_198' title='bbox 688 2272 1000 2321; x_wconf 82' lang='lat' dir='ltr'><em>Arithemeticis,</em></span> <span class='ocrx_word' id='word_1_199' title='bbox 1015 2271 1063 2310; x_wconf 75' lang='lat' dir='ltr'><em>cle</em></span> 
     </span>
     <span class='ocr_line' id='line_1_35' title="bbox 96 2334 1062 2386; baseline -0.003 -12"><span class='ocrx_word' id='word_1_200' title='bbox 96 2337 274 2386; x_wconf 83' lang='lat' dir='ltr'><em>computo</em></span> <span class='ocrx_word' id='word_1_201' title='bbox 305 2334 504 2373; x_wconf 86' lang='lat' dir='ltr'><em>Lelandus</em></span> <span class='ocrx_word' id='word_1_202' title='bbox 528 2346 570 2379; x_wconf 85' lang='lat' dir='ltr'><em>c.</em></span> <span class='ocrx_word' id='word_1_203' title='bbox 592 2334 685 2373; x_wconf 70' lang='lat'><em>470.</em></span> <span class='ocrx_word' id='word_1_204' title='bbox 708 2335 879 2374; x_wconf 87' lang='lat' dir='ltr'><em>Balaeus</em></span> <span class='ocrx_word' id='word_1_205' title='bbox 898 2335 1062 2374; x_wconf 89' lang='lat' dir='ltr'><em>Centur.</em></span> 
     </span>
     <span class='ocr_line' id='line_1_36' title="bbox 98 2395 622 2438; baseline -0.01 0"><span class='ocrx_word' id='word_1_206' title='bbox 98 2399 141 2438; x_wconf 90' lang='lat' dir='ltr'><em>V.</em></span> <span class='ocrx_word' id='word_1_207' title='bbox 176 2398 237 2436; x_wconf 82' lang='grc'><em>49,</em></span> <span class='ocrx_word' id='word_1_208' title='bbox 269 2397 430 2434; x_wconf 84' lang='lat' dir='ltr'><em>Pitseus</em></span> <span class='ocrx_word' id='word_1_209' title='bbox 461 2407 495 2434; x_wconf 91' lang='lat' dir='ltr'><em>c.</em></span> <span class='ocrx_word' id='word_1_210' title='bbox 529 2395 622 2435; x_wconf 80' lang='grc'><strong>487.</strong></span> 
     </span>
    </p>

    <p class='ocr_par' dir='ltr' id='par_1_8' title="bbox 92 2456 1071 2755">
     <span class='ocr_line' id='line_1_37' title="bbox 150 2456 1062 2509; baseline -0.001 -11"><span class='ocrx_word' id='word_1_211' title='bbox 150 2456 436 2498; x_wconf 81' lang='lat' dir='ltr'><em>RlCHARDUS</em></span> <span class='ocrx_word' id='word_1_212' title='bbox 473 2456 717 2506; x_wconf 83' lang='lat' dir='ltr'><em>Wetherset,</em></span> <span class='ocrx_word' id='word_1_213' title='bbox 748 2458 931 2509; x_wconf 82' lang='lat' dir='ltr'><em>Anglus,</em></span> <span class='ocrx_word' id='word_1_214' title='bbox 962 2458 1062 2497; x_wconf 84' lang='lat' dir='ltr'><em>Aca-</em></span> 
     </span>
     <span class='ocr_line' id='line_1_38' title="bbox 96 2518 1068 2569; baseline -0.004 -8"><span class='ocrx_word' id='word_1_215' title='bbox 96 2521 252 2561; x_wconf 87' lang='lat' dir='ltr'><em>demiae</em></span> <span class='ocrx_word' id='word_1_216' title='bbox 280 2518 622 2569; x_wconf 77' lang='lat' dir='ltr'><em>cantabrigiensis</em></span> <span class='ocrx_word' id='word_1_217' title='bbox 655 2519 927 2557; x_wconf 80' lang='lat' dir='ltr'><em>cancellarius</em></span> <span class='ocrx_word' id='word_1_218' title='bbox 964 2520 1068 2557; x_wconf 88' lang='lat' dir='ltr'><em>circa</em></span> 
     </span>
     <span class='ocr_line' id='line_1_39' title="bbox 92 2579 1068 2631; baseline -0.005 -8"><span class='ocrx_word' id='word_1_219' title='bbox 92 2595 127 2623; x_wconf 87' lang='lat' dir='ltr'><em>a.</em></span> <span class='ocrx_word' id='word_1_220' title='bbox 157 2582 274 2622; x_wconf 86' lang='grc'><strong>1350.</strong></span> <span class='ocrx_word' id='word_1_221' title='bbox 319 2581 489 2631; x_wconf 82' lang='lat' dir='ltr'><em>Scripsit</em></span> <span class='ocrx_word' id='word_1_222' title='bbox 533 2581 741 2619; x_wconf 84' lang='lat' dir='ltr'><em>Summam</em></span> <span class='ocrx_word' id='word_1_223' title='bbox 784 2579 1068 2618; x_wconf 79' lang='lat' dir='ltr'><em>sacerdotalem</em></span> 
     </span>
     <span class='ocr_line' id='line_1_40' title="bbox 96 2640 1070 2696; baseline -0.006 -11"><span class='ocrx_word' id='word_1_224' title='bbox 96 2655 167 2684; x_wconf 79' lang='lat' dir='ltr'><em>seu</em></span> <span class='ocrx_word' id='word_1_225' title='bbox 188 2642 400 2696; x_wconf 83' lang='lat' dir='ltr'><em>Speculum</em></span> <span class='ocrx_word' id='word_1_226' title='bbox 419 2640 798 2680; x_wconf 76' lang='lat' dir='ltr'><em>Ecclesiasticorum</em></span> <span class='ocrx_word' id='word_1_227' title='bbox 817 2671 824 2686; x_wconf 88' lang='lat'><strong>‚</strong></span> <span class='ocrx_word' id='word_1_228' title='bbox 849 2641 896 2679; x_wconf 76' lang='lat' dir='ltr'><em>cle</em></span> <span class='ocrx_word' id='word_1_229' title='bbox 920 2643 1070 2681; x_wconf 84' lang='lat' dir='ltr'><em>Sacra-</em></span> 
     </span>
     <span class='ocr_line' id='line_1_41' title="bbox 95 2702 1071 2755; baseline -0.004 -9"><span class='ocrx_word' id='word_1_230' title='bbox 95 2707 236 2746; x_wconf 82' lang='lat' dir='ltr'><em>mentis</em></span> <span class='ocrx_word' id='word_1_231' title='bbox 266 2702 472 2744; x_wconf 81' lang='lat' dir='ltr'><em>Ecclesiae</em></span> <span class='ocrx_word' id='word_1_232' title='bbox 496 2737 505 2751; x_wconf 83' lang='lat'><em>,</em></span> <span class='ocrx_word' id='word_1_233' title='bbox 543 2704 654 2755; x_wconf 80' lang='lat' dir='ltr'><em>Opus</em></span> <span class='ocrx_word' id='word_1_234' title='bbox 693 2703 960 2741; x_wconf 75' lang='lat' dir='ltr'><em>Homz&#39;liarum</em></span> <span class='ocrx_word' id='word_1_235' title='bbox 982 2735 992 2751; x_wconf 80' lang='lat'><em>,</em></span> <span class='ocrx_word' id='word_1_236' title='bbox 1024 2703 1071 2742; x_wconf 79' lang='lat' dir='ltr'><em>de</em></span> 
     </span>
    </p>
   </div>
   <div class='ocr_carea' id='block_1_3' title="bbox 22 2764 1073 2816">
    <p class='ocr_par' dir='ltr' id='par_1_9' title="bbox 22 2764 1073 2816">
     <span class='ocr_line' id='line_1_42' title="bbox 22 2764 1073 2816; baseline -0.007 -6"><span class='ocrx_word' id='word_1_237' title='bbox 22 2807 25 2811; x_wconf 90' lang='lat'><em>.</em></span> <span class='ocrx_word' id='word_1_238' title='bbox 97 2768 206 2808; x_wconf 80' lang='lat' dir='ltr'><em>vitiis</em></span> <span class='ocrx_word' id='word_1_239' title='bbox 234 2771 272 2806; x_wconf 86' lang='lat' dir='ltr'><em>et</em></span> <span class='ocrx_word' id='word_1_240' title='bbox 296 2765 513 2805; x_wconf 80' lang='lat' dir='ltr'><em>virtutibus</em></span> <span class='ocrx_word' id='word_1_241' title='bbox 530 2798 539 2814; x_wconf 89' lang='lat'><em>,</em></span> <span class='ocrx_word' id='word_1_242' title='bbox 573 2765 619 2804; x_wconf 84' lang='lat' dir='ltr'><em>cle</em></span> <span class='ocrx_word' id='word_1_243' title='bbox 642 2769 823 2816; x_wconf 84' lang='lat' dir='ltr'><em>computo</em></span> <span class='ocrx_word' id='word_1_244' title='bbox 850 2764 1073 2803; x_wconf 75' lang='lat' dir='ltr'><em>Mathema-</em></span> 
     </span>
    </p>
   </div>
   <div class='ocr_carea' id='block_1_4' title="bbox 95 2827 1072 3373">
    <p class='ocr_par' dir='ltr' id='par_1_10' title="bbox 95 2827 1072 3128">
     <span class='ocr_line' id='line_1_43' title="bbox 99 2827 1070 2869; baseline -0.004 0"><span class='ocrx_word' id='word_1_245' title='bbox 99 2834 184 2869; x_wconf 78' lang='lat' dir='ltr'><em>two.</em></span> <span class='ocrx_word' id='word_1_246' title='bbox 217 2829 416 2869; x_wconf 90' lang='lat' dir='ltr'><em>Lelandus</em></span> <span class='ocrx_word' id='word_1_247' title='bbox 445 2840 481 2868; x_wconf 94' lang='lat' dir='ltr'><em>c.</em></span> <span class='ocrx_word' id='word_1_248' title='bbox 510 2829 604 2867; x_wconf 75' lang='lat'><em>253.</em></span> <span class='ocrx_word' id='word_1_249' title='bbox 639 2827 786 2866; x_wconf 83' lang='lat' dir='ltr'><em>Baleus</em></span> <span class='ocrx_word' id='word_1_250' title='bbox 807 2828 987 2867; x_wconf 81' lang='lat' dir='ltr'><em>Cent.V.</em></span> <span class='ocrx_word' id='word_1_251' title='bbox 1006 2827 1070 2865; x_wconf 88' lang='grc'><em>88.</em></span> 
     </span>
     <span class='ocr_line' id='line_1_44' title="bbox 100 2888 1067 2940; baseline -0.004 -9"><span class='ocrx_word' id='word_1_252' title='bbox 100 2893 257 2931; x_wconf 81' lang='lat' dir='ltr'><em>Pitseus</em></span> <span class='ocrx_word' id='word_1_253' title='bbox 285 2902 318 2930; x_wconf 90' lang='lat' dir='ltr'><em>c.</em></span> <span class='ocrx_word' id='word_1_254' title='bbox 343 2891 432 2930; x_wconf 82' lang='lat'><em>565.</em></span> <span class='ocrx_word' id='word_1_255' title='bbox 459 2888 715 2940; x_wconf 73' lang='lat' dir='ltr'><em>Weclrinyler</em></span> <span class='ocrx_word' id='word_1_256' title='bbox 736 2893 903 2928; x_wconf 89' lang='lat' dir='ltr'><em>vocatur</em></span> <span class='ocrx_word' id='word_1_257' title='bbox 929 2890 966 2927; x_wconf 92' lang='lat' dir='ltr'><em>in</em></span> <span class='ocrx_word' id='word_1_258' title='bbox 993 2890 1067 2928; x_wconf 91' lang='lat' dir='ltr'><em>Co-</em></span> 
     </span>
     <span class='ocr_line' id='line_1_45' title="bbox 103 2951 1066 3001; baseline -0.003 -8"><span class='ocrx_word' id='word_1_259' title='bbox 103 2954 195 2993; x_wconf 86' lang='lat' dir='ltr'><em>dice</em></span> <span class='ocrx_word' id='word_1_260' title='bbox 225 2953 322 2992; x_wconf 90' lang='lat' dir='ltr'><em>Bibl.</em></span> <span class='ocrx_word' id='word_1_261' title='bbox 354 2953 442 2992; x_wconf 86' lang='lat' dir='ltr'><em>Soc.</em></span> <span class='ocrx_word' id='word_1_262' title='bbox 473 2954 571 2991; x_wconf 79' lang='lat' dir='ltr'><em>Jesu</em></span> <span class='ocrx_word' id='word_1_263' title='bbox 599 2952 759 2990; x_wconf 86' lang='lat' dir='ltr'><em>Lovanii</em></span> <span class='ocrx_word' id='word_1_264' title='bbox 780 2982 791 2999; x_wconf 78' lang='lat'><em>,</em></span> <span class='ocrx_word' id='word_1_265' title='bbox 822 2952 889 3001; x_wconf 89' lang='lat' dir='ltr'><em>qui</em></span> <span class='ocrx_word' id='word_1_266' title='bbox 934 2951 1066 3001; x_wconf 81' lang='lat' dir='ltr'><em>Opera</em></span> 
     </span>
     <span class='ocr_line' id='line_1_46' title="bbox 102 3012 1072 3063; baseline -0.003 -11"><span class='ocrx_word' id='word_1_267' title='bbox 102 3015 208 3054; x_wconf 89' lang='lat' dir='ltr'><em>illius</em></span> <span class='ocrx_word' id='word_1_268' title='bbox 235 3014 442 3063; x_wconf 87' lang='lat' dir='ltr'><em>continet,</em></span> <span class='ocrx_word' id='word_1_269' title='bbox 488 3017 600 3052; x_wconf 89' lang='lat' dir='ltr'><em>teste</em></span> <span class='ocrx_word' id='word_1_270' title='bbox 644 3013 728 3051; x_wconf 89' lang='lat' dir='ltr'><em>Val.</em></span> <span class='ocrx_word' id='word_1_271' title='bbox 771 3012 930 3052; x_wconf 75' lang='lat' dir='ltr'><em>Andrea</em></span> <span class='ocrx_word' id='word_1_272' title='bbox 974 3012 1072 3051; x_wconf 90' lang='lat' dir='ltr'><em>Bibl.</em></span> 
     </span>
     <span class='ocr_line' id='line_1_47' title="bbox 95 3075 601 3128; baseline -0.008 -12"><span class='ocrx_word' id='word_1_273' title='bbox 95 3077 251 3128; x_wconf 75' lang='lat' dir='ltr'><em>Belgica</em></span> <span class='ocrx_word' id='word_1_274' title='bbox 281 3076 364 3115; x_wconf 87' lang='lat' dir='ltr'><em>MS.</em></span> <span class='ocrx_word' id='word_1_275' title='bbox 397 3076 425 3114; x_wconf 92' lang='lat'><em>1.</em></span> <span class='ocrx_word' id='word_1_276' title='bbox 461 3087 498 3125; x_wconf 90' lang='lat' dir='ltr'><em>p.</em></span> <span class='ocrx_word' id='word_1_277' title='bbox 537 3075 601 3114; x_wconf 78' lang='lat'><em>32.</em></span> 
     </span>
    </p>

    <p class='ocr_par' dir='ltr' id='par_1_11' title="bbox 98 3135 1072 3373">
     <span class='ocr_line' id='line_1_48' title="bbox 150 3135 1072 3186; baseline -0.004 -8"><span class='ocrx_word' id='word_1_278' title='bbox 150 3137 440 3178; x_wconf 81' lang='lat' dir='ltr'><em>RICHARDUS</em></span> <span class='ocrx_word' id='word_1_279' title='bbox 497 3135 796 3186; x_wconf 69' lang='lat' dir='ltr'><em>in&#39;chmyham,</em></span> <span class='ocrx_word' id='word_1_280' title='bbox 845 3136 1072 3176; x_wconf 86' lang='lat' dir='ltr'><em>Norl&#39;olcen-</em></span> 
     </span>
     <span class='ocr_line' id='line_1_49' title="bbox 99 3198 1072 3248; baseline -0.004 -9"><span class='ocrx_word' id='word_1_281' title='bbox 99 3202 177 3248; x_wconf 87' lang='lat' dir='ltr'><em>sis,</em></span> <span class='ocrx_word' id='word_1_282' title='bbox 223 3199 445 3238; x_wconf 84' lang='lat' dir='ltr'><em>monachus</em></span> <span class='ocrx_word' id='word_1_283' title='bbox 488 3198 822 3246; x_wconf 77' lang='lat' dir='ltr'><em>Carmelitauus,</em></span> <span class='ocrx_word' id='word_1_284' title='bbox 870 3199 978 3237; x_wconf 87' lang='lat' dir='ltr'><em>Prior</em></span> <span class='ocrx_word' id='word_1_285' title='bbox 1031 3201 1072 3235; x_wconf 80' lang='lat' dir='ltr'><em>et</em></span> 
     </span>
     <span class='ocr_line' id='line_1_50' title="bbox 100 3260 1069 3312; baseline -0.005 -10"><span class='ocrx_word' id='word_1_286' title='bbox 100 3262 335 3312; x_wconf 82' lang='lat' dir='ltr'><em>Theologiae</em></span> <span class='ocrx_word' id='word_1_287' title='bbox 367 3261 571 3300; x_wconf 82' lang='lat' dir='ltr'><em>Professor</em></span> <span class='ocrx_word' id='word_1_288' title='bbox 608 3261 643 3298; x_wconf 88' lang='lat' dir='ltr'><em>in</em></span> <span class='ocrx_word' id='word_1_289' title='bbox 689 3260 878 3298; x_wconf 76' lang='lat' dir='ltr'><em>coenobio</em></span> <span class='ocrx_word' id='word_1_290' title='bbox 919 3261 1069 3298; x_wconf 84' lang='lat' dir='ltr'><em>Burne-</em></span> 
     </span>
     <span class='ocr_line' id='line_1_51' title="bbox 98 3321 1061 3373; baseline -0.008 -8"><span class='ocrx_word' id='word_1_291' title='bbox 98 3325 303 3373; x_wconf 82' lang='lat' dir='ltr'><em>hamensi,</em></span> <span class='ocrx_word' id='word_1_292' title='bbox 336 3330 450 3362; x_wconf 82' lang='lat' dir='ltr'><em>mort.</em></span> <span class='ocrx_word' id='word_1_293' title='bbox 480 3324 633 3362; x_wconf 81' lang='lat' dir='ltr'><em>Norvici</em></span> <span class='ocrx_word' id='word_1_294' title='bbox 659 3334 691 3359; x_wconf 81' lang='lat' dir='ltr'><em>a.</em></span> <span class='ocrx_word' id='word_1_295' title='bbox 730 3321 841 3361; x_wconf 80' lang='grc'><strong>1381,</strong></span> <span class='ocrx_word' id='word_1_296' title='bbox 887 3321 1061 3371; x_wconf 74' lang='lat' dir='ltr'><em>Scripsit</em></span> 
     </span>
    </p>
   </div>
   <div class='ocr_carea' id='block_1_5' title="bbox 2013 222 2090 263">
    <p class='ocr_par' dir='ltr' id='par_1_12' title="bbox 2013 222 2090 263">
     <span class='ocr_line' id='line_1_52' title="bbox 2013 222 2090 263; baseline 0.026 -2"><span class='ocrx_word' id='word_1_297' title='bbox 2013 222 2090 263; x_wconf 83' lang='lat'><em>389</em></span> 
     </span>
    </p>
   </div>
   <div class='ocr_carea' id='block_1_6' title="bbox 1132 290 2108 3369">
    <p class='ocr_par' dir='ltr' id='par_1_13' title="bbox 1140 290 2091 458">
     <span class='ocr_line' id='line_1_53' title="bbox 1140 290 2089 346; baseline -0.007 -12"><span class='ocrx_word' id='word_1_298' title='bbox 1140 296 1181 334; x_wconf 87' lang='lat' dir='ltr'><em>in</em></span> <span class='ocrx_word' id='word_1_299' title='bbox 1206 296 1381 346; x_wconf 87' lang='lat' dir='ltr'><em>primum</em></span> <span class='ocrx_word' id='word_1_300' title='bbox 1411 298 1446 333; x_wconf 87' lang='lat' dir='ltr'><em>et</em></span> <span class='ocrx_word' id='word_1_301' title='bbox 1474 291 1689 333; x_wconf 82' lang='lat' dir='ltr'><em>secundum</em></span> <span class='ocrx_word' id='word_1_302' title='bbox 1720 290 1868 329; x_wconf 79' lang='lat' dir='ltr'><em>librum</em></span> <span class='ocrx_word' id='word_1_303' title='bbox 1904 290 2089 341; x_wconf 66' lang='lat' dir='ltr'><em>Mayistrz</em></span> 
     </span>
     <span class='ocr_line' id='line_1_54' title="bbox 1140 353 2091 403; baseline -0.006 -7"><span class='ocrx_word' id='word_1_304' title='bbox 1140 357 1461 403; x_wconf 75' lang='lat' dir='ltr'><em>Sententiarum,</em></span> <span class='ocrx_word' id='word_1_305' title='bbox 1486 356 1696 395; x_wconf 80' lang='lat' dir='ltr'><em>Sermones</em></span> <span class='ocrx_word' id='word_1_306' title='bbox 1721 353 1820 393; x_wconf 89' lang='lat' dir='ltr'><em>CVI.</em></span> <span class='ocrx_word' id='word_1_307' title='bbox 1851 354 2009 392; x_wconf 80' lang='lat' dir='ltr'><em>Pitseus</em></span> <span class='ocrx_word' id='word_1_308' title='bbox 2057 364 2091 392; x_wconf 93' lang='lat' dir='ltr'><em>c.</em></span> 
     </span>
     <span class='ocr_line' id='line_1_55' title="bbox 1141 415 1768 458; baseline -0.008 0"><span class='ocrx_word' id='word_1_309' title='bbox 1141 419 1232 458; x_wconf 83' lang='lat'><em>667.</em></span> <span class='ocrx_word' id='word_1_310' title='bbox 1262 420 1430 458; x_wconf 87' lang='lat' dir='ltr'><em>Balaeus</em></span> <span class='ocrx_word' id='word_1_311' title='bbox 1459 419 1573 457; x_wconf 81' lang='lat' dir='ltr'><em>Cent.</em></span> <span class='ocrx_word' id='word_1_312' title='bbox 1606 418 1673 455; x_wconf 85' lang='lat' dir='ltr'><em>XI.</em></span> <span class='ocrx_word' id='word_1_313' title='bbox 1706 415 1768 455; x_wconf 89' lang='lat'><em>47.</em></span> 
     </span>
    </p>

    <p class='ocr_par' dir='ltr' id='par_1_14' title="bbox 1135 477 2098 1332">
     <span class='ocr_line' id='line_1_56' title="bbox 1195 477 2096 527; baseline -0.004 -7"><span class='ocrx_word' id='word_1_314' title='bbox 1195 480 1480 520; x_wconf 82' lang='lat' dir='ltr'><em>RlCllARDUS</em></span> <span class='ocrx_word' id='word_1_315' title='bbox 1510 477 1689 520; x_wconf 78' lang='lat' dir='ltr'><em>Wiclzius</em></span> <span class='ocrx_word' id='word_1_316' title='bbox 1705 508 1714 525; x_wconf 87' lang='lat'><em>,</em></span> <span class='ocrx_word' id='word_1_317' title='bbox 1736 479 1772 514; x_wconf 87' lang='lat' dir='ltr'><em>in</em></span> <span class='ocrx_word' id='word_1_318' title='bbox 1798 477 1940 527; x_wconf 89' lang='lat' dir='ltr'><em>oppido</em></span> <span class='ocrx_word' id='word_1_319' title='bbox 1962 477 2096 516; x_wconf 83' lang='lat' dir='ltr'><em>wich-</em></span> 
     </span>
     <span class='ocr_line' id='line_1_57' title="bbox 1141 539 2097 588; baseline 0.001 -11"><span class='ocrx_word' id='word_1_320' title='bbox 1141 542 1203 580; x_wconf 80' lang='lat' dir='ltr'><em>vel</em></span> <span class='ocrx_word' id='word_1_321' title='bbox 1234 541 1464 580; x_wconf 81' lang='lat' dir='ltr'><em>Dortewich</em></span> <span class='ocrx_word' id='word_1_322' title='bbox 1495 540 1664 578; x_wconf 87' lang='lat' dir='ltr'><em>dioecesi</em></span> <span class='ocrx_word' id='word_1_323' title='bbox 1698 539 1987 588; x_wconf 81' lang='lat' dir='ltr'><em>wigorniensis</em></span> <span class='ocrx_word' id='word_1_324' title='bbox 2029 550 2097 578; x_wconf 92' lang='lat' dir='ltr'><em>na-</em></span> 
     </span>
     <span class='ocr_line' id='line_1_58' title="bbox 1140 599 2092 651; baseline -0.001 -10"><span class='ocrx_word' id='word_1_325' title='bbox 1140 608 1233 649; x_wconf 73' lang='lat' dir='ltr'><em>tus,</em></span> <span class='ocrx_word' id='word_1_326' title='bbox 1261 602 1438 641; x_wconf 87' lang='lat' dir='ltr'><em>Oxoniae</em></span> <span class='ocrx_word' id='word_1_327' title='bbox 1468 607 1509 639; x_wconf 88' lang='lat' dir='ltr'><em>et</em></span> <span class='ocrx_word' id='word_1_328' title='bbox 1539 602 1716 640; x_wconf 85' lang='lat' dir='ltr'><em>Lutetiae</em></span> <span class='ocrx_word' id='word_1_329' title='bbox 1746 599 1891 639; x_wconf 85' lang='lat' dir='ltr'><em>studiis</em></span> <span class='ocrx_word' id='word_1_330' title='bbox 1933 611 2092 651; x_wconf 83' lang='lat' dir='ltr'><em>operam</em></span> 
     </span>
     <span class='ocr_line' id='line_1_59' title="bbox 1138 662 2095 710; baseline -0.003 -7"><span class='ocrx_word' id='word_1_331' title='bbox 1138 664 1273 710; x_wconf 90' lang='lat' dir='ltr'><em>dedit,</em></span> <span class='ocrx_word' id='word_1_332' title='bbox 1292 664 1492 702; x_wconf 86' lang='lat' dir='ltr'><em>Bononiae</em></span> <span class='ocrx_word' id='word_1_333' title='bbox 1521 665 1594 702; x_wconf 82' lang='lat' dir='ltr'><em>Jus</em></span> <span class='ocrx_word' id='word_1_334' title='bbox 1625 664 1869 702; x_wconf 83' lang='lat' dir='ltr'><em>Canonicum</em></span> <span class='ocrx_word' id='word_1_335' title='bbox 1887 662 2040 701; x_wconf 86' lang='lat' dir='ltr'><em>audivit</em></span> <span class='ocrx_word' id='word_1_336' title='bbox 2055 667 2095 701; x_wconf 89' lang='lat' dir='ltr'><em>et</em></span> 
     </span>
     <span class='ocr_line' id='line_1_60' title="bbox 1137 724 2094 774; baseline -0.002 -10"><span class='ocrx_word' id='word_1_337' title='bbox 1137 725 1284 771; x_wconf 90' lang='lat' dir='ltr'><em>docuit,</em></span> <span class='ocrx_word' id='word_1_338' title='bbox 1297 724 1498 764; x_wconf 86' lang='lat' dir='ltr'><em>Aureliani</em></span> <span class='ocrx_word' id='word_1_339' title='bbox 1511 725 1763 774; x_wconf 81' lang='lat' dir='ltr'><em>Theologiam</em></span> <span class='ocrx_word' id='word_1_340' title='bbox 1782 725 1980 763; x_wconf 81' lang='lat' dir='ltr'><em>tractavit.</em></span> <span class='ocrx_word' id='word_1_341' title='bbox 1997 725 2094 762; x_wconf 88' lang='lat' dir='ltr'><em>Hinc</em></span> 
     </span>
     <span class='ocr_line' id='line_1_61' title="bbox 1137 785 2094 838; baseline 0 -14"><span class='ocrx_word' id='word_1_342' title='bbox 1137 788 1309 838; x_wconf 90' lang='lat' dir='ltr'><em>primum</em></span> <span class='ocrx_word' id='word_1_343' title='bbox 1342 786 1582 824; x_wconf 80' lang='lat' dir='ltr'><em>Oxoniensis</em></span> <span class='ocrx_word' id='word_1_344' title='bbox 1613 785 1875 832; x_wconf 81' lang='lat' dir='ltr'><em>Academiae,</em></span> <span class='ocrx_word' id='word_1_345' title='bbox 1908 789 1997 836; x_wconf 89' lang='lat' dir='ltr'><em>post</em></span> <span class='ocrx_word' id='word_1_346' title='bbox 2014 785 2094 824; x_wconf 89' lang='lat' dir='ltr'><em>Ed—</em></span> 
     </span>
     <span class='ocr_line' id='line_1_62' title="bbox 1137 847 2096 898; baseline -0.002 -11"><span class='ocrx_word' id='word_1_347' title='bbox 1137 848 1274 888; x_wconf 91' lang='lat' dir='ltr'><em>mundi</em></span> <span class='ocrx_word' id='word_1_348' title='bbox 1296 847 1593 898; x_wconf 81' lang='lat' dir='ltr'><em>Archiepiscopi</em></span> <span class='ocrx_word' id='word_1_349' title='bbox 1613 847 1914 885; x_wconf 79' lang='lat' dir='ltr'><em>Cantuariensis</em></span> <span class='ocrx_word' id='word_1_350' title='bbox 1931 847 2096 885; x_wconf 86' lang='lat' dir='ltr'><em>Cancel-</em></span> 
     </span>
     <span class='ocr_line' id='line_1_63' title="bbox 1137 907 2095 959; baseline -0.004 -10"><span class='ocrx_word' id='word_1_351' title='bbox 1137 911 1288 959; x_wconf 87' lang='lat' dir='ltr'><em>larius‚</em></span> <span class='ocrx_word' id='word_1_352' title='bbox 1320 910 1481 949; x_wconf 87' lang='lat' dir='ltr'><em>demum</em></span> <span class='ocrx_word' id='word_1_353' title='bbox 1513 921 1548 948; x_wconf 88' lang='lat' dir='ltr'><em>a.</em></span> <span class='ocrx_word' id='word_1_354' title='bbox 1579 908 1695 948; x_wconf 63' lang='grc'><strong>4243.</strong></span> <span class='ocrx_word' id='word_1_355' title='bbox 1729 909 1949 959; x_wconf 84' lang='lat' dir='ltr'><em>Episcopus</em></span> <span class='ocrx_word' id='word_1_356' title='bbox 1987 907 2095 947; x_wconf 78' lang='lat' dir='ltr'><em>Cice-</em></span> 
     </span>
     <span class='ocr_line' id='line_1_64' title="bbox 1136 970 2094 1011; baseline -0.004 0"><span class='ocrx_word' id='word_1_357' title='bbox 1136 974 1321 1011; x_wconf 84' lang='lat' dir='ltr'><em>striensis</em></span> <span class='ocrx_word' id='word_1_358' title='bbox 1350 973 1599 1010; x_wconf 86' lang='lat' dir='ltr'><em>constitutus</em></span> <span class='ocrx_word' id='word_1_359' title='bbox 1635 974 1698 1008; x_wconf 88' lang='lat' dir='ltr'><em>est</em></span> <span class='ocrx_word' id='word_1_360' title='bbox 1753 970 1859 1008; x_wconf 89' lang='lat' dir='ltr'><em>Obiit</em></span> <span class='ocrx_word' id='word_1_361' title='bbox 1901 981 1941 1010; x_wconf 70' lang='lat' dir='ltr'><em>a.</em></span> <span class='ocrx_word' id='word_1_362' title='bbox 1979 971 2094 1009; x_wconf 72' lang='lat'><em>4254.</em></span> 
     </span>
     <span class='ocr_line' id='line_1_65' title="bbox 1138 1031 2098 1085; baseline -0.004 -11"><span class='ocrx_word' id='word_1_363' title='bbox 1138 1035 1307 1085; x_wconf 87' lang='lat' dir='ltr'><em>Scripsit</em></span> <span class='ocrx_word' id='word_1_364' title='bbox 1340 1032 1543 1085; x_wconf 81' lang='lat' dir='ltr'><em>Epistolas</em></span> <span class='ocrx_word' id='word_1_365' title='bbox 1578 1031 1633 1071; x_wconf 89' lang='lat' dir='ltr'><em>ad</em></span> <span class='ocrx_word' id='word_1_366' title='bbox 1670 1032 1933 1072; x_wconf 82' lang='lat' dir='ltr'><em>Innocentiam</em></span> <span class='ocrx_word' id='word_1_367' title='bbox 1964 1032 2028 1070; x_wconf 91' lang='lat' dir='ltr'><em>IV.</em></span> <span class='ocrx_word' id='word_1_368' title='bbox 2058 1038 2098 1071; x_wconf 90' lang='lat' dir='ltr'><em>et</em></span> 
     </span>
     <span class='ocr_line' id='line_1_66' title="bbox 1135 1094 2094 1148; baseline -0.002 -14"><span class='ocrx_word' id='word_1_369' title='bbox 1135 1095 1181 1134; x_wconf 83' lang='lat' dir='ltr'><em>de</em></span> <span class='ocrx_word' id='word_1_370' title='bbox 1204 1094 1497 1135; x_wconf 82' lang='lat' dir='ltr'><em>Ecclesiasticis</em></span> <span class='ocrx_word' id='word_1_371' title='bbox 1522 1094 1671 1148; x_wconf 80' lang='lat' dir='ltr'><em>officiis.</em></span> <span class='ocrx_word' id='word_1_372' title='bbox 1703 1096 1783 1134; x_wconf 66' lang='lat' dir='ltr'><em>Nic.</em></span> <span class='ocrx_word' id='word_1_373' title='bbox 1816 1096 2005 1134; x_wconf 89' lang='lat' dir='ltr'><em>Trivetus</em></span> <span class='ocrx_word' id='word_1_374' title='bbox 2047 1094 2094 1134; x_wconf 87' lang='lat' dir='ltr'><em>ad</em></span> 
     </span>
     <span class='ocr_line' id='line_1_67' title="bbox 1136 1155 2096 1197; baseline -0.003 -1"><span class='ocrx_word' id='word_1_375' title='bbox 1136 1170 1169 1196; x_wconf 92' lang='lat' dir='ltr'><em>a.</em></span> <span class='ocrx_word' id='word_1_376' title='bbox 1203 1159 1320 1197; x_wconf 73' lang='lat'><em>4252.</em></span> <span class='ocrx_word' id='word_1_377' title='bbox 1350 1159 1520 1197; x_wconf 81' lang='lat' dir='ltr'><em>Balaeus</em></span> <span class='ocrx_word' id='word_1_378' title='bbox 1551 1160 1612 1197; x_wconf 93' lang='lat' dir='ltr'><em>lV.</em></span> <span class='ocrx_word' id='word_1_379' title='bbox 1645 1159 1706 1197; x_wconf 75' lang='grc'><em>44.</em></span> <span class='ocrx_word' id='word_1_380' title='bbox 1740 1159 1899 1196; x_wconf 86' lang='lat' dir='ltr'><em>Pitseus</em></span> <span class='ocrx_word' id='word_1_381' title='bbox 1932 1168 1965 1195; x_wconf 92' lang='lat' dir='ltr'><em>c.</em></span> <span class='ocrx_word' id='word_1_382' title='bbox 2006 1155 2096 1196; x_wconf 57' lang='lat'><em>1457.</em></span> 
     </span>
     <span class='ocr_line' id='line_1_68' title="bbox 1138 1218 2097 1271; baseline -0.002 -13"><span class='ocrx_word' id='word_1_383' title='bbox 1138 1221 1311 1259; x_wconf 79' lang='lat' dir='ltr'><em>Bulaeus</em></span> <span class='ocrx_word' id='word_1_384' title='bbox 1341 1225 1434 1258; x_wconf 89' lang='lat' dir='ltr'><em>tom.</em></span> <span class='ocrx_word' id='word_1_385' title='bbox 1467 1221 1530 1259; x_wconf 91' lang='grc'><strong>111.</strong></span> <span class='ocrx_word' id='word_1_386' title='bbox 1562 1231 1647 1271; x_wconf 81' lang='lat' dir='ltr'><em>pag.</em></span> <span class='ocrx_word' id='word_1_387' title='bbox 1682 1220 1769 1258; x_wconf 89' lang='lat'>708.</span> <span class='ocrx_word' id='word_1_388' title='bbox 1796 1220 1883 1259; x_wconf 83' lang='lat' dir='ltr'><em>Car.</em></span> <span class='ocrx_word' id='word_1_389' title='bbox 1910 1218 1958 1258; x_wconf 87' lang='lat' dir='ltr'><em>de</em></span> <span class='ocrx_word' id='word_1_390' title='bbox 1980 1218 2097 1257; x_wconf 79' lang='lat' dir='ltr'><em>Viscli</em></span> 
     </span>
     <span class='ocr_line' id='line_1_69' title="bbox 1137 1281 2098 1332; baseline -0.002 -12"><span class='ocrx_word' id='word_1_391' title='bbox 1137 1282 1233 1320; x_wconf 91' lang='lat' dir='ltr'><em>Bibl.</em></span> <span class='ocrx_word' id='word_1_392' title='bbox 1266 1283 1515 1332; x_wconf 84' lang='lat' dir='ltr'><em>Scriptorum</em></span> <span class='ocrx_word' id='word_1_393' title='bbox 1546 1282 1937 1321; x_wconf 84' lang='lat' dir='ltr'><em>Ord.Cisterciensis</em></span> <span class='ocrx_word' id='word_1_394' title='bbox 1954 1293 1989 1331; x_wconf 90' lang='lat' dir='ltr'><em>p.</em></span> <span class='ocrx_word' id='word_1_395' title='bbox 2007 1281 2098 1319; x_wconf 73' lang='lat'><em>288.</em></span> 
     </span>
    </p>

    <p class='ocr_par' dir='ltr' id='par_1_15' title="bbox 1137 1342 2100 1569">
     <span class='ocr_line' id='line_1_70' title="bbox 1192 1342 2100 1395; baseline -0.003 -12"><span class='ocrx_word' id='word_1_396' title='bbox 1192 1345 1213 1368; x_wconf 46' lang='grc' dir='ltr'>Ἐ</span> <span class='ocrx_word' id='word_1_397' title='bbox 1243 1344 1428 1383; x_wconf 84' lang='lat' dir='ltr'><em>Richardi</em></span> <span class='ocrx_word' id='word_1_398' title='bbox 1453 1344 1574 1382; x_wconf 85' lang='lat' dir='ltr'><em>huius</em></span> <span class='ocrx_word' id='word_1_399' title='bbox 1595 1346 1756 1383; x_wconf 85' lang='lat' dir='ltr'><em>Statuta</em></span> <span class='ocrx_word' id='word_1_400' title='bbox 1779 1342 2004 1395; x_wconf 75' lang='lat' dir='ltr'><em>Synoclalia</em></span> <span class='ocrx_word' id='word_1_401' title='bbox 2023 1353 2100 1381; x_wconf 91' lang='lat' dir='ltr'><em>non</em></span> 
     </span>
     <span class='ocr_line' id='line_1_71' title="bbox 1137 1404 2098 1456; baseline -0.004 -11"><span class='ocrx_word' id='word_1_402' title='bbox 1137 1410 1230 1445; x_wconf 89' lang='lat' dir='ltr'><em>ante</em></span> <span class='ocrx_word' id='word_1_403' title='bbox 1261 1406 1411 1444; x_wconf 87' lang='lat' dir='ltr'><em>multos</em></span> <span class='ocrx_word' id='word_1_404' title='bbox 1440 1416 1566 1444; x_wconf 89' lang='lat' dir='ltr'><em>annos</em></span> <span class='ocrx_word' id='word_1_405' title='bbox 1591 1405 1800 1456; x_wconf 80' lang='lat' dir='ltr'><em>evulgavit</em></span> <span class='ocrx_word' id='word_1_406' title='bbox 1844 1405 1892 1443; x_wconf 89' lang='lat' dir='ltr'><em>cl.</em></span> <span class='ocrx_word' id='word_1_407' title='bbox 1925 1404 2098 1442; x_wconf 78' lang='lat' dir='ltr'><em>&#39;wilkins</em></span> 
     </span>
     <span class='ocr_line' id='line_1_72' title="bbox 1140 1465 2096 1507; baseline -0.002 -2"><span class='ocrx_word' id='word_1_408' title='bbox 1140 1470 1176 1506; x_wconf 92' lang='lat' dir='ltr'><em>in</em></span> <span class='ocrx_word' id='word_1_409' title='bbox 1209 1467 1397 1507; x_wconf 90' lang='lat' dir='ltr'><em>Conciliis</em></span> <span class='ocrx_word' id='word_1_410' title='bbox 1426 1468 1473 1505; x_wconf 93' lang='lat' dir='ltr'><em>M.</em></span> <span class='ocrx_word' id='word_1_411' title='bbox 1504 1468 1731 1505; x_wconf 85' lang='lat' dir='ltr'><em>Britanniae</em></span> <span class='ocrx_word' id='word_1_412' title='bbox 1773 1470 1850 1505; x_wconf 79' lang='lat' dir='ltr'><em>etc.</em></span> <span class='ocrx_word' id='word_1_413' title='bbox 1878 1471 1974 1505; x_wconf 89' lang='lat' dir='ltr'><em>tom.</em></span> <span class='ocrx_word' id='word_1_414' title='bbox 2004 1467 2016 1503; x_wconf 95' lang='lat' dir='ltr'><em>l</em></span> <span class='ocrx_word' id='word_1_415' title='bbox 2048 1465 2096 1504; x_wconf 89' lang='lat' dir='ltr'><em>ad</em></span> 
     </span>
     <span class='ocr_line' id='line_1_73' title="bbox 1139 1528 1418 1569; baseline -0.007 -1"><span class='ocrx_word' id='word_1_416' title='bbox 1139 1529 1217 1568; x_wconf 80' lang='lat' dir='ltr'><em>An.</em></span> <span class='ocrx_word' id='word_1_417' title='bbox 1249 1530 1365 1569; x_wconf 74' lang='grc'><strong>4246.</strong></span> <span class='ocrx_word' id='word_1_418' title='bbox 1396 1528 1418 1551; x_wconf 81' lang='lat'><em>*</em></span> 
     </span>
    </p>

    <p class='ocr_par' dir='ltr' id='par_1_16' title="bbox 1132 1588 2105 2074">
     <span class='ocr_line' id='line_1_74' title="bbox 1191 1588 2099 1636; baseline -0.003 -7"><span class='ocrx_word' id='word_1_419' title='bbox 1191 1590 1480 1630; x_wconf 72' lang='lat' dir='ltr'><em>RICHARDUS</em></span> <span class='ocrx_word' id='word_1_420' title='bbox 1510 1588 1715 1636; x_wconf 80' lang='lat' dir='ltr'><em>Wz&#39;chius,</em></span> <span class='ocrx_word' id='word_1_421' title='bbox 1745 1589 1862 1628; x_wconf 87' lang='lat' dir='ltr'><em>Baleo</em></span> <span class='ocrx_word' id='word_1_422' title='bbox 1893 1593 1933 1627; x_wconf 86' lang='lat' dir='ltr'><em>et</em></span> <span class='ocrx_word' id='word_1_423' title='bbox 1949 1589 2099 1628; x_wconf 85' lang='lat' dir='ltr'><em>Gesne-</em></span> 
     </span>
     <span class='ocr_line' id='line_1_75' title="bbox 1140 1651 2100 1700; baseline -0.003 -8"><span class='ocrx_word' id='word_1_424' title='bbox 1140 1664 1180 1691; x_wconf 90' lang='lat' dir='ltr'><em>ro</em></span> <span class='ocrx_word' id='word_1_425' title='bbox 1212 1651 1391 1700; x_wconf 66' lang='lat' dir='ltr'><em>Wzffius,</em></span> <span class='ocrx_word' id='word_1_426' title='bbox 1417 1651 1575 1690; x_wconf 87' lang='lat' dir='ltr'><em>Wiclefi</em></span> <span class='ocrx_word' id='word_1_427' title='bbox 1605 1656 1778 1690; x_wconf 82' lang='lat' dir='ltr'><em>sectator</em></span> <span class='ocrx_word' id='word_1_428' title='bbox 1800 1653 1902 1690; x_wconf 83' lang='lat' dir='ltr'><em>circa</em></span> <span class='ocrx_word' id='word_1_429' title='bbox 1933 1651 2100 1690; x_wconf 78' lang='lat' dir='ltr'><em>a.4390.</em></span> 
     </span>
     <span class='ocr_line' id='line_1_76' title="bbox 1140 1712 2100 1765; baseline -0.001 -13"><span class='ocrx_word' id='word_1_430' title='bbox 1140 1716 1308 1765; x_wconf 67' lang='lat' dir='ltr'><em>Scripsit</em></span> <span class='ocrx_word' id='word_1_431' title='bbox 1350 1717 1490 1753; x_wconf 82' lang='lat' dir='ltr'><em>contra</em></span> <span class='ocrx_word' id='word_1_432' title='bbox 1532 1712 1809 1752; x_wconf 76' lang='lat' dir='ltr'><em>venerationes</em></span> <span class='ocrx_word' id='word_1_433' title='bbox 1852 1713 2100 1764; x_wconf 74' lang='lat' dir='ltr'><em>imayinum,</em></span> 
     </span>
     <span class='ocr_line' id='line_1_77' title="bbox 1135 1773 2097 1828; baseline -0.004 -11"><span class='ocrx_word' id='word_1_434' title='bbox 1135 1779 1335 1828; x_wconf 82' lang='lat' dir='ltr'><em>Responsa</em></span> <span class='ocrx_word' id='word_1_435' title='bbox 1356 1775 1410 1814; x_wconf 86' lang='lat' dir='ltr'><em>ad</em></span> <span class='ocrx_word' id='word_1_436' title='bbox 1432 1775 1531 1814; x_wconf 90' lang='lat' dir='ltr'><em>XIV.</em></span> <span class='ocrx_word' id='word_1_437' title='bbox 1546 1773 1761 1823; x_wconf 76' lang='lat' dir='ltr'><em>articulus,</em></span> <span class='ocrx_word' id='word_1_438' title='bbox 1781 1774 1995 1814; x_wconf 82' lang='lat' dir='ltr'><em>Conciones</em></span> <span class='ocrx_word' id='word_1_439' title='bbox 2010 1773 2097 1813; x_wconf 85' lang='lat' dir='ltr'><em>vul-</em></span> 
     </span>
     <span class='ocr_line' id='line_1_78' title="bbox 1132 1837 2101 1890; baseline -0.002 -12"><span class='ocrx_word' id='word_1_440' title='bbox 1132 1849 1279 1890; x_wconf 79' lang='lat' dir='ltr'><em>9ares,</em></span> <span class='ocrx_word' id='word_1_441' title='bbox 1305 1843 1344 1876; x_wconf 88' lang='lat' dir='ltr'><em>et</em></span> <span class='ocrx_word' id='word_1_442' title='bbox 1374 1839 1448 1876; x_wconf 88' lang='lat' dir='ltr'><em>hoc</em></span> <span class='ocrx_word' id='word_1_443' title='bbox 1479 1838 1639 1875; x_wconf 88' lang='lat' dir='ltr'><em>nomine</em></span> <span class='ocrx_word' id='word_1_444' title='bbox 1669 1849 1759 1876; x_wconf 91' lang='lat' dir='ltr'><em>eum</em></span> <span class='ocrx_word' id='word_1_445' title='bbox 1779 1837 1913 1876; x_wconf 87' lang='lat' dir='ltr'><em>laudat</em></span> <span class='ocrx_word' id='word_1_446' title='bbox 1937 1837 2101 1876; x_wconf 87' lang='lat' dir='ltr'><em>Balaeus</em></span> 
     </span>
     <span class='ocr_line' id='line_1_79' title="bbox 1139 1896 2100 1947; baseline -0.004 -10"><span class='ocrx_word' id='word_1_447' title='bbox 1139 1900 1220 1937; x_wconf 86' lang='lat' dir='ltr'><em>Vll.</em></span> <span class='ocrx_word' id='word_1_448' title='bbox 1252 1899 1312 1937; x_wconf 91' lang='grc'><em>40.</em></span> <span class='ocrx_word' id='word_1_449' title='bbox 1343 1899 1491 1938; x_wconf 87' lang='lat' dir='ltr'><em>Contra</em></span> <span class='ocrx_word' id='word_1_450' title='bbox 1515 1898 1673 1936; x_wconf 86' lang='lat' dir='ltr'><em>Pitseus</em></span> <span class='ocrx_word' id='word_1_451' title='bbox 1703 1896 1884 1947; x_wconf 81' lang='lat' dir='ltr'><em>Appeud,</em></span> <span class='ocrx_word' id='word_1_452' title='bbox 1903 1896 2100 1935; x_wconf 81' lang='lat' dir='ltr'><em>Cent.lll.</em></span> 
     </span>
     <span class='ocr_line' id='line_1_80' title="bbox 1141 1956 2105 2012; baseline -0.006 -12"><span class='ocrx_word' id='word_1_453' title='bbox 1141 1961 1206 2000; x_wconf 83' lang='lat'><em>97.</em></span> <span class='ocrx_word' id='word_1_454' title='bbox 1242 1959 1539 2012; x_wconf 85' lang='lat' dir='ltr'><em>Confessionem</em></span> <span class='ocrx_word' id='word_1_455' title='bbox 1562 1962 1600 1997; x_wconf 89' lang='lat' dir='ltr'><em>et</em></span> <span class='ocrx_word' id='word_1_456' title='bbox 1620 1961 1944 1997; x_wconf 76' lang='lat' dir='ltr'><em>retractationem</em></span> <span class='ocrx_word' id='word_1_457' title='bbox 1967 1956 2105 1995; x_wconf 75' lang='lat' dir='ltr'><em>haere-</em></span> 
     </span>
     <span class='ocr_line' id='line_1_81' title="bbox 1138 2018 1917 2074; baseline -0.006 -12"><span class='ocrx_word' id='word_1_458' title='bbox 1138 2033 1225 2062; x_wconf 85' lang='lat' dir='ltr'><em>seos</em></span> <span class='ocrx_word' id='word_1_459' title='bbox 1247 2021 1515 2074; x_wconf 78' lang='lat' dir='ltr'><em>Wicleffianae</em></span> <span class='ocrx_word' id='word_1_460' title='bbox 1545 2022 1756 2071; x_wconf 85' lang='lat' dir='ltr'><em>scripsisse</em></span> <span class='ocrx_word' id='word_1_461' title='bbox 1785 2018 1917 2058; x_wconf 86' lang='lat' dir='ltr'><em>tradit.</em></span> 
     </span>
    </p>

    <p class='ocr_par' dir='ltr' id='par_1_17' title="bbox 1138 2081 2104 2317">
     <span class='ocr_line' id='line_1_82' title="bbox 1192 2081 2103 2133; baseline -0.004 -10"><span class='ocrx_word' id='word_1_462' title='bbox 1192 2083 1478 2123; x_wconf 74' lang='lat' dir='ltr'><em>RlCHARDUS</em></span> <span class='ocrx_word' id='word_1_463' title='bbox 1511 2081 1823 2133; x_wconf 73' lang='lat' dir='ltr'><em>Wiyorniensis,</em></span> <span class='ocrx_word' id='word_1_464' title='bbox 1852 2081 1970 2131; x_wconf 88' lang='lat' dir='ltr'><em>cujus</em></span> <span class='ocrx_word' id='word_1_465' title='bbox 2002 2082 2103 2121; x_wconf 87' lang='lat' dir='ltr'><em>Car-</em></span> 
     </span>
     <span class='ocr_line' id='line_1_83' title="bbox 1138 2143 2100 2194; baseline -0.006 -9"><span class='ocrx_word' id='word_1_466' title='bbox 1138 2158 1226 2185; x_wconf 88' lang='lat' dir='ltr'><em>men</em></span> <span class='ocrx_word' id='word_1_467' title='bbox 1252 2147 1295 2185; x_wconf 75' lang='lat' dir='ltr'><em>in</em></span> <span class='ocrx_word' id='word_1_468' title='bbox 1339 2149 1506 2184; x_wconf 83' lang='lat' dir='ltr'><em>mortem</em></span> <span class='ocrx_word' id='word_1_469' title='bbox 1545 2143 1710 2184; x_wconf 74' lang='lat' dir='ltr'><em>Hem-ici</em></span> <span class='ocrx_word' id='word_1_470' title='bbox 1754 2144 1785 2181; x_wconf 92' lang='lat' dir='ltr'><em>I.</em></span> <span class='ocrx_word' id='word_1_471' title='bbox 1825 2144 1941 2194; x_wconf 75' lang='lat' dir='ltr'><em>Reyis</em></span> <span class='ocrx_word' id='word_1_472' title='bbox 1970 2148 2033 2182; x_wconf 87' lang='lat' dir='ltr'><em>est</em></span> <span class='ocrx_word' id='word_1_473' title='bbox 2063 2145 2100 2180; x_wconf 87' lang='lat' dir='ltr'><em>in</em></span> 
     </span>
     <span class='ocr_line' id='line_1_84' title="bbox 1139 2200 2104 2257; baseline -0.004 -10"><span class='ocrx_word' id='word_1_474' title='bbox 1139 2200 1238 2247; x_wconf 84' lang='lat' dir='ltr'><em>Bibl.</em></span> <span class='ocrx_word' id='word_1_475' title='bbox 1267 2208 1385 2257; x_wconf 82' lang='lat' dir='ltr'><em>Regia</em></span> <span class='ocrx_word' id='word_1_476' title='bbox 1417 2206 1672 2245; x_wconf 91' lang='lat' dir='ltr'><em>Londinensi.</em></span> <span class='ocrx_word' id='word_1_477' title='bbox 1704 2205 1887 2245; x_wconf 85' lang='lat' dir='ltr'><em>Bern.de</em></span> <span class='ocrx_word' id='word_1_478' title='bbox 1909 2205 2104 2244; x_wconf 85' lang='lat' dir='ltr'><em>Montfau-</em></span> 
     </span>
     <span class='ocr_line' id='line_1_85' title="bbox 1140 2267 2022 2317; baseline -0.003 -10"><span class='ocrx_word' id='word_1_479' title='bbox 1140 2280 1212 2308; x_wconf 89' lang='lat' dir='ltr'><em>con</em></span> <span class='ocrx_word' id='word_1_480' title='bbox 1242 2269 1340 2308; x_wconf 83' lang='lat' dir='ltr'><em>Bibl.</em></span> <span class='ocrx_word' id='word_1_481' title='bbox 1372 2267 1706 2307; x_wconf 89' lang='lat' dir='ltr'><em>Bibliothecarum</em></span> <span class='ocrx_word' id='word_1_482' title='bbox 1738 2267 1846 2305; x_wconf 86' lang='lat' dir='ltr'><em>MSS.</em></span> <span class='ocrx_word' id='word_1_483' title='bbox 1872 2278 1907 2317; x_wconf 92' lang='lat' dir='ltr'><em>p.</em></span> <span class='ocrx_word' id='word_1_484' title='bbox 1928 2267 2022 2304; x_wconf 77' lang='lat'><em>268.</em></span> 
     </span>
    </p>

    <p class='ocr_par' dir='ltr' id='par_1_18' title="bbox 1141 2326 2108 3182">
     <span class='ocr_line' id='line_1_86' title="bbox 1194 2326 2102 2377; baseline -0.006 -8"><span class='ocrx_word' id='word_1_485' title='bbox 1194 2329 1480 2370; x_wconf 82' lang='lat' dir='ltr'><em>RICHARDUS</em></span> <span class='ocrx_word' id='word_1_486' title='bbox 1524 2327 1747 2375; x_wconf 84' lang='lat' dir='ltr'><em>Wiltonus‚</em></span> <span class='ocrx_word' id='word_1_487' title='bbox 1778 2327 1959 2377; x_wconf 82' lang='lat' dir='ltr'><em>Ang1us,</em></span> <span class='ocrx_word' id='word_1_488' title='bbox 1989 2326 2102 2365; x_wconf 87' lang='lat' dir='ltr'><em>Ordi-</em></span> 
     </span>
     <span class='ocr_line' id='line_1_87' title="bbox 1141 2388 2103 2437; baseline -0.005 -6"><span class='ocrx_word' id='word_1_489' title='bbox 1141 2393 1203 2432; x_wconf 88' lang='lat' dir='ltr'><em>nis</em></span> <span class='ocrx_word' id='word_1_490' title='bbox 1233 2393 1303 2431; x_wconf 94' lang='lat' dir='ltr'><em>SS.</em></span> <span class='ocrx_word' id='word_1_491' title='bbox 1332 2392 1539 2431; x_wconf 81' lang='lat' dir='ltr'><em>Trinitatis</em></span> <span class='ocrx_word' id='word_1_492' title='bbox 1569 2390 1789 2437; x_wconf 87' lang='lat' dir='ltr'><em>Alumnus‚</em></span> <span class='ocrx_word' id='word_1_493' title='bbox 1818 2388 1867 2427; x_wconf 89' lang='lat' dir='ltr'><em>ab</em></span> <span class='ocrx_word' id='word_1_494' title='bbox 1910 2389 2103 2427; x_wconf 88' lang='lat' dir='ltr'><em>Innocen-</em></span> 
     </span>
     <span class='ocr_line' id='line_1_88' title="bbox 1143 2450 2104 2503; baseline -0.007 -9"><span class='ocrx_word' id='word_1_495' title='bbox 1143 2456 1196 2494; x_wconf 91' lang='lat' dir='ltr'><em>tio</em></span> <span class='ocrx_word' id='word_1_496' title='bbox 1226 2454 1294 2493; x_wconf 89' lang='lat' dir='ltr'><em>Ill.</em></span> <span class='ocrx_word' id='word_1_497' title='bbox 1339 2453 1677 2503; x_wconf 79' lang='lat' dir='ltr'><em>Archiepiscopus</em></span> <span class='ocrx_word' id='word_1_498' title='bbox 1720 2450 2021 2498; x_wconf 79' lang='lat' dir='ltr'><em>Armachanus,</em></span> <span class='ocrx_word' id='word_1_499' title='bbox 2062 2455 2104 2487; x_wconf 82' lang='lat' dir='ltr'><em>et</em></span> 
     </span>
     <span class='ocr_line' id='line_1_89' title="bbox 1143 2511 2103 2563; baseline -0.006 -8"><span class='ocrx_word' id='word_1_500' title='bbox 1143 2518 1295 2555; x_wconf 87' lang='lat' dir='ltr'><em>Primas</em></span> <span class='ocrx_word' id='word_1_501' title='bbox 1325 2515 1566 2561; x_wconf 86' lang='lat' dir='ltr'><em>Kiberniae‚</em></span> <span class='ocrx_word' id='word_1_502' title='bbox 1596 2525 1617 2551; x_wconf 89' lang='lat' dir='ltr'><em>a</em></span> <span class='ocrx_word' id='word_1_503' title='bbox 1648 2513 1834 2563; x_wconf 85' lang='lat' dir='ltr'><em>Gregorio</em></span> <span class='ocrx_word' id='word_1_504' title='bbox 1852 2513 1919 2550; x_wconf 78' lang='lat' dir='ltr'><em>lx.</em></span> <span class='ocrx_word' id='word_1_505' title='bbox 1937 2511 2103 2560; x_wconf 71' lang='lat' dir='ltr'><em>Presby-</em></span> 
     </span>
     <span class='ocr_line' id='line_1_90' title="bbox 1145 2573 2103 2624; baseline -0.007 -8"><span class='ocrx_word' id='word_1_506' title='bbox 1145 2582 1205 2616; x_wconf 79' lang='lat' dir='ltr'><em>ter</em></span> <span class='ocrx_word' id='word_1_507' title='bbox 1234 2575 1459 2616; x_wconf 90' lang='lat' dir='ltr'><em>Cardinalis</em></span> <span class='ocrx_word' id='word_1_508' title='bbox 1488 2575 1603 2613; x_wconf 89' lang='lat' dir='ltr'><em>titulo</em></span> <span class='ocrx_word' id='word_1_509' title='bbox 1635 2575 1672 2613; x_wconf 84' lang='lat' dir='ltr'><em>S.</em></span> <span class='ocrx_word' id='word_1_510' title='bbox 1699 2573 1889 2624; x_wconf 85' lang='lat' dir='ltr'><em>Stephani</em></span> <span class='ocrx_word' id='word_1_511' title='bbox 1913 2575 1950 2612; x_wconf 90' lang='lat' dir='ltr'><em>in</em></span> <span class='ocrx_word' id='word_1_512' title='bbox 1970 2577 2103 2611; x_wconf 85' lang='lat' dir='ltr'><em>monte</em></span> 
     </span>
     <span class='ocr_line' id='line_1_91' title="bbox 1145 2634 2104 2686; baseline -0.006 -8"><span class='ocrx_word' id='word_1_513' title='bbox 1145 2639 1276 2678; x_wconf 85' lang='lat' dir='ltr'><em>Coelio</em></span> <span class='ocrx_word' id='word_1_514' title='bbox 1304 2641 1462 2676; x_wconf 75' lang='lat' dir='ltr'><em>creatus</em></span> <span class='ocrx_word' id='word_1_515' title='bbox 1485 2666 1493 2683; x_wconf 83' lang='lat'>,</span> <span class='ocrx_word' id='word_1_516' title='bbox 1519 2637 1679 2686; x_wconf 88' lang='lat' dir='ltr'><em>scripsit</em></span> <span class='ocrx_word' id='word_1_517' title='bbox 1702 2635 1749 2674; x_wconf 83' lang='lat' dir='ltr'><em>(le</em></span> <span class='ocrx_word' id='word_1_518' title='bbox 1773 2636 1815 2674; x_wconf 90' lang='lat' dir='ltr'><em>B.</em></span> <span class='ocrx_word' id='word_1_519' title='bbox 1840 2634 1995 2673; x_wconf 78' lang='lat' dir='ltr'><em>Mariae</em></span> <span class='ocrx_word' id='word_1_520' title='bbox 2020 2634 2104 2673; x_wconf 81' lang='lat' dir='ltr'><em>vir-</em></span> 
     </span>
     <span class='ocr_line' id='line_1_92' title="bbox 1144 2696 2105 2751; baseline -0.004 -14"><span class='ocrx_word' id='word_1_521' title='bbox 1144 2701 1249 2751; x_wconf 70' lang='lat' dir='ltr'><em>qi&#39;nis</em></span> <span class='ocrx_word' id='word_1_522' title='bbox 1274 2697 1477 2738; x_wconf 82' lang='lat' dir='ltr'><em>doloribus</em></span> <span class='ocrx_word' id='word_1_523' title='bbox 1506 2696 1628 2736; x_wconf 85' lang='lat' dir='ltr'><em>libros</em></span> <span class='ocrx_word' id='word_1_524' title='bbox 1655 2699 1675 2736; x_wconf 90' lang='lat' dir='ltr'><em>I</em></span> <span class='ocrx_word' id='word_1_525' title='bbox 1681 2699 1716 2735; x_wconf 92' lang='lat' dir='ltr'><em>V.</em></span> <span class='ocrx_word' id='word_1_526' title='bbox 1741 2697 1786 2735; x_wconf 85' lang='lat' dir='ltr'><em>(le</em></span> <span class='ocrx_word' id='word_1_527' title='bbox 1810 2696 1981 2735; x_wconf 70' lang='lat' dir='ltr'><em>auoeiliis</em></span> <span class='ocrx_word' id='word_1_528' title='bbox 2005 2696 2105 2735; x_wconf 77' lang='lat' dir='ltr'><em>divi—</em></span> 
     </span>
     <span class='ocr_line' id='line_1_93' title="bbox 1148 2758 2105 2813; baseline -0.004 -13"><span class='ocrx_word' id='word_1_529' title='bbox 1148 2775 1222 2800; x_wconf 84' lang='lat' dir='ltr'><em>nae</em></span> <span class='ocrx_word' id='word_1_530' title='bbox 1247 2761 1406 2813; x_wconf 70' lang='lat' dir='ltr'><em>qratiae</em></span> <span class='ocrx_word' id='word_1_531' title='bbox 1437 2758 1560 2798; x_wconf 86' lang='lat' dir='ltr'><em>libros</em></span> <span class='ocrx_word' id='word_1_532' title='bbox 1589 2761 1653 2798; x_wconf 75' lang='lat' dir='ltr'><em>JV.</em></span> <span class='ocrx_word' id='word_1_533' title='bbox 1681 2760 1720 2798; x_wconf 85' lang='lat' dir='ltr'><em>in</em></span> <span class='ocrx_word' id='word_1_534' title='bbox 1744 2759 1981 2809; x_wconf 79' lang='lat' dir='ltr'><em>.l!c191&#39;strum</em></span> <span class='ocrx_word' id='word_1_535' title='bbox 2002 2760 2105 2810; x_wconf 62' lang='grc' dir='ltr'><strong>,86η-</strong></span> 
     </span>
     <span class='ocr_line' id='line_1_94' title="bbox 1148 2820 2108 2863; baseline -0.005 0"><span class='ocrx_word' id='word_1_536' title='bbox 1148 2824 1359 2863; x_wconf 83' lang='lat' dir='ltr'><em>tentiarum</em></span> <span class='ocrx_word' id='word_1_537' title='bbox 1386 2821 1508 2860; x_wconf 83' lang='lat' dir='ltr'><em>libros</em></span> <span class='ocrx_word' id='word_1_538' title='bbox 1537 2823 1576 2861; x_wconf 82' lang='lat' dir='ltr'><em>V.</em></span> <span class='ocrx_word' id='word_1_539' title='bbox 1612 2823 1751 2860; x_wconf 85' lang='lat' dir='ltr'><em>contra</em></span> <span class='ocrx_word' id='word_1_540' title='bbox 1789 2820 2006 2860; x_wconf 77' lang='lat' dir='ltr'><em>haereticos</em></span> <span class='ocrx_word' id='word_1_541' title='bbox 2041 2821 2108 2859; x_wconf 82' lang='lat' dir='ltr'><em>sui</em></span> 
     </span>
     <span class='ocr_line' id='line_1_95' title="bbox 1147 2881 2100 2935; baseline -0.005 -9"><span class='ocrx_word' id='word_1_542' title='bbox 1147 2884 1296 2935; x_wconf 80' lang='lat' dir='ltr'><em>seculi,</em></span> <span class='ocrx_word' id='word_1_543' title='bbox 1337 2885 1383 2925; x_wconf 82' lang='lat' dir='ltr'><em>de</em></span> <span class='ocrx_word' id='word_1_544' title='bbox 1420 2883 1718 2923; x_wconf 81' lang='lat' dir='ltr'><em>immortalitate</em></span> <span class='ocrx_word' id='word_1_545' title='bbox 1754 2883 1911 2922; x_wconf 80' lang='lat' dir='ltr'><em>animae</em></span> <span class='ocrx_word' id='word_1_546' title='bbox 1944 2881 2035 2922; x_wconf 85' lang='lat' dir='ltr'><em>libr.</em></span> <span class='ocrx_word' id='word_1_547' title='bbox 2075 2884 2100 2921; x_wconf 92' lang='grc' dir='ltr'><em>Ῑ.</em></span> 
     </span>
     <span class='ocr_line' id='line_1_96' title="bbox 1150 2943 2102 2991; baseline -0.004 -4"><span class='ocrx_word' id='word_1_548' title='bbox 1150 2946 1449 2988; x_wconf 75' lang='lat' dir='ltr'><em>commentaria</em></span> <span class='ocrx_word' id='word_1_549' title='bbox 1479 2946 1519 2984; x_wconf 82' lang='lat' dir='ltr'><em>in</em></span> <span class='ocrx_word' id='word_1_550' title='bbox 1553 2945 1721 2984; x_wconf 83' lang='lat' dir='ltr'><em>Genesin</em></span> <span class='ocrx_word' id='word_1_551' title='bbox 1758 2949 1796 2983; x_wconf 86' lang='lat' dir='ltr'><em>et</em></span> <span class='ocrx_word' id='word_1_552' title='bbox 1835 2943 2102 2991; x_wconf 81' lang='lat' dir='ltr'><em>Hieremiam,</em></span> 
     </span>
     <span class='ocr_line' id='line_1_97' title="bbox 1149 3005 2102 3059; baseline -0.002 -12"><span class='ocrx_word' id='word_1_553' title='bbox 1149 3008 1472 3059; x_wconf 85' lang='lat' dir='ltr'><em>Quodlibetorum</em></span> <span class='ocrx_word' id='word_1_554' title='bbox 1513 3007 1809 3059; x_wconf 75' lang='lat' dir='ltr'><em>disputatorum</em></span> <span class='ocrx_word' id='word_1_555' title='bbox 1846 3005 1969 3046; x_wconf 83' lang='lat' dir='ltr'><em>libros</em></span> <span class='ocrx_word' id='word_1_556' title='bbox 2009 3010 2102 3046; x_wconf 85' lang='lat' dir='ltr'><em>tres.</em></span> 
     </span>
     <span class='ocr_line' id='line_1_98' title="bbox 1148 3069 2102 3111; baseline -0.002 0"><span class='ocrx_word' id='word_1_557' title='bbox 1148 3072 1254 3111; x_wconf 90' lang='lat' dir='ltr'><em>Obiit</em></span> <span class='ocrx_word' id='word_1_558' title='bbox 1286 3070 1450 3109; x_wconf 86' lang='lat' dir='ltr'><em>Londini</em></span> <span class='ocrx_word' id='word_1_559' title='bbox 1481 3082 1515 3108; x_wconf 89' lang='lat' dir='ltr'><em>a.</em></span> <span class='ocrx_word' id='word_1_560' title='bbox 1547 3071 1661 3109; x_wconf 87' lang='grc'><strong>4339.</strong></span> <span class='ocrx_word' id='word_1_561' title='bbox 1679 3070 1833 3108; x_wconf 89' lang='lat' dir='ltr'><em>Oldoini</em></span> <span class='ocrx_word' id='word_1_562' title='bbox 1851 3069 2102 3109; x_wconf 81' lang='lat' dir='ltr'><em>Athenaeum</em></span> 
     </span>
     <span class='ocr_line' id='line_1_99' title="bbox 1149 3131 1546 3182; baseline -0.01 -9"><span class='ocrx_word' id='word_1_563' title='bbox 1149 3135 1368 3173; x_wconf 81' lang='lat' dir='ltr'><em>Romanum</em></span> <span class='ocrx_word' id='word_1_564' title='bbox 1398 3145 1433 3182; x_wconf 90' lang='lat' dir='ltr'><em>p.</em></span> <span class='ocrx_word' id='word_1_565' title='bbox 1456 3131 1546 3172; x_wconf 81' lang='lat'><em>580.</em></span> 
     </span>
    </p>

    <p class='ocr_par' dir='ltr' id='par_1_19' title="bbox 1146 3193 2103 3369">
     <span class='ocr_line' id='line_1_100' title="bbox 1199 3193 2102 3246; baseline -0.003 -11"><span class='ocrx_word' id='word_1_566' title='bbox 1199 3195 1489 3235; x_wconf 81' lang='lat' dir='ltr'><em>RlCHARDUS</em></span> <span class='ocrx_word' id='word_1_567' title='bbox 1537 3193 1808 3246; x_wconf 74' lang='lat' dir='ltr'><em>Winchelsey,</em></span> <span class='ocrx_word' id='word_1_568' title='bbox 1852 3194 2038 3246; x_wconf 78' lang='lat' dir='ltr'><em>Angius,</em></span> <span class='ocrx_word' id='word_1_569' title='bbox 2081 3206 2102 3232; x_wconf 82' lang='lat' dir='ltr'><em>a</em></span> 
     </span>
     <span class='ocr_line' id='line_1_101' title="bbox 1146 3256 2100 3308; baseline -0.005 -11"><span class='ocrx_word' id='word_1_570' title='bbox 1146 3258 1273 3308; x_wconf 82' lang='lat' dir='ltr'><em>patria</em></span> <span class='ocrx_word' id='word_1_571' title='bbox 1307 3258 1357 3295; x_wconf 85' lang='lat' dir='ltr'><em>ita</em></span> <span class='ocrx_word' id='word_1_572' title='bbox 1375 3256 1526 3301; x_wconf 78' lang='lat' dir='ltr'><em>dictus,</em></span> <span class='ocrx_word' id='word_1_573' title='bbox 1548 3257 1854 3302; x_wconf 74' lang='lat' dir='ltr'><em>Dominicanus‚</em></span> <span class='ocrx_word' id='word_1_574' title='bbox 1869 3256 1918 3295; x_wconf 81' lang='lat' dir='ltr'><em>ab</em></span> <span class='ocrx_word' id='word_1_575' title='bbox 1933 3268 1966 3295; x_wconf 86' lang='lat' dir='ltr'><em>a.</em></span> <span class='ocrx_word' id='word_1_576' title='bbox 1987 3256 2100 3294; x_wconf 73' lang='lat'><em>4489.</em></span> 
     </span>
     <span class='ocr_line' id='line_1_102' title="bbox 1147 3319 2103 3369; baseline -0.002 -12"><span class='ocrx_word' id='word_1_577' title='bbox 1147 3320 1367 3368; x_wconf 72' lang='lat' dir='ltr'><em>Episcopus</em></span> <span class='ocrx_word' id='word_1_578' title='bbox 1383 3319 1634 3356; x_wconf 76' lang='lat' dir='ltr'><em>Ossoriensis</em></span> <span class='ocrx_word' id='word_1_579' title='bbox 1653 3320 1688 3356; x_wconf 88' lang='lat' dir='ltr'><em>in</em></span> <span class='ocrx_word' id='word_1_580' title='bbox 1709 3319 1891 3358; x_wconf 73' lang='lat' dir='ltr'><em>Hibernia</em></span> <span class='ocrx_word' id='word_1_581' title='bbox 1910 3351 1918 3365; x_wconf 88' lang='lat'><em>‚</em></span> <span class='ocrx_word' id='word_1_582' title='bbox 1945 3319 2103 3369; x_wconf 77' lang='lat' dir='ltr'><em>scripsit</em></span> 
     </span>
    </p>
   </div>
  </div>
 </body>
</html>
