<?xml version="1.0" encoding="UTF-8"?>
<!DOCTYPE html PUBLIC "-//W3C//DTD XHTML 1.0 Transitional//EN"
    "http://www.w3.org/TR/xhtml1/DTD/xhtml1-transitional.dtd">
<html xmlns="http://www.w3.org/1999/xhtml" xml:lang="en" lang="en">
 <head>
  <title>
</title>
<meta http-equiv="Content-Type" content="text/html;charset=utf-8" />
  <meta name='ocr-system' content='tesseract 3.04.00' />
  <meta name='ocr-capabilities' content='ocr_page ocr_carea ocr_par ocr_line ocrx_word'/>
</head>
<body>
  <div class='ocr_page' id='page_1' title='image "./bibliothecalatin05fabruoft/bibliothecalatin05fabruoft_0297.png"; bbox 0 0 2517 4009; ppageno 0'>
   <div class='ocr_carea' id='block_1_1' title="bbox 890 244 1214 284">
    <p class='ocr_par' dir='ltr' id='par_1_1' title="bbox 890 244 1214 284">
     <span class='ocr_line' id='line_1_1' title="bbox 890 244 1214 284; baseline 0.009 -2"><span class='ocrx_word' id='word_1_1' title='bbox 890 244 1214 284; x_wconf 68' lang='lat' dir='ltr'>Poenius</span> 
     </span>
    </p>
   </div>
   <div class='ocr_carea' id='block_1_2' title="bbox 15 302 1013 3262">
    <p class='ocr_par' dir='ltr' id='par_1_2' title="bbox 51 302 1011 487">
     <span class='ocr_line' id='line_1_2' title="bbox 54 302 1010 363; baseline 0.002 -13"><span class='ocrx_word' id='word_1_2' title='bbox 54 321 228 350; x_wconf 87' lang='lat' dir='ltr'>manum.</span> <span class='ocrx_word' id='word_1_3' title='bbox 258 321 343 361; x_wconf 96' lang='lat' dir='ltr'>pag.</span> <span class='ocrx_word' id='word_1_4' title='bbox 375 302 440 350; x_wconf 66' lang='lat'>⁹25.</span> <span class='ocrx_word' id='word_1_5' title='bbox 482 311 628 350; x_wconf 79' lang='lat' dir='ltr'>Confer</span> <span class='ocrx_word' id='word_1_6' title='bbox 671 326 772 363; x_wconf 62' lang='lat' dir='ltr'>quau:</span> <span class='ocrx_word' id='word_1_7' title='bbox 803 315 850 353; x_wconf 86' lang='lat' dir='ltr'>dc</span> <span class='ocrx_word' id='word_1_8' title='bbox 897 317 1010 354; x_wconf 87' lang='lat' dir='ltr'>Lauri</span> 
     </span>
     <span class='ocr_line' id='line_1_3' title="bbox 51 371 1011 427; baseline 0.003 -16"><span class='ocrx_word' id='word_1_9' title='bbox 51 373 202 419; x_wconf 80' lang='lat' dir='ltr'>Quirini</span> <span class='ocrx_word' id='word_1_10' title='bbox 233 376 273 409; x_wconf 84' lang='lat' dir='ltr'>et</span> <span class='ocrx_word' id='word_1_11' title='bbox 302 371 497 411; x_wconf 87' lang='lat' dir='ltr'>Leonardi</span> <span class='ocrx_word' id='word_1_12' title='bbox 528 373 576 411; x_wconf 88' lang='lat' dir='ltr'>de</span> <span class='ocrx_word' id='word_1_13' title='bbox 607 375 702 414; x_wconf 88' lang='lat' dir='ltr'>Chio</span> <span class='ocrx_word' id='word_1_14' title='bbox 737 377 912 427; x_wconf 80' lang='lat' dir='ltr'>apologia</span> <span class='ocrx_word' id='word_1_15' title='bbox 942 388 1011 427; x_wconf 91' lang='lat' dir='ltr'>pro</span> 
     </span>
     <span class='ocr_line' id='line_1_4' title="bbox 51 434 1011 487; baseline 0.002 -14"><span class='ocrx_word' id='word_1_16' title='bbox 51 434 212 473; x_wconf 86' lang='lat' dir='ltr'>Venetis</span> <span class='ocrx_word' id='word_1_17' title='bbox 231 438 366 472; x_wconf 89' lang='lat' dir='ltr'>contra</span> <span class='ocrx_word' id='word_1_18' title='bbox 385 435 584 485; x_wconf 77' lang='lat' dir='ltr'>Poggium,</span> <span class='ocrx_word' id='word_1_19' title='bbox 608 437 825 475; x_wconf 70' lang='lat' dir='ltr'>Niceronus</span> <span class='ocrx_word' id='word_1_20' title='bbox 855 450 890 487; x_wconf 91' lang='lat' dir='ltr'>p.</span> <span class='ocrx_word' id='word_1_21' title='bbox 923 439 1011 477; x_wconf 91' lang='grc'><strong>148.</strong></span> 
     </span>
    </p>

    <p class='ocr_par' dir='ltr' id='par_1_3' title="bbox 49 495 1013 854">
     <span class='ocr_line' id='line_1_5' title="bbox 102 495 1013 537; baseline 0.002 -3"><span class='ocrx_word' id='word_1_22' title='bbox 102 495 164 535; x_wconf 90' lang='lat' dir='ltr'>De</span> <span class='ocrx_word' id='word_1_23' title='bbox 181 495 346 534; x_wconf 81' lang='lat' dir='ltr'>miseria</span> <span class='ocrx_word' id='word_1_24' title='bbox 362 495 605 536; x_wconf 81' lang='lat' dir='ltr'>Conclitionis</span> <span class='ocrx_word' id='word_1_25' title='bbox 622 497 818 536; x_wconf 75' lang='lat' dir='ltr'>humanae</span> <span class='ocrx_word' id='word_1_26' title='bbox 836 499 884 537; x_wconf 85' lang='lat' dir='ltr'>ad</span> <span class='ocrx_word' id='word_1_27' title='bbox 905 501 1013 537; x_wconf 89' lang='lat' dir='ltr'>Prin-</span> 
     </span>
     <span class='ocr_line' id='line_1_6' title="bbox 49 557 1012 608; baseline 0.003 -13"><span class='ocrx_word' id='word_1_28' title='bbox 49 558 177 607; x_wconf 89' lang='lat' dir='ltr'>cipem</span> <span class='ocrx_word' id='word_1_29' title='bbox 209 557 511 608; x_wconf 77' lang='lat' dir='ltr'>sigismundum</span> <span class='ocrx_word' id='word_1_30' title='bbox 543 559 790 597; x_wconf 85' lang='lat' dir='ltr'>Malatestam</span> <span class='ocrx_word' id='word_1_31' title='bbox 823 558 1012 598; x_wconf 80' lang='lat' dir='ltr'>librzduo</span> 
     </span>
     <span class='ocr_line' id='line_1_7' title="bbox 49 617 1012 671; baseline 0.002 -13"><span class='ocrx_word' id='word_1_32' title='bbox 49 619 186 669; x_wconf 87' lang='lat' dir='ltr'>scripti</span> <span class='ocrx_word' id='word_1_33' title='bbox 215 629 305 657; x_wconf 87' lang='lat' dir='ltr'>cum</span> <span class='ocrx_word' id='word_1_34' title='bbox 333 617 415 668; x_wconf 87' lang='lat' dir='ltr'>jam</span> <span class='ocrx_word' id='word_1_35' title='bbox 447 631 597 657; x_wconf 90' lang='lat' dir='ltr'>annum</span> <span class='ocrx_word' id='word_1_36' title='bbox 630 621 773 658; x_wconf 86' lang='lat' dir='ltr'>aetatis</span> <span class='ocrx_word' id='word_1_37' title='bbox 802 626 1012 671; x_wconf 88' lang='lat' dir='ltr'>septuage-</span> 
     </span>
     <span class='ocr_line' id='line_1_8' title="bbox 49 679 1010 732; baseline 0 -14"><span class='ocrx_word' id='word_1_38' title='bbox 49 680 195 718; x_wconf 88' lang='lat' dir='ltr'>simum</span> <span class='ocrx_word' id='word_1_39' title='bbox 226 679 450 719; x_wconf 86' lang='lat' dir='ltr'>secundum</span> <span class='ocrx_word' id='word_1_40' title='bbox 481 685 620 719; x_wconf 78' lang='lat' dir='ltr'>auctor</span> <span class='ocrx_word' id='word_1_41' title='bbox 647 682 850 731; x_wconf 71' lang='lat' dir='ltr'><strong>exegisset</strong></span> <span class='ocrx_word' id='word_1_42' title='bbox 879 694 915 732; x_wconf 90' lang='lat' dir='ltr'>p.</span> <span class='ocrx_word' id='word_1_43' title='bbox 948 683 1010 720; x_wconf 86' lang='grc'>34.</span> 
     </span>
     <span class='ocr_line' id='line_1_9' title="bbox 50 741 1010 793; baseline 0.001 -13"><span class='ocrx_word' id='word_1_44' title='bbox 50 741 268 791; x_wconf 82' lang='lat' dir='ltr'>praemisso</span> <span class='ocrx_word' id='word_1_45' title='bbox 284 741 443 792; x_wconf 80' lang='lat' dir='ltr'>prologo</span> <span class='ocrx_word' id='word_1_46' title='bbox 463 747 503 779; x_wconf 90' lang='lat' dir='ltr'>et</span> <span class='ocrx_word' id='word_1_47' title='bbox 518 746 755 793; x_wconf 88' lang='lat' dir='ltr'>argumento</span> <span class='ocrx_word' id='word_1_48' title='bbox 775 743 824 781; x_wconf 89' lang='lat' dir='ltr'>ab</span> <span class='ocrx_word' id='word_1_49' title='bbox 846 745 1010 782; x_wconf 74' lang='lat' dir='ltr'>ilenrico</span> 
     </span>
     <span class='ocr_line' id='line_1_10' title="bbox 49 801 515 854; baseline 0.002 -14"><span class='ocrx_word' id='word_1_50' title='bbox 49 801 230 850; x_wconf 85' lang='lat' dir='ltr'>Bebelio,</span> <span class='ocrx_word' id='word_1_51' title='bbox 256 802 515 854; x_wconf 85' lang='lat' dir='ltr'>Justingensi.</span> 
     </span>
    </p>

    <p class='ocr_par' dir='ltr' id='par_1_4' title="bbox 37 861 1011 1163">
     <span class='ocr_line' id='line_1_11' title="bbox 101 861 1011 915; baseline 0.003 -14"><span class='ocrx_word' id='word_1_52' title='bbox 101 863 158 902; x_wconf 86' lang='lat' dir='ltr'>De</span> <span class='ocrx_word' id='word_1_53' title='bbox 183 861 370 915; x_wconf 78' lang='lat' dir='ltr'>fortunae</span> <span class='ocrx_word' id='word_1_54' title='bbox 389 866 424 914; x_wconf 86' lang='lat' dir='ltr'>a)</span> <span class='ocrx_word' id='word_1_55' title='bbox 448 865 643 904; x_wconf 86' lang='lat' dir='ltr'>varietate</span> <span class='ocrx_word' id='word_1_56' title='bbox 664 864 779 904; x_wconf 82' lang='lat' dir='ltr'>urbis</span> <span class='ocrx_word' id='word_1_57' title='bbox 805 867 949 905; x_wconf 84' lang='lat' dir='ltr'>Rornae</span> <span class='ocrx_word' id='word_1_58' title='bbox 974 870 1011 904; x_wconf 82' lang='lat' dir='ltr'>et</span> 
     </span>
     <span class='ocr_line' id='line_1_12' title="bbox 48 924 1010 979; baseline 0.003 -15"><span class='ocrx_word' id='word_1_59' title='bbox 48 924 96 964; x_wconf 82' lang='lat' dir='ltr'>de</span> <span class='ocrx_word' id='word_1_60' title='bbox 121 924 245 964; x_wconf 78' lang='lat' dir='ltr'>ruina</span> <span class='ocrx_word' id='word_1_61' title='bbox 273 925 446 965; x_wconf 84' lang='lat' dir='ltr'>eiusdem</span> <span class='ocrx_word' id='word_1_62' title='bbox 475 926 688 977; x_wconf 76' lang='lat' dir='ltr'>descriptio</span> <span class='ocrx_word' id='word_1_63' title='bbox 713 939 801 979; x_wconf 90' lang='lat' dir='ltr'>pag.</span> <span class='ocrx_word' id='word_1_64' title='bbox 827 929 888 967; x_wconf 82' lang='lat'>50.</span> <span class='ocrx_word' id='word_1_65' title='bbox 914 929 1010 967; x_wconf 86' lang='lat' dir='ltr'>liber</span> 
     </span>
     <span class='ocr_line' id='line_1_13' title="bbox 48 990 1011 1040; baseline 0.003 -14"><span class='ocrx_word' id='word_1_66' title='bbox 48 998 215 1027; x_wconf 91' lang='lat' dir='ltr'>recusus</span> <span class='ocrx_word' id='word_1_67' title='bbox 245 1000 372 1040; x_wconf 85' lang='lat' dir='ltr'>nuper</span> <span class='ocrx_word' id='word_1_68' title='bbox 403 990 440 1027; x_wconf 90' lang='lat' dir='ltr'>in</span> <span class='ocrx_word' id='word_1_69' title='bbox 480 992 588 1027; x_wconf 90' lang='lat' dir='ltr'>tomo</span> <span class='ocrx_word' id='word_1_70' title='bbox 633 990 758 1039; x_wconf 88' lang='lat' dir='ltr'>primo</span> <span class='ocrx_word' id='word_1_71' title='bbox 803 992 894 1028; x_wconf 91' lang='lat' dir='ltr'>novi</span> <span class='ocrx_word' id='word_1_72' title='bbox 924 991 1011 1029; x_wconf 83' lang='lat' dir='ltr'>the—</span> 
     </span>
     <span class='ocr_line' id='line_1_14' title="bbox 48 1049 1010 1101; baseline 0.002 -13"><span class='ocrx_word' id='word_1_73' title='bbox 48 1051 154 1089; x_wconf 86' lang='lat' dir='ltr'>sauri</span> <span class='ocrx_word' id='word_1_74' title='bbox 183 1049 481 1101; x_wconf 79' lang='lat' dir='ltr'>Antiquitatum</span> <span class='ocrx_word' id='word_1_75' title='bbox 512 1050 598 1089; x_wconf 84' lang='lat' dir='ltr'>Alb.</span> <span class='ocrx_word' id='word_1_76' title='bbox 643 1051 797 1089; x_wconf 87' lang='lat' dir='ltr'>Henrici</span> <span class='ocrx_word' id='word_1_77' title='bbox 833 1051 882 1090; x_wconf 88' lang='lat' dir='ltr'>de</span> <span class='ocrx_word' id='word_1_78' title='bbox 926 1052 1010 1091; x_wconf 90' lang='lat' dir='ltr'>Sal-</span> 
     </span>
     <span class='ocr_line' id='line_1_15' title="bbox 37 1110 974 1163; baseline 0.003 -14"><span class='ocrx_word' id='word_1_79' title='bbox 37 1110 185 1162; x_wconf 80' lang='lat' dir='ltr'>·lengre</span> <span class='ocrx_word' id='word_1_80' title='bbox 215 1122 302 1162; x_wconf 86' lang='lat' dir='ltr'>pag.</span> <span class='ocrx_word' id='word_1_81' title='bbox 334 1111 423 1150; x_wconf 76' lang='lat'>497.</span> <span class='ocrx_word' id='word_1_82' title='bbox 454 1111 590 1163; x_wconf 86' lang='lat' dir='ltr'>Hagae</span> <span class='ocrx_word' id='word_1_83' title='bbox 620 1113 730 1150; x_wconf 91' lang='lat' dir='ltr'>Com.</span> <span class='ocrx_word' id='word_1_84' title='bbox 767 1113 880 1152; x_wconf 89' lang='grc'><strong>1716.</strong></span> <span class='ocrx_word' id='word_1_85' title='bbox 912 1114 974 1152; x_wconf 86' lang='lat' dir='ltr'>fol.</span> 
     </span>
    </p>

    <p class='ocr_par' dir='ltr' id='par_1_5' title="bbox 48 1172 1008 1286">
     <span class='ocr_line' id='line_1_16' title="bbox 102 1172 1008 1224; baseline 0.002 -12"><span class='ocrx_word' id='word_1_86' title='bbox 102 1172 217 1212; x_wconf 83' lang='lat' dir='ltr'>Lucii</span> <span class='ocrx_word' id='word_1_87' title='bbox 236 1173 327 1224; x_wconf 79' lang='lat' dir='ltr'>Syri</span> <span class='ocrx_word' id='word_1_88' title='bbox 353 1175 440 1213; x_wconf 90' lang='lat' dir='ltr'>sive</span> <span class='ocrx_word' id='word_1_89' title='bbox 459 1173 628 1212; x_wconf 82' lang='lat' dir='ltr'>Luciani</span> <span class='ocrx_word' id='word_1_90' title='bbox 648 1174 798 1223; x_wconf 68' lang='lat' dir='ltr'>asiam,</span> <span class='ocrx_word' id='word_1_91' title='bbox 815 1175 836 1214; x_wconf 77' lang='lat' dir='ltr'>e</span> <span class='ocrx_word' id='word_1_92' title='bbox 859 1175 1008 1214; x_wconf 88' lang='lat' dir='ltr'>Graeco</span> 
     </span>
     <span class='ocr_line' id='line_1_17' title="bbox 48 1236 572 1286; baseline 0.002 -14"><span class='ocrx_word' id='word_1_93' title='bbox 48 1236 185 1274; x_wconf 89' lang='lat' dir='ltr'>Latine</span> <span class='ocrx_word' id='word_1_94' title='bbox 216 1246 357 1274; x_wconf 87' lang='lat' dir='ltr'>versus</span> <span class='ocrx_word' id='word_1_95' title='bbox 387 1247 475 1286; x_wconf 90' lang='lat' dir='ltr'>pag.</span> <span class='ocrx_word' id='word_1_96' title='bbox 508 1236 572 1275; x_wconf 78' lang='lat'>52.</span> 
     </span>
    </p>

    <p class='ocr_par' dir='ltr' id='par_1_6' title="bbox 15 1294 1010 1890">
     <span class='ocr_line' id='line_1_18' title="bbox 101 1294 1009 1335; baseline 0.002 -3"><span class='ocrx_word' id='word_1_97' title='bbox 101 1295 400 1335; x_wconf 77' lang='lat' dir='ltr'>Inveccivarum</span> <span class='ocrx_word' id='word_1_98' title='bbox 428 1294 530 1334; x_wconf 85' lang='lat' dir='ltr'>liber</span> <span class='ocrx_word' id='word_1_99' title='bbox 555 1298 569 1335; x_wconf 93' lang='grc'><strong>1</strong></span> <span class='ocrx_word' id='word_1_100' title='bbox 607 1297 646 1334; x_wconf 92' lang='lat' dir='ltr'>in</span> <span class='ocrx_word' id='word_1_101' title='bbox 671 1296 842 1334; x_wconf 78' lang='lat' dir='ltr'>Felicem</span> <span class='ocrx_word' id='word_1_102' title='bbox 873 1297 917 1334; x_wconf 92' lang='lat' dir='ltr'>V.</span> <span class='ocrx_word' id='word_1_103' title='bbox 941 1308 1009 1335; x_wconf 87' lang='lat' dir='ltr'>an-</span> 
     </span>
     <span class='ocr_line' id='line_1_19' title="bbox 47 1356 1010 1407; baseline 0.003 -13"><span class='ocrx_word' id='word_1_104' title='bbox 47 1356 222 1407; x_wconf 88' lang='lat' dir='ltr'>tipapam</span> <span class='ocrx_word' id='word_1_105' title='bbox 251 1357 383 1406; x_wconf 85' lang='lat' dir='ltr'>(antea</span> <span class='ocrx_word' id='word_1_106' title='bbox 426 1356 648 1395; x_wconf 87' lang='lat' dir='ltr'>Amadeum</span> <span class='ocrx_word' id='word_1_107' title='bbox 681 1358 830 1396; x_wconf 85' lang='lat' dir='ltr'>Ducem</span> <span class='ocrx_word' id='word_1_108' title='bbox 862 1358 1010 1397; x_wconf 83' lang='lat' dir='ltr'>Saban-</span> 
     </span>
     <span class='ocr_line' id='line_1_20' title="bbox 15 1418 1008 1469; baseline 0.003 -15"><span class='ocrx_word' id='word_1_109' title='bbox 15 1452 17 1454; x_wconf 79' lang='grc'>,</span> <span class='ocrx_word' id='word_1_110' title='bbox 47 1418 146 1467; x_wconf 87' lang='lat' dir='ltr'>diae)</span> <span class='ocrx_word' id='word_1_111' title='bbox 175 1422 216 1456; x_wconf 89' lang='lat' dir='ltr'>et</span> <span class='ocrx_word' id='word_1_112' title='bbox 243 1418 464 1458; x_wconf 88' lang='lat' dir='ltr'>Concilium</span> <span class='ocrx_word' id='word_1_113' title='bbox 501 1419 730 1457; x_wconf 83' lang='lat' dir='ltr'>Basileense</span> <span class='ocrx_word' id='word_1_114' title='bbox 760 1431 848 1469; x_wconf 86' lang='lat' dir='ltr'>pag.</span> <span class='ocrx_word' id='word_1_115' title='bbox 878 1421 941 1459; x_wconf 82' lang='lat'>59.</span> <span class='ocrx_word' id='word_1_116' title='bbox 972 1420 1008 1458; x_wconf 77' lang='lat'>2.</span> 
     </span>
     <span class='ocr_line' id='line_1_21' title="bbox 48 1480 1009 1531; baseline 0.001 -13"><span class='ocrx_word' id='word_1_117' title='bbox 48 1481 88 1519; x_wconf 83' lang='lat' dir='ltr'>in</span> <span class='ocrx_word' id='word_1_118' title='bbox 117 1481 375 1519; x_wconf 83' lang='lat' dir='ltr'>Franciscum</span> <span class='ocrx_word' id='word_1_119' title='bbox 401 1480 650 1531; x_wconf 85' lang='lat' dir='ltr'>Philelphum</span> <span class='ocrx_word' id='word_1_120' title='bbox 678 1481 901 1519; x_wconf 81' lang='lat' dir='ltr'>invectivae</span> <span class='ocrx_word' id='word_1_121' title='bbox 927 1486 1009 1519; x_wconf 89' lang='lat' dir='ltr'>tres</span> 
     </span>
     <span class='ocr_line' id='line_1_22' title="bbox 47 1541 1008 1593; baseline 0.001 -13"><span class='ocrx_word' id='word_1_122' title='bbox 47 1553 118 1593; x_wconf 90' lang='lat' dir='ltr'>pro</span> <span class='ocrx_word' id='word_1_123' title='bbox 146 1542 302 1581; x_wconf 87' lang='lat' dir='ltr'>Nicolao</span> <span class='ocrx_word' id='word_1_124' title='bbox 330 1541 502 1591; x_wconf 82' lang='lat' dir='ltr'>Nicolio,</span> <span class='ocrx_word' id='word_1_125' title='bbox 531 1553 618 1592; x_wconf 89' lang='lat' dir='ltr'>pag.</span> <span class='ocrx_word' id='word_1_126' title='bbox 650 1543 712 1580; x_wconf 91' lang='grc'>64.</span> <span class='ocrx_word' id='word_1_127' title='bbox 743 1542 778 1579; x_wconf 91' lang='lat' dir='ltr'>b.</span> <span class='ocrx_word' id='word_1_128' title='bbox 809 1547 850 1579; x_wconf 92' lang='lat' dir='ltr'>et</span> <span class='ocrx_word' id='word_1_129' title='bbox 869 1547 1008 1592; x_wconf 86' lang='lat' dir='ltr'>quarta</span> 
     </span>
     <span class='ocr_line' id='line_1_23' title="bbox 45 1603 1006 1655; baseline 0 -14"><span class='ocrx_word' id='word_1_130' title='bbox 45 1603 299 1643; x_wconf 84' lang='lat' dir='ltr'>excusatoria</span> <span class='ocrx_word' id='word_1_131' title='bbox 327 1614 373 1642; x_wconf 90' lang='lat' dir='ltr'>ac</span> <span class='ocrx_word' id='word_1_132' title='bbox 417 1604 728 1643; x_wconf 88' lang='lat' dir='ltr'>reconciliatoria</span> <span class='ocrx_word' id='word_1_133' title='bbox 759 1615 846 1655; x_wconf 88' lang='lat' dir='ltr'>pag.</span> <span class='ocrx_word' id='word_1_134' title='bbox 876 1603 939 1643; x_wconf 89' lang='grc'>71.</span> <span class='ocrx_word' id='word_1_135' title='bbox 972 1604 1006 1642; x_wconf 91' lang='lat'>3.</span> 
     </span>
     <span class='ocr_line' id='line_1_24' title="bbox 46 1665 1007 1705; baseline 0 -2"><span class='ocrx_word' id='word_1_136' title='bbox 46 1666 84 1703; x_wconf 91' lang='lat' dir='ltr'>in</span> <span class='ocrx_word' id='word_1_137' title='bbox 115 1666 376 1705; x_wconf 86' lang='lat' dir='ltr'>Laurentium</span> <span class='ocrx_word' id='word_1_138' title='bbox 406 1665 558 1704; x_wconf 90' lang='lat' dir='ltr'>Vallam</span> <span class='ocrx_word' id='word_1_139' title='bbox 591 1666 791 1704; x_wconf 84' lang='lat' dir='ltr'>invectiva</span> <span class='ocrx_word' id='word_1_140' title='bbox 816 1667 842 1704; x_wconf 91' lang='lat'>1.</span> <span class='ocrx_word' id='word_1_141' title='bbox 869 1666 915 1704; x_wconf 88' lang='lat'>11.</span> <span class='ocrx_word' id='word_1_142' title='bbox 941 1666 1007 1703; x_wconf 86' lang='grc' dir='ltr'><strong>ΙΙΙ.</strong></span> 
     </span>
     <span class='ocr_line' id='line_1_25' title="bbox 45 1726 1006 1778; baseline -0.002 -12"><span class='ocrx_word' id='word_1_143' title='bbox 45 1731 86 1766; x_wconf 88' lang='lat' dir='ltr'>et</span> <span class='ocrx_word' id='word_1_144' title='bbox 113 1727 160 1766; x_wconf 91' lang='lat' dir='ltr'>V.</span> <span class='ocrx_word' id='word_1_145' title='bbox 189 1738 276 1778; x_wconf 88' lang='lat' dir='ltr'>pag.</span> <span class='ocrx_word' id='word_1_146' title='bbox 306 1726 372 1766; x_wconf 86' lang='grc'>71.</span> <span class='ocrx_word' id='word_1_147' title='bbox 395 1727 432 1766; x_wconf 88' lang='lat' dir='ltr'>b.</span> <span class='ocrx_word' id='word_1_148' title='bbox 463 1727 657 1773; x_wconf 87' lang='lat' dir='ltr'>Quartam</span> <span class='ocrx_word' id='word_1_149' title='bbox 688 1738 790 1777; x_wconf 90' lang='lat' dir='ltr'>quae</span> <span class='ocrx_word' id='word_1_150' title='bbox 822 1728 858 1765; x_wconf 90' lang='lat' dir='ltr'>in</span> <span class='ocrx_word' id='word_1_151' title='bbox 889 1727 1006 1765; x_wconf 90' lang='lat' dir='ltr'>editis</span> 
     </span>
     <span class='ocr_line' id='line_1_26' title="bbox 43 1788 1005 1840; baseline 0 -13"><span class='ocrx_word' id='word_1_152' title='bbox 43 1788 296 1828; x_wconf 84' lang='lat' dir='ltr'>desideratur</span> <span class='ocrx_word' id='word_1_153' title='bbox 323 1790 634 1840; x_wconf 85' lang='lat' dir='ltr'>Manuscriptam</span> <span class='ocrx_word' id='word_1_154' title='bbox 673 1794 810 1828; x_wconf 87' lang='lat' dir='ltr'>servat</span> <span class='ocrx_word' id='word_1_155' title='bbox 840 1790 1005 1828; x_wconf 90' lang='lat' dir='ltr'>illustris</span> 
     </span>
     <span class='ocr_line' id='line_1_27' title="bbox 43 1852 304 1890; baseline 0.004 -1"><span class='ocrx_word' id='word_1_156' title='bbox 43 1852 304 1890; x_wconf 88' lang='lat' dir='ltr'>Fontaninus.</span> 
     </span>
    </p>

    <p class='ocr_par' dir='ltr' id='par_1_7' title="bbox 38 1908 1007 2323">
     <span class='ocr_line' id='line_1_28' title="bbox 99 1908 1006 1965; baseline -0.001 -14"><span class='ocrx_word' id='word_1_157' title='bbox 99 1908 307 1952; x_wconf 78' lang='lat' dir='ltr'>Orationes</span> <span class='ocrx_word' id='word_1_158' title='bbox 335 1913 508 1965; x_wconf 82' lang='lat' dir='ltr'>quinque</span> <span class='ocrx_word' id='word_1_159' title='bbox 539 1916 574 1953; x_wconf 89' lang='grc'>1.</span> <span class='ocrx_word' id='word_1_160' title='bbox 606 1915 643 1951; x_wconf 92' lang='lat' dir='ltr'>in</span> <span class='ocrx_word' id='word_1_161' title='bbox 679 1915 818 1953; x_wconf 86' lang='lat' dir='ltr'>funere</span> <span class='ocrx_word' id='word_1_162' title='bbox 847 1914 1006 1951; x_wconf 85' lang='lat' dir='ltr'>Franci-</span> 
     </span>
     <span class='ocr_line' id='line_1_29' title="bbox 42 1974 1004 2025; baseline 0 -13"><span class='ocrx_word' id='word_1_163' title='bbox 42 1974 99 2012; x_wconf 87' lang='lat' dir='ltr'>sci</span> <span class='ocrx_word' id='word_1_164' title='bbox 128 1974 352 2014; x_wconf 83' lang='lat' dir='ltr'>Zabarcllae</span> <span class='ocrx_word' id='word_1_165' title='bbox 382 1976 605 2015; x_wconf 87' lang='lat' dir='ltr'>Cardinalis</span> <span class='ocrx_word' id='word_1_166' title='bbox 625 1976 866 2023; x_wconf 83' lang='lat' dir='ltr'>Florentini⁷</span> <span class='ocrx_word' id='word_1_167' title='bbox 892 1987 916 2025; x_wconf 91' lang='lat' dir='ltr'>p</span> <span class='ocrx_word' id='word_1_168' title='bbox 955 1976 1004 2013; x_wconf 78' lang='lat'>95</span> 
     </span>
     <span class='ocr_line' id='line_1_30' title="bbox 41 2035 1005 2088; baseline 0.002 -14"><span class='ocrx_word' id='word_1_169' title='bbox 41 2035 78 2074; x_wconf 91' lang='lat' dir='ltr'>b.</span> <span class='ocrx_word' id='word_1_170' title='bbox 108 2036 145 2075; x_wconf 81' lang='lat'>2.</span> <span class='ocrx_word' id='word_1_171' title='bbox 175 2035 378 2088; x_wconf 87' lang='lat' dir='ltr'>Albergati</span> <span class='ocrx_word' id='word_1_172' title='bbox 397 2038 543 2076; x_wconf 89' lang='lat' dir='ltr'>Nicolai</span> <span class='ocrx_word' id='word_1_173' title='bbox 559 2067 568 2085; x_wconf 83' lang='lat'>‚</span> <span class='ocrx_word' id='word_1_174' title='bbox 593 2038 816 2077; x_wconf 89' lang='lat' dir='ltr'>Cardinalis</span> <span class='ocrx_word' id='word_1_175' title='bbox 841 2039 881 2076; x_wconf 89' lang='lat' dir='ltr'>S.</span> <span class='ocrx_word' id='word_1_176' title='bbox 906 2039 1005 2077; x_wconf 88' lang='lat' dir='ltr'>Cru-</span> 
     </span>
     <span class='ocr_line' id='line_1_31' title="bbox 38 2098 1007 2149; baseline 0.002 -14"><span class='ocrx_word' id='word_1_177' title='bbox 38 2098 97 2136; x_wconf 90' lang='lat' dir='ltr'>cis</span> <span class='ocrx_word' id='word_1_178' title='bbox 125 2104 214 2149; x_wconf 71' lang='lat' dir='ltr'>pag:</span> <span class='ocrx_word' id='word_1_179' title='bbox 242 2099 306 2137; x_wconf 88' lang='lat'>99.</span> <span class='ocrx_word' id='word_1_180' title='bbox 334 2099 372 2138; x_wconf 89' lang='grc'>3.</span> <span class='ocrx_word' id='word_1_181' title='bbox 399 2100 545 2139; x_wconf 90' lang='lat' dir='ltr'>Nicolai</span> <span class='ocrx_word' id='word_1_182' title='bbox 576 2100 746 2149; x_wconf 80' lang='lat' dir='ltr'>Niccoli,</span> <span class='ocrx_word' id='word_1_183' title='bbox 775 2101 876 2138; x_wconf 90' lang='lat' dir='ltr'>civis</span> <span class='ocrx_word' id='word_1_184' title='bbox 919 2100 1007 2138; x_wconf 84' lang='lat' dir='ltr'>Flo-</span> 
     </span>
     <span class='ocr_line' id='line_1_32' title="bbox 40 2161 1004 2212; baseline 0 -14"><span class='ocrx_word' id='word_1_185' title='bbox 40 2161 214 2209; x_wconf 88' lang='lat' dir='ltr'>rentini,</span> <span class='ocrx_word' id='word_1_186' title='bbox 245 2172 333 2212; x_wconf 85' lang='lat' dir='ltr'>pag.</span> <span class='ocrx_word' id='word_1_187' title='bbox 363 2161 452 2201; x_wconf 74' lang='grc'><strong>102.</strong></span> <span class='ocrx_word' id='word_1_188' title='bbox 482 2166 523 2200; x_wconf 86' lang='lat' dir='ltr'>et</span> <span class='ocrx_word' id='word_1_189' title='bbox 552 2161 589 2200; x_wconf 74' lang='grc'>4.</span> <span class='ocrx_word' id='word_1_190' title='bbox 622 2162 822 2200; x_wconf 87' lang='lat' dir='ltr'>Laurentii</span> <span class='ocrx_word' id='word_1_191' title='bbox 853 2161 902 2199; x_wconf 90' lang='lat' dir='ltr'>de</span> <span class='ocrx_word' id='word_1_192' title='bbox 926 2162 1004 2199; x_wconf 86' lang='lat' dir='ltr'>Me-</span> 
     </span>
     <span class='ocr_line' id='line_1_33' title="bbox 42 2219 1001 2273; baseline 0.001 -14"><span class='ocrx_word' id='word_1_193' title='bbox 42 2219 141 2260; x_wconf 91' lang='lat' dir='ltr'>dicis</span> <span class='ocrx_word' id='word_1_194' title='bbox 170 2233 207 2273; x_wconf 90' lang='lat' dir='ltr'>p.</span> <span class='ocrx_word' id='word_1_195' title='bbox 242 2223 331 2262; x_wconf 74' lang='lat'>⁴05.</span> <span class='ocrx_word' id='word_1_196' title='bbox 360 2222 401 2262; x_wconf 83' lang='lat'>5.</span> <span class='ocrx_word' id='word_1_197' title='bbox 426 2222 475 2262; x_wconf 88' lang='lat' dir='ltr'>ad</span> <span class='ocrx_word' id='word_1_198' title='bbox 506 2233 710 2262; x_wconf 51' lang='lat' dir='ltr'>summurn</span> <span class='ocrx_word' id='word_1_199' title='bbox 743 2221 1001 2270; x_wconf 85' lang='lat' dir='ltr'>Pontificem,</span> 
     </span>
     <span class='ocr_line' id='line_1_34' title="bbox 42 2282 319 2323; baseline 0.007 -3"><span class='ocrx_word' id='word_1_200' title='bbox 42 2282 245 2322; x_wconf 87' lang='lat' dir='ltr'>Nicolaum</span> <span class='ocrx_word' id='word_1_201' title='bbox 275 2284 319 2323; x_wconf 87' lang='lat' dir='ltr'>V.</span> 
     </span>
    </p>

    <p class='ocr_par' dir='ltr' id='par_1_8' title="bbox 37 2344 1003 3262">
     <span class='ocr_line' id='line_1_35' title="bbox 91 2344 1002 2398; baseline 0.003 -16"><span class='ocrx_word' id='word_1_202' title='bbox 91 2344 289 2396; x_wconf 73' lang='lat' dir='ltr'>Epistolae</span> <span class='ocrx_word' id='word_1_203' title='bbox 314 2349 353 2384; x_wconf 87' lang='lat' dir='ltr'>et</span> <span class='ocrx_word' id='word_1_204' title='bbox 373 2344 565 2396; x_wconf 84' lang='lat' dir='ltr'>opuscula</span> <span class='ocrx_word' id='word_1_205' title='bbox 594 2347 815 2397; x_wconf 90' lang='lat' dir='ltr'>praemisso</span> <span class='ocrx_word' id='word_1_206' title='bbox 846 2347 1002 2398; x_wconf 82' lang='lat' dir='ltr'>praelu-</span> 
     </span>
     <span class='ocr_line' id='line_1_36' title="bbox 38 2405 1003 2448; baseline 0.001 -4"><span class='ocrx_word' id='word_1_207' title='bbox 38 2405 102 2444; x_wconf 91' lang='lat' dir='ltr'>dio</span> <span class='ocrx_word' id='word_1_208' title='bbox 145 2407 300 2445; x_wconf 86' lang='lat' dir='ltr'>Henrici</span> <span class='ocrx_word' id='word_1_209' title='bbox 343 2406 490 2445; x_wconf 88' lang='lat' dir='ltr'>Bebelii</span> <span class='ocrx_word' id='word_1_210' title='bbox 520 2407 569 2445; x_wconf 90' lang='lat' dir='ltr'>de</span> <span class='ocrx_word' id='word_1_211' title='bbox 599 2408 785 2448; x_wconf 87' lang='lat' dir='ltr'>laudibus</span> <span class='ocrx_word' id='word_1_212' title='bbox 813 2414 854 2447; x_wconf 91' lang='lat' dir='ltr'>et</span> <span class='ocrx_word' id='word_1_213' title='bbox 883 2408 1003 2447; x_wconf 82' lang='lat' dir='ltr'>felici-</span> 
     </span>
     <span class='ocr_line' id='line_1_37' title="bbox 40 2468 1000 2519; baseline 0.001 -14"><span class='ocrx_word' id='word_1_214' title='bbox 40 2471 123 2506; x_wconf 86' lang='lat' dir='ltr'>tate</span> <span class='ocrx_word' id='word_1_215' title='bbox 165 2479 385 2519; x_wconf 82' lang='lat' dir='ltr'>pagorum,</span> <span class='ocrx_word' id='word_1_216' title='bbox 416 2469 521 2507; x_wconf 89' lang='lat' dir='ltr'>ruris</span> <span class='ocrx_word' id='word_1_217' title='bbox 558 2472 599 2507; x_wconf 89' lang='lat' dir='ltr'>et</span> <span class='ocrx_word' id='word_1_218' title='bbox 642 2469 849 2508; x_wconf 90' lang='lat' dir='ltr'>silvarum.</span> <span class='ocrx_word' id='word_1_219' title='bbox 879 2471 914 2508; x_wconf 87' lang='grc'>1.</span> <span class='ocrx_word' id='word_1_220' title='bbox 951 2468 1000 2507; x_wconf 91' lang='lat' dir='ltr'>ad</span> 
     </span>
     <span class='ocr_line' id='line_1_38' title="bbox 37 2529 1001 2574; baseline 0.001 -7"><span class='ocrx_word' id='word_1_221' title='bbox 37 2529 228 2569; x_wconf 90' lang='lat' dir='ltr'>Cosmum</span> <span class='ocrx_word' id='word_1_222' title='bbox 279 2529 328 2568; x_wconf 86' lang='lat' dir='ltr'>de</span> <span class='ocrx_word' id='word_1_223' title='bbox 356 2529 529 2574; x_wconf 82' lang='lat' dir='ltr'>Medicis,</span> <span class='ocrx_word' id='word_1_224' title='bbox 560 2529 608 2568; x_wconf 90' lang='lat' dir='ltr'>de</span> <span class='ocrx_word' id='word_1_225' title='bbox 638 2530 753 2569; x_wconf 90' lang='lat' dir='ltr'>laude</span> <span class='ocrx_word' id='word_1_226' title='bbox 782 2532 887 2569; x_wconf 87' lang='lat' dir='ltr'>ruris</span> <span class='ocrx_word' id='word_1_227' title='bbox 915 2533 1001 2569; x_wconf 89' lang='lat' dir='ltr'>sive</span> 
     </span>
     <span class='ocr_line' id='line_1_39' title="bbox 37 2589 997 2643; baseline 0 -13"><span class='ocrx_word' id='word_1_228' title='bbox 37 2589 88 2630; x_wconf 86' lang='lat' dir='ltr'>de</span> <span class='ocrx_word' id='word_1_229' title='bbox 116 2602 158 2630; x_wconf 88' lang='lat' dir='ltr'>re</span> <span class='ocrx_word' id='word_1_230' title='bbox 184 2593 333 2631; x_wconf 88' lang='lat' dir='ltr'>rustica</span> <span class='ocrx_word' id='word_1_231' title='bbox 377 2603 462 2643; x_wconf 83' lang='lat' dir='ltr'>pag.</span> <span class='ocrx_word' id='word_1_232' title='bbox 495 2592 584 2631; x_wconf 75' lang='grc'><strong>112.</strong></span> <span class='ocrx_word' id='word_1_233' title='bbox 623 2592 660 2629; x_wconf 80' lang='lat'>2.</span> <span class='ocrx_word' id='word_1_234' title='bbox 689 2592 737 2630; x_wconf 90' lang='lat' dir='ltr'>ad</span> <span class='ocrx_word' id='word_1_235' title='bbox 766 2593 997 2639; x_wconf 72' lang='lat' dir='ltr'>Nicolaum,</span> 
     </span>
     <span class='ocr_line' id='line_1_40' title="bbox 38 2651 997 2705; baseline -0.003 -13"><span class='ocrx_word' id='word_1_236' title='bbox 38 2651 88 2692; x_wconf 88' lang='lat' dir='ltr'>de</span> <span class='ocrx_word' id='word_1_237' title='bbox 115 2653 274 2692; x_wconf 86' lang='lat' dir='ltr'>Balneis</span> <span class='ocrx_word' id='word_1_238' title='bbox 303 2665 424 2705; x_wconf 87' lang='lat' dir='ltr'>prope</span> <span class='ocrx_word' id='word_1_239' title='bbox 454 2654 684 2704; x_wconf 90' lang='lat' dir='ltr'>Thuregum</span> <span class='ocrx_word' id='word_1_240' title='bbox 716 2654 804 2691; x_wconf 89' lang='lat' dir='ltr'>sitis</span> <span class='ocrx_word' id='word_1_241' title='bbox 833 2665 870 2704; x_wconf 93' lang='lat' dir='ltr'>p.</span> <span class='ocrx_word' id='word_1_242' title='bbox 908 2654 997 2692; x_wconf 90' lang='grc'><strong>113.</strong></span> 
     </span>
     <span class='ocr_line' id='line_1_41' title="bbox 38 2714 994 2767; baseline 0.001 -14"><span class='ocrx_word' id='word_1_243' title='bbox 38 2714 74 2753; x_wconf 89' lang='lat'>3.</span> <span class='ocrx_word' id='word_1_244' title='bbox 106 2714 384 2755; x_wconf 81' lang='lat' dir='ltr'>HIERONYMI</span> <span class='ocrx_word' id='word_1_245' title='bbox 429 2717 639 2767; x_wconf 89' lang='lat' dir='ltr'>Pragensis</span> <span class='ocrx_word' id='word_1_246' title='bbox 675 2716 806 2754; x_wconf 86' lang='lat' dir='ltr'>obitus</span> <span class='ocrx_word' id='word_1_247' title='bbox 835 2720 875 2754; x_wconf 88' lang='lat' dir='ltr'>et</span> <span class='ocrx_word' id='word_1_248' title='bbox 904 2726 994 2765; x_wconf 90' lang='lat' dir='ltr'>sup·</span> 
     </span>
     <span class='ocr_line' id='line_1_42' title="bbox 38 2776 996 2828; baseline 0.001 -14"><span class='ocrx_word' id='word_1_249' title='bbox 38 2776 142 2827; x_wconf 89' lang='lat' dir='ltr'>plicii</span> <span class='ocrx_word' id='word_1_250' title='bbox 188 2776 434 2828; x_wconf 85' lang='lat' dir='ltr'>descriptio,</span> <span class='ocrx_word' id='word_1_251' title='bbox 476 2778 523 2818; x_wconf 92' lang='lat' dir='ltr'>ad</span> <span class='ocrx_word' id='word_1_252' title='bbox 574 2777 822 2816; x_wconf 89' lang='lat' dir='ltr'>Leonardum</span> <span class='ocrx_word' id='word_1_253' title='bbox 869 2777 996 2816; x_wconf 81' lang='lat' dir='ltr'>Areti-</span> 
     </span>
     <span class='ocr_line' id='line_1_43' title="bbox 38 2839 996 2890; baseline 0 -14"><span class='ocrx_word' id='word_1_254' title='bbox 38 2848 150 2877; x_wconf 89' lang='lat' dir='ltr'>num.</span> <span class='ocrx_word' id='word_1_255' title='bbox 178 2850 266 2890; x_wconf 89' lang='lat' dir='ltr'>pag.</span> <span class='ocrx_word' id='word_1_256' title='bbox 297 2841 388 2879; x_wconf 79' lang='grc'><strong>114.</strong></span> <span class='ocrx_word' id='word_1_257' title='bbox 416 2840 455 2879; x_wconf 90' lang='lat' dir='ltr'>b.</span> <span class='ocrx_word' id='word_1_258' title='bbox 486 2841 521 2878; x_wconf 87' lang='grc'>4.</span> <span class='ocrx_word' id='word_1_259' title='bbox 547 2840 609 2878; x_wconf 83' lang='grc'>43.</span> <span class='ocrx_word' id='word_1_260' title='bbox 634 2840 836 2890; x_wconf 83' lang='lat' dir='ltr'>Epistolae</span> <span class='ocrx_word' id='word_1_261' title='bbox 856 2839 903 2878; x_wconf 88' lang='lat' dir='ltr'>ad</span> <span class='ocrx_word' id='word_1_262' title='bbox 932 2851 996 2877; x_wconf 86' lang='lat' dir='ltr'>va-</span> 
     </span>
     <span class='ocr_line' id='line_1_44' title="bbox 37 2900 994 2953; baseline 0 -15"><span class='ocrx_word' id='word_1_263' title='bbox 37 2900 143 2939; x_wconf 85' lang='lat' dir='ltr'>rios:</span> <span class='ocrx_word' id='word_1_264' title='bbox 172 2902 341 2941; x_wconf 83' lang='lat' dir='ltr'>AEneam</span> <span class='ocrx_word' id='word_1_265' title='bbox 372 2902 556 2953; x_wconf 81' lang='lat' dir='ltr'>Sylvium</span> <span class='ocrx_word' id='word_1_266' title='bbox 578 2902 736 2941; x_wconf 88' lang='lat' dir='ltr'>Cardin.</span> <span class='ocrx_word' id='word_1_267' title='bbox 763 2902 994 2940; x_wconf 73' lang='lat' dir='ltr'>Senonsom:</span> 
     </span>
     <span class='ocr_line' id='line_1_45' title="bbox 38 2959 998 3010; baseline 0.002 -11"><span class='ocrx_word' id='word_1_268' title='bbox 38 2959 274 3010; x_wconf 85' lang='lat' dir='ltr'>Albertum,</span> <span class='ocrx_word' id='word_1_269' title='bbox 303 2961 550 3003; x_wconf 86' lang='lat' dir='ltr'>Andreolum</span> <span class='ocrx_word' id='word_1_270' title='bbox 588 2964 886 3007; x_wconf 79' lang='lat' dir='ltr'>Justinianum,</span> <span class='ocrx_word' id='word_1_271' title='bbox 918 2961 998 3001; x_wconf 78' lang='lat' dir='ltr'>An-</span> 
     </span>
     <span class='ocr_line' id='line_1_46' title="bbox 38 3024 999 3073; baseline 0 -11"><span class='ocrx_word' id='word_1_272' title='bbox 38 3025 192 3063; x_wconf 87' lang='lat' dir='ltr'>tonium</span> <span class='ocrx_word' id='word_1_273' title='bbox 217 3024 530 3064; x_wconf 86' lang='lat' dir='ltr'>Cremonensem</span> <span class='ocrx_word' id='word_1_274' title='bbox 553 3054 561 3073; x_wconf 88' lang='lat'>,</span> <span class='ocrx_word' id='word_1_275' title='bbox 591 3025 808 3064; x_wconf 84' lang='lat' dir='ltr'>Antonium</span> <span class='ocrx_word' id='word_1_276' title='bbox 857 3026 999 3062; x_wconf 76' lang='lat' dir='ltr'>Panor—</span> 
     </span>
     <span class='ocr_line' id='line_1_47' title="bbox 39 3085 999 3135; baseline 0.001 -12"><span class='ocrx_word' id='word_1_277' title='bbox 39 3086 177 3124; x_wconf 89' lang='lat' dir='ltr'>mitam</span> <span class='ocrx_word' id='word_1_278' title='bbox 203 3085 410 3135; x_wconf 89' lang='lat' dir='ltr'>Siculum,</span> <span class='ocrx_word' id='word_1_279' title='bbox 432 3086 617 3126; x_wconf 85' lang='lat' dir='ltr'>Carolum</span> <span class='ocrx_word' id='word_1_280' title='bbox 643 3087 853 3126; x_wconf 73' lang='lat' dir='ltr'>Aretinum</span> <span class='ocrx_word' id='word_1_281' title='bbox 870 3118 880 3135; x_wconf 85' lang='lat'><em>,</em></span> <span class='ocrx_word' id='word_1_282' title='bbox 908 3090 999 3126; x_wconf 75' lang='lat' dir='ltr'>Leo-</span> 
     </span>
     <span class='ocr_line' id='line_1_48' title="bbox 41 3145 998 3197; baseline 0.001 -12"><span class='ocrx_word' id='word_1_283' title='bbox 41 3146 213 3187; x_wconf 88' lang='lat' dir='ltr'>nardum</span> <span class='ocrx_word' id='word_1_284' title='bbox 243 3145 479 3197; x_wconf 86' lang='lat' dir='ltr'>Aretinum‚</span> <span class='ocrx_word' id='word_1_285' title='bbox 508 3148 772 3188; x_wconf 83' lang='lat' dir='ltr'>Bildestinum</span> <span class='ocrx_word' id='word_1_286' title='bbox 795 3148 998 3187; x_wconf 83' lang='lat' dir='ltr'>Archidia-</span> 
     </span>
     <span class='ocr_line' id='line_1_49' title="bbox 41 3209 995 3262; baseline 0 -14"><span class='ocrx_word' id='word_1_287' title='bbox 41 3219 214 3258; x_wconf 89' lang='lat' dir='ltr'>conum,</span> <span class='ocrx_word' id='word_1_288' title='bbox 257 3209 675 3262; x_wconf 82' lang='lat' dir='ltr'>caesaraugustanum</span> <span class='ocrx_word' id='word_1_289' title='bbox 726 3212 995 3262; x_wconf 76' lang='lat' dir='ltr'>Episcopum,</span> 
     </span>
    </p>
   </div>
   <div class='ocr_carea' id='block_1_3' title="bbox 95 3342 904 3382">
    <p class='ocr_par' dir='ltr' id='par_1_9' title="bbox 95 3342 904 3382">
     <span class='ocr_line' id='line_1_50' title="bbox 95 3342 904 3382; baseline 0.001 -10"><span class='ocrx_word' id='word_1_290' title='bbox 95 3350 124 3381; x_wconf 65' lang='lat' dir='ltr'>a,</span> <span class='ocrx_word' id='word_1_291' title='bbox 145 3342 330 3375; x_wconf 70' lang='lat' dir='ltr'>pleniorem</span> <span class='ocrx_word' id='word_1_292' title='bbox 350 3342 532 3375; x_wconf 84' lang='lat' dir='ltr'>editionem</span> <span class='ocrx_word' id='word_1_293' title='bbox 551 3344 648 3375; x_wconf 80' lang='lat' dir='ltr'>retuli</span> <span class='ocrx_word' id='word_1_294' title='bbox 666 3352 765 3382; x_wconf 80' lang='lat' dir='ltr'>supra</span> <span class='ocrx_word' id='word_1_295' title='bbox 781 3351 814 3381; x_wconf 83' lang='lat' dir='ltr'>p.</span> <span class='ocrx_word' id='word_1_296' title='bbox 831 3342 904 3371; x_wconf 75' lang='grc'><strong>897.</strong></span> 
     </span>
    </p>
   </div>
   <div class='ocr_carea' id='block_1_4' title="bbox 1071 256 2048 3374">
    <p class='ocr_par' dir='ltr' id='par_1_10' title="bbox 1081 256 2048 1414">
     <span class='ocr_line' id='line_1_51' title="bbox 1968 256 2040 294; baseline 0 0"><span class='ocrx_word' id='word_1_297' title='bbox 1968 256 2040 294; x_wconf 75' lang='lat'>291</span> 
     </span>
     <span class='ocr_line' id='line_1_52' title="bbox 1085 318 2045 375; baseline 0.009 -21"><span class='ocrx_word' id='word_1_298' title='bbox 1085 318 1318 367; x_wconf 82' lang='lat' dir='ltr'>Gregorium</span> <span class='ocrx_word' id='word_1_299' title='bbox 1348 318 1552 357; x_wconf 75' lang='lat' dir='ltr'>Corui-ium</span> <span class='ocrx_word' id='word_1_300' title='bbox 1579 318 1694 358; x_wconf 84' lang='lat' dir='ltr'>Sedis</span> <span class='ocrx_word' id='word_1_301' title='bbox 1720 321 1931 372; x_wconf 79' lang='lat' dir='ltr'>Apostolic.</span> <span class='ocrx_word' id='word_1_302' title='bbox 1958 336 2045 375; x_wconf 79' lang='lat' dir='ltr'>pro-</span> 
     </span>
     <span class='ocr_line' id='line_1_53' title="bbox 1087 380 2048 427; baseline 0.01 -12"><span class='ocrx_word' id='word_1_303' title='bbox 1087 380 1326 416; x_wconf 85' lang='lat' dir='ltr'>tonotarium</span> <span class='ocrx_word' id='word_1_304' title='bbox 1345 410 1354 426; x_wconf 81' lang='lat'><em>,</em></span> <span class='ocrx_word' id='word_1_305' title='bbox 1386 380 1571 418; x_wconf 88' lang='lat' dir='ltr'>Cosmam</span> <span class='ocrx_word' id='word_1_306' title='bbox 1603 380 1652 418; x_wconf 82' lang='lat' dir='ltr'>do</span> <span class='ocrx_word' id='word_1_307' title='bbox 1682 382 1842 422; x_wconf 83' lang='lat' dir='ltr'>Medicis</span> <span class='ocrx_word' id='word_1_308' title='bbox 1862 417 1869 427; x_wconf 93' lang='grc'>,</span> <span class='ocrx_word' id='word_1_309' title='bbox 1891 386 2048 424; x_wconf 80' lang='lat' dir='ltr'>Franci-</span> 
     </span>
     <span class='ocr_line' id='line_1_54' title="bbox 1086 441 2044 488; baseline 0.011 -12"><span class='ocrx_word' id='word_1_310' title='bbox 1086 449 1199 478; x_wconf 89' lang='lat' dir='ltr'>scum</span> <span class='ocrx_word' id='word_1_311' title='bbox 1230 441 1461 488; x_wconf 82' lang='lat' dir='ltr'>Barbarum,</span> <span class='ocrx_word' id='word_1_312' title='bbox 1486 443 1739 482; x_wconf 87' lang='lat' dir='ltr'>Franciscum</span> <span class='ocrx_word' id='word_1_313' title='bbox 1762 447 2044 487; x_wconf 84' lang='lat' dir='ltr'>Marescalcum</span> 
     </span>
     <span class='ocr_line' id='line_1_55' title="bbox 1088 502 2047 558; baseline 0.013 -21"><span class='ocrx_word' id='word_1_314' title='bbox 1088 502 1378 539; x_wconf 79' lang='lat' dir='ltr'>Ferrariensern</span> <span class='ocrx_word' id='word_1_315' title='bbox 1397 531 1405 549; x_wconf 85' lang='lat'>,</span> <span class='ocrx_word' id='word_1_316' title='bbox 1427 502 1648 541; x_wconf 89' lang='lat' dir='ltr'>Guarinum</span> <span class='ocrx_word' id='word_1_317' title='bbox 1675 506 1959 558; x_wconf 82' lang='lat' dir='ltr'>veronensem,</span> <span class='ocrx_word' id='word_1_318' title='bbox 1982 511 2047 549; x_wconf 84' lang='lat' dir='ltr'>Ja-</span> 
     </span>
     <span class='ocr_line' id='line_1_56' title="bbox 1085 561 2043 616; baseline 0.013 -18"><span class='ocrx_word' id='word_1_319' title='bbox 1085 561 1228 599; x_wconf 90' lang='lat' dir='ltr'>cobum</span> <span class='ocrx_word' id='word_1_320' title='bbox 1277 563 1489 601; x_wconf 88' lang='lat' dir='ltr'>Foscarum</span> <span class='ocrx_word' id='word_1_321' title='bbox 1514 593 1522 611; x_wconf 81' lang='lat'>‚</span> <span class='ocrx_word' id='word_1_322' title='bbox 1571 566 1762 604; x_wconf 79' lang='lat' dir='ltr'>Joanncrn</span> <span class='ocrx_word' id='word_1_323' title='bbox 1815 569 2013 609; x_wconf 75' lang='lat' dir='ltr'>Lamolam</span> <span class='ocrx_word' id='word_1_324' title='bbox 2033 600 2043 616; x_wconf 93' lang='lat'>‚</span> 
     </span>
     <span class='ocr_line' id='line_1_57' title="bbox 1083 623 2046 680; baseline 0.012 -21"><span class='ocrx_word' id='word_1_325' title='bbox 1083 623 1276 660; x_wconf 65' lang='lat' dir='ltr'>joannem</span> <span class='ocrx_word' id='word_1_326' title='bbox 1311 625 1540 662; x_wconf 82' lang='lat' dir='ltr'>l&#39;ratensem</span> <span class='ocrx_word' id='word_1_327' title='bbox 1561 655 1568 672; x_wconf 85' lang='lat'>,</span> <span class='ocrx_word' id='word_1_328' title='bbox 1593 626 1785 666; x_wconf 81' lang='lat' dir='ltr'>Joanncin</span> <span class='ocrx_word' id='word_1_329' title='bbox 1809 629 2046 680; x_wconf 83' lang='lat' dir='ltr'>Spclmiber-</span> 
     </span>
     <span class='ocr_line' id='line_1_58' title="bbox 1085 685 2043 743; baseline 0.011 -23"><span class='ocrx_word' id='word_1_330' title='bbox 1085 694 1277 731; x_wconf 86' lang='lat' dir='ltr'>gensem,</span> <span class='ocrx_word' id='word_1_331' title='bbox 1309 685 1511 723; x_wconf 71' lang='lat' dir='ltr'>julianum</span> <span class='ocrx_word' id='word_1_332' title='bbox 1542 687 1790 728; x_wconf 79' lang='lat' dir='ltr'>Cardinalem</span> <span class='ocrx_word' id='word_1_333' title='bbox 1816 692 1853 728; x_wconf 81' lang='lat' dir='ltr'>S.</span> <span class='ocrx_word' id='word_1_334' title='bbox 1884 693 2043 743; x_wconf 82' lang='lat' dir='ltr'>Angeli,</span> 
     </span>
     <span class='ocr_line' id='line_1_59' title="bbox 1085 744 2045 795; baseline 0.011 -14"><span class='ocrx_word' id='word_1_335' title='bbox 1085 744 1259 794; x_wconf 87' lang='lat' dir='ltr'>legatum</span> <span class='ocrx_word' id='word_1_336' title='bbox 1278 756 1346 795; x_wconf 84' lang='lat' dir='ltr'>per</span> <span class='ocrx_word' id='word_1_337' title='bbox 1363 747 1615 785; x_wconf 79' lang='lat' dir='ltr'>Germaniam</span> <span class='ocrx_word' id='word_1_338' title='bbox 1632 762 1639 786; x_wconf 90' lang='lat'>:</span> <span class='ocrx_word' id='word_1_339' title='bbox 1658 751 1885 790; x_wconf 65' lang='lat' dir='ltr'>Leone-llum</span> <span class='ocrx_word' id='word_1_340' title='bbox 1903 754 2045 792; x_wconf 69' lang='lat' dir='ltr'>listen-</span> 
     </span>
     <span class='ocr_line' id='line_1_60' title="bbox 1085 806 2042 863; baseline 0.011 -21"><span class='ocrx_word' id='word_1_341' title='bbox 1085 816 1201 853; x_wconf 87' lang='lat' dir='ltr'>sem,</span> <span class='ocrx_word' id='word_1_342' title='bbox 1232 806 1281 844; x_wconf 94' lang='lat' dir='ltr'>ad</span> <span class='ocrx_word' id='word_1_343' title='bbox 1328 806 1472 857; x_wconf 85' lang='lat' dir='ltr'>Papam</span> <span class='ocrx_word' id='word_1_344' title='bbox 1519 809 1813 857; x_wconf 82' lang='lat' dir='ltr'>(Innocentium</span> <span class='ocrx_word' id='word_1_345' title='bbox 1861 815 1953 863; x_wconf 81' lang='lat' dir='ltr'>vn.)</span> <span class='ocrx_word' id='word_1_346' title='bbox 1995 816 2042 853; x_wconf 90' lang='lat' dir='ltr'>ad</span> 
     </span>
     <span class='ocr_line' id='line_1_61' title="bbox 1086 866 2044 921; baseline 0.011 -17"><span class='ocrx_word' id='word_1_347' title='bbox 1086 866 1307 918; x_wconf 82' lang='lat' dir='ltr'>Philippum</span> <span class='ocrx_word' id='word_1_348' title='bbox 1340 870 1499 907; x_wconf 82' lang='lat' dir='ltr'>Mariam</span> <span class='ocrx_word' id='word_1_349' title='bbox 1543 870 1744 921; x_wconf 83' lang='lat' dir='ltr'>Anglum‚</span> <span class='ocrx_word' id='word_1_350' title='bbox 1782 873 1924 912; x_wconf 88' lang='lat' dir='ltr'>ducem</span> <span class='ocrx_word' id='word_1_351' title='bbox 1969 878 2044 914; x_wconf 86' lang='lat' dir='ltr'>Me-</span> 
     </span>
     <span class='ocr_line' id='line_1_62' title="bbox 1083 928 2044 981; baseline 0.011 -16"><span class='ocrx_word' id='word_1_352' title='bbox 1083 928 1388 968; x_wconf 78' lang='lat' dir='ltr'>diolanensem:</span> <span class='ocrx_word' id='word_1_353' title='bbox 1443 932 1666 981; x_wconf 82' lang='lat' dir='ltr'>Scipionem</span> <span class='ocrx_word' id='word_1_354' title='bbox 1718 935 2044 976; x_wconf 72' lang='lat' dir='ltr'>Feri-ariensem:</span> 
     </span>
     <span class='ocr_line' id='line_1_63' title="bbox 1083 990 2041 1041; baseline 0.009 -13"><span class='ocrx_word' id='word_1_355' title='bbox 1083 990 1373 1030; x_wconf 78' lang='lat' dir='ltr'>Cancellarium</span> <span class='ocrx_word' id='word_1_356' title='bbox 1407 993 1627 1031; x_wconf 84' lang='lat' dir='ltr'>Senensem</span> <span class='ocrx_word' id='word_1_357' title='bbox 1653 1024 1660 1041; x_wconf 64' lang='lat'>7</span> <span class='ocrx_word' id='word_1_358' title='bbox 1690 1000 1729 1032; x_wconf 80' lang='lat' dir='ltr'>et</span> <span class='ocrx_word' id='word_1_359' title='bbox 1753 996 1799 1034; x_wconf 90' lang='lat' dir='ltr'>ad</span> <span class='ocrx_word' id='word_1_360' title='bbox 1827 998 2041 1037; x_wconf 74' lang='lat' dir='ltr'>Suffretum</span> 
     </span>
     <span class='ocr_line' id='line_1_64' title="bbox 1084 1051 2043 1110; baseline 0.011 -22"><span class='ocrx_word' id='word_1_361' title='bbox 1084 1051 1205 1089; x_wconf 81' lang='lat' dir='ltr'>Rhodi</span> <span class='ocrx_word' id='word_1_362' title='bbox 1251 1059 1578 1093; x_wconf 78' lang='lat' dir='ltr'>commorantem.</span> <span class='ocrx_word' id='word_1_363' title='bbox 1612 1057 1651 1093; x_wconf 89' lang='lat' dir='ltr'>ln</span> <span class='ocrx_word' id='word_1_364' title='bbox 1685 1057 1746 1095; x_wconf 86' lang='lat' dir='ltr'>his</span> <span class='ocrx_word' id='word_1_365' title='bbox 1774 1060 1892 1097; x_wconf 87' lang='lat' dir='ltr'>etiam</span> <span class='ocrx_word' id='word_1_366' title='bbox 1924 1063 2043 1110; x_wconf 80' lang='lat' dir='ltr'>trige-</span> 
     </span>
     <span class='ocr_line' id='line_1_65' title="bbox 1082 1113 2040 1168; baseline 0.008 -18"><span class='ocrx_word' id='word_1_367' title='bbox 1082 1114 1181 1151; x_wconf 88' lang='lat' dir='ltr'>sima</span> <span class='ocrx_word' id='word_1_368' title='bbox 1208 1113 1383 1166; x_wconf 77' lang='lat' dir='ltr'>Philippi</span> <span class='ocrx_word' id='word_1_369' title='bbox 1404 1117 1558 1155; x_wconf 78' lang='lat' dir='ltr'>Mariae</span> <span class='ocrx_word' id='word_1_370' title='bbox 1583 1117 1703 1156; x_wconf 88' lang='lat' dir='ltr'>Ducis</span> <span class='ocrx_word' id='word_1_371' title='bbox 1725 1119 2040 1168; x_wconf 75' lang='lat' dir='ltr'>Mediolanensis,</span> 
     </span>
     <span class='ocr_line' id='line_1_66' title="bbox 1081 1175 2042 1227; baseline 0.008 -15"><span class='ocrx_word' id='word_1_372' title='bbox 1081 1179 1121 1212; x_wconf 86' lang='lat' dir='ltr'>et</span> <span class='ocrx_word' id='word_1_373' title='bbox 1152 1175 1564 1227; x_wconf 87' lang='lat' dir='ltr'>undequadragesima</span> <span class='ocrx_word' id='word_1_374' title='bbox 1595 1180 1755 1217; x_wconf 78' lang='lat' dir='ltr'>Antonii</span> <span class='ocrx_word' id='word_1_375' title='bbox 1791 1182 2042 1220; x_wconf 77' lang='lat' dir='ltr'>Panormitae</span> 
     </span>
     <span class='ocr_line' id='line_1_67' title="bbox 1083 1234 2040 1291; baseline 0.01 -19"><span class='ocrx_word' id='word_1_376' title='bbox 1083 1234 1131 1272; x_wconf 83' lang='lat' dir='ltr'>ad</span> <span class='ocrx_word' id='word_1_377' title='bbox 1162 1237 1364 1287; x_wconf 87' lang='lat' dir='ltr'>Poggium.</span> <span class='ocrx_word' id='word_1_378' title='bbox 1394 1238 1444 1275; x_wconf 90' lang='lat' dir='ltr'>Et</span> <span class='ocrx_word' id='word_1_379' title='bbox 1468 1239 1668 1288; x_wconf 86' lang='lat' dir='ltr'>Epistolae</span> <span class='ocrx_word' id='word_1_380' title='bbox 1695 1247 1917 1291; x_wconf 84' lang='lat' dir='ltr'>postremae</span> <span class='ocrx_word' id='word_1_381' title='bbox 1948 1255 2040 1282; x_wconf 92' lang='lat' dir='ltr'>con-</span> 
     </span>
     <span class='ocr_line' id='line_1_68' title="bbox 1084 1297 2042 1355; baseline 0.009 -21"><span class='ocrx_word' id='word_1_382' title='bbox 1084 1301 1143 1335; x_wconf 78' lang='lat' dir='ltr'>tra</span> <span class='ocrx_word' id='word_1_383' title='bbox 1161 1297 1395 1346; x_wconf 86' lang='lat' dir='ltr'>Guarinum,</span> <span class='ocrx_word' id='word_1_384' title='bbox 1415 1301 1481 1348; x_wconf 91' lang='lat' dir='ltr'>qui</span> <span class='ocrx_word' id='word_1_385' title='bbox 1504 1301 1714 1339; x_wconf 83' lang='lat' dir='ltr'>Caesarem</span> <span class='ocrx_word' id='word_1_386' title='bbox 1738 1304 1905 1354; x_wconf 82' lang='lat' dir='ltr'>Scipioni</span> <span class='ocrx_word' id='word_1_387' title='bbox 1932 1316 2042 1355; x_wconf 88' lang='lat' dir='ltr'>prae—</span> 
     </span>
     <span class='ocr_line' id='line_1_69' title="bbox 1085 1359 1321 1414; baseline -0.004 -18"><span class='ocrx_word' id='word_1_388' title='bbox 1085 1359 1245 1397; x_wconf 86' lang='lat' dir='ltr'>tulerat.</span> <span class='ocrx_word' id='word_1_389' title='bbox 1311 1406 1321 1414; x_wconf 45' lang='lat'><strong>·</strong></span> 
     </span>
    </p>

    <p class='ocr_par' dir='ltr' id='par_1_11' title="bbox 1088 1419 2040 1537">
     <span class='ocr_line' id='line_1_70' title="bbox 1136 1419 2040 1477; baseline 0.009 -20"><span class='ocrx_word' id='word_1_390' title='bbox 1136 1421 1323 1470; x_wconf 83' lang='lat' dir='ltr'>Dialogus</span> <span class='ocrx_word' id='word_1_391' title='bbox 1365 1419 1411 1459; x_wconf 84' lang='lat' dir='ltr'>cle</span> <span class='ocrx_word' id='word_1_392' title='bbox 1454 1421 1681 1473; x_wconf 76' lang='lat' dir='ltr'>infelicitate</span> <span class='ocrx_word' id='word_1_393' title='bbox 1720 1424 1951 1477; x_wconf 78' lang='lat' dir='ltr'>Principum</span> <span class='ocrx_word' id='word_1_394' title='bbox 1992 1428 2040 1465; x_wconf 82' lang='lat' dir='ltr'>ad</span> 
     </span>
     <span class='ocr_line' id='line_1_71' title="bbox 1088 1481 1988 1537; baseline 0.008 -19"><span class='ocrx_word' id='word_1_395' title='bbox 1088 1481 1280 1520; x_wconf 86' lang='lat' dir='ltr'>Thomam</span> <span class='ocrx_word' id='word_1_396' title='bbox 1315 1484 1446 1521; x_wconf 83' lang='lat' dir='ltr'>virum</span> <span class='ocrx_word' id='word_1_397' title='bbox 1478 1484 1761 1523; x_wconf 83' lang='lat' dir='ltr'>clarissimum.</span> <span class='ocrx_word' id='word_1_398' title='bbox 1784 1498 1869 1537; x_wconf 86' lang='lat' dir='ltr'>pag.</span> <span class='ocrx_word' id='word_1_399' title='bbox 1902 1489 1988 1525; x_wconf 72' lang='grc'><strong>146.</strong></span> 
     </span>
    </p>

    <p class='ocr_par' dir='ltr' id='par_1_12' title="bbox 1072 1543 2045 2948">
     <span class='ocr_line' id='line_1_72' title="bbox 1137 1543 2041 1596; baseline 0.008 -17"><span class='ocrx_word' id='word_1_400' title='bbox 1137 1543 1323 1581; x_wconf 82' lang='lat' dir='ltr'>Facetiae</span> <span class='ocrx_word' id='word_1_401' title='bbox 1370 1554 1457 1594; x_wconf 86' lang='lat' dir='ltr'>pag.</span> <span class='ocrx_word' id='word_1_402' title='bbox 1506 1545 1593 1583; x_wconf 81' lang='grc'><strong>157.</strong></span> <span class='ocrx_word' id='word_1_403' title='bbox 1639 1546 1726 1584; x_wconf 81' lang='grc'><strong>184.</strong></span> <span class='ocrx_word' id='word_1_404' title='bbox 1773 1547 1822 1584; x_wconf 93' lang='lat' dir='ltr'>ob</span> <span class='ocrx_word' id='word_1_405' title='bbox 1872 1559 2041 1596; x_wconf 86' lang='lat' dir='ltr'>quarum</span> 
     </span>
     <span class='ocr_line' id='line_1_73' title="bbox 1083 1604 2044 1656; baseline 0.004 -14"><span class='ocrx_word' id='word_1_406' title='bbox 1083 1604 1305 1642; x_wconf 79' lang='lat' dir='ltr'>libertatem</span> <span class='ocrx_word' id='word_1_407' title='bbox 1351 1610 1471 1655; x_wconf 86' lang='lat' dir='ltr'>atquc</span> <span class='ocrx_word' id='word_1_408' title='bbox 1515 1617 1694 1656; x_wconf 85' lang='lat' dir='ltr'>sparsam</span> <span class='ocrx_word' id='word_1_409' title='bbox 1727 1607 1818 1645; x_wconf 87' lang='lat' dir='ltr'>hinc</span> <span class='ocrx_word' id='word_1_410' title='bbox 1861 1608 1950 1646; x_wconf 84' lang='lat' dir='ltr'>inde</span> <span class='ocrx_word' id='word_1_411' title='bbox 1978 1610 2044 1647; x_wconf 92' lang='lat' dir='ltr'>ob-</span> 
     </span>
     <span class='ocr_line' id='line_1_74' title="bbox 1081 1667 2045 1718; baseline 0.005 -15"><span class='ocrx_word' id='word_1_412' title='bbox 1081 1667 1365 1705; x_wconf 82' lang='lat' dir='ltr'>sccoenitatem</span> <span class='ocrx_word' id='word_1_413' title='bbox 1399 1667 1500 1705; x_wconf 81' lang='lat' dir='ltr'>male</span> <span class='ocrx_word' id='word_1_414' title='bbox 1525 1668 1628 1718; x_wconf 89' lang='lat' dir='ltr'>apud</span> <span class='ocrx_word' id='word_1_415' title='bbox 1655 1668 1802 1707; x_wconf 88' lang='lat' dir='ltr'>multos</span> <span class='ocrx_word' id='word_1_416' title='bbox 1826 1669 1950 1708; x_wconf 89' lang='lat' dir='ltr'>audiit</span> <span class='ocrx_word' id='word_1_417' title='bbox 1976 1672 2045 1708; x_wconf 87' lang='lat' dir='ltr'>Po-</span> 
     </span>
     <span class='ocr_line' id='line_1_75' title="bbox 1080 1729 2040 1778; baseline 0.006 -14"><span class='ocrx_word' id='word_1_418' title='bbox 1080 1729 1194 1777; x_wconf 87' lang='lat' dir='ltr'>gius:</span> <span class='ocrx_word' id='word_1_419' title='bbox 1225 1729 1309 1778; x_wconf 88' lang='lat' dir='ltr'>ipse</span> <span class='ocrx_word' id='word_1_420' title='bbox 1336 1739 1429 1765; x_wconf 88' lang='lat' dir='ltr'>vero</span> <span class='ocrx_word' id='word_1_421' title='bbox 1454 1729 1655 1768; x_wconf 85' lang='lat' dir='ltr'>invectiva</span> <span class='ocrx_word' id='word_1_422' title='bbox 1682 1731 1857 1769; x_wconf 85' lang='lat' dir='ltr'>secunda</span> <span class='ocrx_word' id='word_1_423' title='bbox 1886 1733 1922 1768; x_wconf 89' lang='lat' dir='ltr'>in</span> <span class='ocrx_word' id='word_1_424' title='bbox 1949 1733 2040 1770; x_wconf 89' lang='lat' dir='ltr'>Lau.</span> 
     </span>
     <span class='ocr_line' id='line_1_76' title="bbox 1080 1789 2040 1840; baseline 0.003 -13"><span class='ocrx_word' id='word_1_425' title='bbox 1080 1789 1229 1827; x_wconf 87' lang='lat' dir='ltr'>Vallam</span> <span class='ocrx_word' id='word_1_426' title='bbox 1261 1801 1346 1840; x_wconf 89' lang='lat' dir='ltr'>pag.</span> <span class='ocrx_word' id='word_1_427' title='bbox 1379 1790 1440 1828; x_wconf 71' lang='lat'>82.</span> <span class='ocrx_word' id='word_1_428' title='bbox 1472 1791 1507 1827; x_wconf 90' lang='lat' dir='ltr'>b.</span> <span class='ocrx_word' id='word_1_429' title='bbox 1540 1790 1695 1828; x_wconf 73' lang='lat' dir='ltr'>Invenit</span> <span class='ocrx_word' id='word_1_430' title='bbox 1722 1791 1761 1828; x_wconf 83' lang='lat' dir='ltr'>in</span> <span class='ocrx_word' id='word_1_431' title='bbox 1805 1803 1914 1830; x_wconf 83' lang='lat' dir='ltr'>meas</span> <span class='ocrx_word' id='word_1_432' title='bbox 1951 1803 2040 1830; x_wconf 87' lang='lat' dir='ltr'>con—</span> 
     </span>
     <span class='ocr_line' id='line_1_77' title="bbox 1076 1848 2041 1903; baseline 0.004 -16"><span class='ocrx_word' id='word_1_433' title='bbox 1076 1848 1365 1901; x_wconf 76' lang='lat' dir='ltr'>fabulationes.</span> <span class='ocrx_word' id='word_1_434' title='bbox 1395 1854 1441 1888; x_wconf 81' lang='lat' dir='ltr'>ut</span> <span class='ocrx_word' id='word_1_435' title='bbox 1477 1862 1646 1903; x_wconf 83' lang='lat' dir='ltr'>spurcas</span> <span class='ocrx_word' id='word_1_436' title='bbox 1675 1856 1712 1890; x_wconf 91' lang='lat' dir='ltr'>et</span> <span class='ocrx_word' id='word_1_437' title='bbox 1741 1851 1836 1890; x_wconf 86' lang='lat' dir='ltr'>bono</span> <span class='ocrx_word' id='word_1_438' title='bbox 1866 1853 1952 1891; x_wconf 83' lang='lat' dir='ltr'>viro</span> <span class='ocrx_word' id='word_1_439' title='bbox 1983 1854 2041 1892; x_wconf 80' lang='lat' dir='ltr'>in-</span> 
     </span>
     <span class='ocr_line' id='line_1_78' title="bbox 1079 1912 2037 1963; baseline 0.001 -12"><span class='ocrx_word' id='word_1_440' title='bbox 1079 1913 1240 1963; x_wconf 67' lang='lat' dir='ltr'>cliynas,</span> <span class='ocrx_word' id='word_1_441' title='bbox 1267 1912 1376 1950; x_wconf 80' lang='lat' dir='ltr'>nomo</span> <span class='ocrx_word' id='word_1_442' title='bbox 1398 1917 1589 1952; x_wconf 83' lang='lat' dir='ltr'>austerus</span> <span class='ocrx_word' id='word_1_443' title='bbox 1613 1918 1652 1952; x_wconf 83' lang='lat' dir='ltr'>et</span> <span class='ocrx_word' id='word_1_444' title='bbox 1672 1925 1837 1952; x_wconf 84' lang='lat' dir='ltr'>severus</span> <span class='ocrx_word' id='word_1_445' title='bbox 1861 1915 2037 1953; x_wconf 81' lang='lat' dir='ltr'>nimium:</span> 
     </span>
     <span class='ocr_line' id='line_1_79' title="bbox 1079 1973 2042 2021; baseline 0.001 -9"><span class='ocrx_word' id='word_1_446' title='bbox 1079 1978 1125 2012; x_wconf 84' lang='lat' dir='ltr'>ut</span> <span class='ocrx_word' id='word_1_447' title='bbox 1151 1973 1322 2013; x_wconf 83' lang='lat' dir='ltr'>alterum</span> <span class='ocrx_word' id='word_1_448' title='bbox 1353 1976 1547 2012; x_wconf 82' lang='lat' dir='ltr'>Zenonem</span> <span class='ocrx_word' id='word_1_449' title='bbox 1575 1975 1740 2014; x_wconf 77' lang='lat' dir='ltr'>stoicum</span> <span class='ocrx_word' id='word_1_450' title='bbox 1771 1975 1937 2021; x_wconf 82' lang='lat' dir='ltr'>credas,</span> <span class='ocrx_word' id='word_1_451' title='bbox 1968 1981 2042 2014; x_wconf 90' lang='lat' dir='ltr'>aut</span> 
     </span>
     <span class='ocr_line' id='line_1_80' title="bbox 1083 2035 2038 2089; baseline 0.001 -15"><span class='ocrx_word' id='word_1_452' title='bbox 1083 2037 1271 2075; x_wconf 86' lang='lat' dir='ltr'>Catonem</span> <span class='ocrx_word' id='word_1_453' title='bbox 1295 2035 1453 2074; x_wconf 86' lang='lat' dir='ltr'>tertium</span> <span class='ocrx_word' id='word_1_454' title='bbox 1469 2067 1479 2084; x_wconf 70' lang='lat'><em>,</em></span> <span class='ocrx_word' id='word_1_455' title='bbox 1500 2048 1576 2074; x_wconf 85' lang='lat' dir='ltr'>non</span> <span class='ocrx_word' id='word_1_456' title='bbox 1601 2035 1818 2075; x_wconf 84' lang='lat' dir='ltr'>bestiarum</span> <span class='ocrx_word' id='word_1_457' title='bbox 1843 2037 2038 2089; x_wconf 78' lang='lat' dir='ltr'>quendam</span> 
     </span>
     <span class='ocr_line' id='line_1_81' title="bbox 1082 2096 2042 2148; baseline 0.002 -13"><span class='ocrx_word' id='word_1_458' title='bbox 1082 2096 1320 2145; x_wconf 81' lang='lat' dir='ltr'>bubulcum,</span> <span class='ocrx_word' id='word_1_459' title='bbox 1352 2097 1459 2135; x_wconf 82' lang='lat' dir='ltr'>omni</span> <span class='ocrx_word' id='word_1_460' title='bbox 1493 2097 1656 2148; x_wconf 82' lang='lat' dir='ltr'>plenum</span> <span class='ocrx_word' id='word_1_461' title='bbox 1699 2099 1933 2137; x_wconf 74' lang='lat' dir='ltr'>rusticitate.</span> <span class='ocrx_word' id='word_1_462' title='bbox 1963 2099 2042 2138; x_wconf 83' lang='lat' dir='ltr'>Sed</span> 
     </span>
     <span class='ocr_line' id='line_1_82' title="bbox 1080 2158 2040 2212; baseline 0.002 -16"><span class='ocrx_word' id='word_1_463' title='bbox 1080 2158 1179 2209; x_wconf 78' lang='lat' dir='ltr'>quid</span> <span class='ocrx_word' id='word_1_464' title='bbox 1220 2159 1395 2207; x_wconf 81' lang='lat' dir='ltr'>mirum,</span> <span class='ocrx_word' id='word_1_465' title='bbox 1424 2158 1592 2210; x_wconf 80' lang='lat' dir='ltr'>facetias</span> <span class='ocrx_word' id='word_1_466' title='bbox 1633 2171 1766 2207; x_wconf 80' lang='lat' dir='ltr'>meas,</span> <span class='ocrx_word' id='word_1_467' title='bbox 1798 2173 1853 2199; x_wconf 70' lang='lat' dir='ltr'>eoe</span> <span class='ocrx_word' id='word_1_468' title='bbox 1895 2160 2040 2212; x_wconf 82' lang='lat' dir='ltr'>quibus</span> 
     </span>
     <span class='ocr_line' id='line_1_83' title="bbox 1080 2218 2039 2270; baseline 0.002 -13"><span class='ocrx_word' id='word_1_469' title='bbox 1080 2218 1181 2257; x_wconf 83' lang='lat' dir='ltr'>liber</span> <span class='ocrx_word' id='word_1_470' title='bbox 1203 2223 1375 2269; x_wconf 79' lang='lat' dir='ltr'>constat3</span> <span class='ocrx_word' id='word_1_471' title='bbox 1418 2231 1494 2257; x_wconf 88' lang='lat' dir='ltr'>non</span> <span class='ocrx_word' id='word_1_472' title='bbox 1531 2219 1694 2270; x_wconf 84' lang='lat' dir='ltr'>placere</span> <span class='ocrx_word' id='word_1_473' title='bbox 1737 2220 1886 2258; x_wconf 82' lang='lat' dir='ltr'>homini</span> <span class='ocrx_word' id='word_1_474' title='bbox 1927 2221 2039 2259; x_wconf 79' lang='lat' dir='ltr'>inhu-</span> 
     </span>
     <span class='ocr_line' id='line_1_84' title="bbox 1079 2282 2033 2333; baseline 0.001 -13"><span class='ocrx_word' id='word_1_475' title='bbox 1079 2293 1220 2329; x_wconf 81' lang='lat' dir='ltr'>mano,</span> <span class='ocrx_word' id='word_1_476' title='bbox 1252 2286 1389 2329; x_wconf 82' lang='lat' dir='ltr'>vastO,</span> <span class='ocrx_word' id='word_1_477' title='bbox 1420 2282 1605 2332; x_wconf 60' lang='lat' dir='ltr'>stupam,</span> <span class='ocrx_word' id='word_1_478' title='bbox 1635 2283 1809 2333; x_wconf 70' lang='lat' dir='ltr'>ayreste’,</span> <span class='ocrx_word' id='word_1_479' title='bbox 1841 2283 2033 2325; x_wconf 77' lang='lat' dir='ltr'>clementi.</span> 
     </span>
     <span class='ocr_line' id='line_1_85' title="bbox 1079 2341 2036 2393; baseline -0.001 -12"><span class='ocrx_word' id='word_1_480' title='bbox 1079 2342 1280 2391; x_wconf 82' lang='lat' dir='ltr'>barbaro,</span> <span class='ocrx_word' id='word_1_481' title='bbox 1311 2343 1549 2382; x_wconf 69' lang='lat' dir='ltr'>rusticano?</span> <span class='ocrx_word' id='word_1_482' title='bbox 1578 2343 1630 2380; x_wconf 80' lang='lat' dir='ltr'>At</span> <span class='ocrx_word' id='word_1_483' title='bbox 1661 2341 1713 2380; x_wconf 87' lang='lat' dir='ltr'>ab</span> <span class='ocrx_word' id='word_1_484' title='bbox 1754 2342 1920 2393; x_wconf 83' lang='lat' dir='ltr'>reliquis</span> <span class='ocrx_word' id='word_1_485' title='bbox 1963 2344 2036 2381; x_wconf 80' lang='lat' dir='ltr'>ali-</span> 
     </span>
     <span class='ocr_line' id='line_1_86' title="bbox 1078 2402 2033 2457; baseline -0.002 -14"><span class='ocrx_word' id='word_1_486' title='bbox 1078 2409 1223 2456; x_wconf 86' lang='lat' dir='ltr'>quanto</span> <span class='ocrx_word' id='word_1_487' title='bbox 1268 2416 1388 2457; x_wconf 85' lang='lat' dir='ltr'>quam</span> <span class='ocrx_word' id='word_1_488' title='bbox 1435 2409 1475 2442; x_wconf 90' lang='lat' dir='ltr'>tu</span> <span class='ocrx_word' id='word_1_489' title='bbox 1517 2403 1743 2442; x_wconf 80' lang='lat' dir='ltr'>doctoribus</span> <span class='ocrx_word' id='word_1_490' title='bbox 1779 2402 2033 2454; x_wconf 82' lang='lat' dir='ltr'>probantur:</span> 
     </span>
     <span class='ocr_line' id='line_1_87' title="bbox 1078 2463 2034 2518; baseline -0.003 -13"><span class='ocrx_word' id='word_1_491' title='bbox 1078 2467 1262 2518; x_wconf 71' lang='lat' dir='ltr'>leyuntur</span> <span class='ocrx_word' id='word_1_492' title='bbox 1293 2471 1330 2505; x_wconf 86' lang='lat' dir='ltr'>et</span> <span class='ocrx_word' id='word_1_493' title='bbox 1358 2467 1397 2505; x_wconf 82' lang='lat' dir='ltr'>in</span> <span class='ocrx_word' id='word_1_494' title='bbox 1427 2478 1494 2503; x_wconf 85' lang='lat' dir='ltr'>ore</span> <span class='ocrx_word' id='word_1_495' title='bbox 1533 2469 1567 2502; x_wconf 84' lang='lat' dir='ltr'>et</span> <span class='ocrx_word' id='word_1_496' title='bbox 1597 2464 1779 2503; x_wconf 77' lang='lat' dir='ltr'>manibus</span> <span class='ocrx_word' id='word_1_497' title='bbox 1814 2463 2034 2509; x_wconf 76' lang='lat' dir='ltr'>habentur,</span> 
     </span>
     <span class='ocr_line' id='line_1_88' title="bbox 1077 2523 2035 2577; baseline -0.001 -12"><span class='ocrx_word' id='word_1_498' title='bbox 1077 2531 1122 2565; x_wconf 85' lang='lat' dir='ltr'>ut</span> <span class='ocrx_word' id='word_1_499' title='bbox 1146 2527 1244 2566; x_wconf 77' lang='lat' dir='ltr'>velis</span> <span class='ocrx_word' id='word_1_500' title='bbox 1272 2527 1396 2566; x_wconf 77' lang='lat' dir='ltr'>notis:</span> <span class='ocrx_word' id='word_1_501' title='bbox 1428 2530 1669 2577; x_wconf 77' lang='lat' dir='ltr'>rumpantur</span> <span class='ocrx_word' id='word_1_502' title='bbox 1699 2525 1787 2563; x_wconf 82' lang='lat' dir='ltr'>licet</span> <span class='ocrx_word' id='word_1_503' title='bbox 1816 2523 1884 2562; x_wconf 83' lang='lat' dir='ltr'>tibi</span> <span class='ocrx_word' id='word_1_504' title='bbox 1905 2525 2035 2564; x_wconf 83' lang='lat' dir='ltr'>Codro</span> 
     </span>
     <span class='ocr_line' id='line_1_89' title="bbox 1076 2585 2031 2639; baseline -0.004 -11"><span class='ocrx_word' id='word_1_505' title='bbox 1076 2589 1169 2628; x_wconf 81' lang='lat' dir='ltr'>ilia:</span> <span class='ocrx_word' id='word_1_506' title='bbox 1200 2589 1349 2639; x_wconf 81' lang='lat' dir='ltr'>diffusa</span> <span class='ocrx_word' id='word_1_507' title='bbox 1379 2588 1459 2626; x_wconf 83' lang='lat' dir='ltr'>sint</span> <span class='ocrx_word' id='word_1_508' title='bbox 1483 2599 1555 2638; x_wconf 80' lang='lat' dir='ltr'>per</span> <span class='ocrx_word' id='word_1_509' title='bbox 1584 2587 1811 2624; x_wconf 80' lang='lat' dir='ltr'>universam</span> <span class='ocrx_word' id='word_1_510' title='bbox 1858 2585 2031 2624; x_wconf 71' lang='lat' dir='ltr'>Italiam:</span> 
     </span>
     <span class='ocr_line' id='line_1_90' title="bbox 1074 2649 2031 2700; baseline -0.002 -12"><span class='ocrx_word' id='word_1_511' title='bbox 1074 2655 1113 2689; x_wconf 85' lang='lat' dir='ltr'>et</span> <span class='ocrx_word' id='word_1_512' title='bbox 1137 2650 1192 2689; x_wconf 86' lang='lat' dir='ltr'>ad</span> <span class='ocrx_word' id='word_1_513' title='bbox 1220 2649 1353 2688; x_wconf 84' lang='lat' dir='ltr'>Gallos</span> <span class='ocrx_word' id='word_1_514' title='bbox 1382 2660 1532 2700; x_wconf 74' lang='lat' dir='ltr'>usque,</span> <span class='ocrx_word' id='word_1_515' title='bbox 1560 2649 1779 2699; x_wconf 81' lang='lat' dir='ltr'>Hispanos.</span> <span class='ocrx_word' id='word_1_516' title='bbox 1803 2649 2031 2694; x_wconf 78' lang='lat' dir='ltr'>Germanos,</span> 
     </span>
     <span class='ocr_line' id='line_1_91' title="bbox 1073 2708 2034 2760; baseline -0.003 -11"><span class='ocrx_word' id='word_1_517' title='bbox 1073 2712 1296 2755; x_wconf 70' lang='lat' dir='ltr'>Britannos.</span> <span class='ocrx_word' id='word_1_518' title='bbox 1306 2714 1563 2760; x_wconf 82' lang='lat' dir='ltr'>caeterasque</span> <span class='ocrx_word' id='word_1_519' title='bbox 1585 2708 1759 2746; x_wconf 74' lang='lat' dir='ltr'>nationes</span> <span class='ocrx_word' id='word_1_520' title='bbox 1770 2713 1919 2746; x_wconf 80' lang='lat' dir='ltr'>transm</span> <span class='ocrx_word' id='word_1_521' title='bbox 1926 2708 2034 2758; x_wconf 68' lang='lat' dir='ltr'>iqra-</span> 
     </span>
     <span class='ocr_line' id='line_1_92' title="bbox 1072 2769 2035 2825; baseline -0.003 -15"><span class='ocrx_word' id='word_1_522' title='bbox 1072 2774 1152 2811; x_wconf 87' lang='lat' dir='ltr'>rint</span> <span class='ocrx_word' id='word_1_523' title='bbox 1181 2773 1252 2825; x_wconf 80' lang='lat' dir='ltr'>qui</span> <span class='ocrx_word' id='word_1_524' title='bbox 1278 2773 1406 2811; x_wconf 85' lang='lat' dir='ltr'>sciant</span> <span class='ocrx_word' id='word_1_525' title='bbox 1434 2770 1541 2821; x_wconf 74' lang='lat' dir='ltr'>loqui</span> <span class='ocrx_word' id='word_1_526' title='bbox 1571 2769 1700 2808; x_wconf 84' lang='lat' dir='ltr'>latine.</span> <span class='ocrx_word' id='word_1_527' title='bbox 1734 2769 1842 2808; x_wconf 83' lang='lat' dir='ltr'>Libet</span> <span class='ocrx_word' id='word_1_528' title='bbox 1871 2770 1971 2808; x_wconf 82' lang='lat' dir='ltr'>enim</span> <span class='ocrx_word' id='word_1_529' title='bbox 1997 2773 2035 2808; x_wconf 84' lang='lat' dir='ltr'>et</span> 
     </span>
     <span class='ocr_line' id='line_1_93' title="bbox 1072 2831 2032 2884; baseline -0.004 -12"><span class='ocrx_word' id='word_1_530' title='bbox 1072 2835 1172 2873; x_wconf 75' lang='lat' dir='ltr'>mihi</span> <span class='ocrx_word' id='word_1_531' title='bbox 1215 2833 1387 2873; x_wconf 84' lang='lat' dir='ltr'>Valleam</span> <span class='ocrx_word' id='word_1_532' title='bbox 1417 2833 1657 2884; x_wconf 83' lang='lat' dir='ltr'>jactantiam</span> <span class='ocrx_word' id='word_1_533' title='bbox 1684 2843 1784 2882; x_wconf 85' lang='lat' dir='ltr'>prae</span> <span class='ocrx_word' id='word_1_534' title='bbox 1813 2831 1935 2870; x_wconf 81' lang='lat' dir='ltr'>oculis</span> <span class='ocrx_word' id='word_1_535' title='bbox 1963 2831 2032 2869; x_wconf 77' lang='lat' dir='ltr'>ha-</span> 
     </span>
     <span class='ocr_line' id='line_1_94' title="bbox 1074 2892 1625 2948; baseline -0.007 -14"><span class='ocrx_word' id='word_1_536' title='bbox 1074 2895 1179 2934; x_wconf 83' lang='lat' dir='ltr'>benti</span> <span class='ocrx_word' id='word_1_537' title='bbox 1202 2894 1413 2948; x_wconf 82' lang='lat' dir='ltr'>paululum</span> <span class='ocrx_word' id='word_1_538' title='bbox 1442 2892 1625 2945; x_wconf 73' lang='lat' dir='ltr'>gyloriari.</span> 
     </span>
    </p>

    <p class='ocr_par' dir='ltr' id='par_1_13' title="bbox 1071 2955 2033 3374">
     <span class='ocr_line' id='line_1_95' title="bbox 1126 2955 2033 3004; baseline -0.007 -7"><span class='ocrx_word' id='word_1_539' title='bbox 1126 2961 1286 2997; x_wconf 79' lang='lat' dir='ltr'>Praeter</span> <span class='ocrx_word' id='word_1_540' title='bbox 1330 2958 1426 2995; x_wconf 80' lang='lat' dir='ltr'>haec</span> <span class='ocrx_word' id='word_1_541' title='bbox 1472 2957 1509 2993; x_wconf 89' lang='lat' dir='ltr'>in</span> <span class='ocrx_word' id='word_1_542' title='bbox 1556 2955 1756 2993; x_wconf 83' lang='lat' dir='ltr'>volumine</span> <span class='ocrx_word' id='word_1_543' title='bbox 1795 2955 2033 3004; x_wconf 73' lang='lat' dir='ltr'>Argentora-</span> 
     </span>
     <span class='ocr_line' id='line_1_96' title="bbox 1074 3017 2031 3067; baseline -0.005 -9"><span class='ocrx_word' id='word_1_544' title='bbox 1074 3021 1176 3059; x_wconf 88' lang='lat' dir='ltr'>tensi</span> <span class='ocrx_word' id='word_1_545' title='bbox 1198 3020 1363 3058; x_wconf 85' lang='lat' dir='ltr'>collecta</span> <span class='ocrx_word' id='word_1_546' title='bbox 1386 3017 1575 3067; x_wconf 80' lang='lat' dir='ltr'>opuscula</span> <span class='ocrx_word' id='word_1_547' title='bbox 1598 3017 1763 3065; x_wconf 71' lang='lat' dir='ltr'>Poggius</span> <span class='ocrx_word' id='word_1_548' title='bbox 1783 3018 1900 3053; x_wconf 83' lang='lat' dir='ltr'>ctiam</span> <span class='ocrx_word' id='word_1_549' title='bbox 1925 3027 2031 3053; x_wconf 78' lang='lat' dir='ltr'>coni-</span> 
     </span>
     <span class='ocr_line' id='line_1_97' title="bbox 1076 3074 2030 3132; baseline -0.007 -12"><span class='ocrx_word' id='word_1_550' title='bbox 1076 3083 1207 3132; x_wconf 88' lang='lat' dir='ltr'>posuit</span> <span class='ocrx_word' id='word_1_551' title='bbox 1239 3082 1416 3119; x_wconf 82' lang='lat' dir='ltr'>Latinam</span> <span class='ocrx_word' id='word_1_552' title='bbox 1449 3079 1704 3123; x_wconf 64' lang='lat' dir='ltr'>versionem,</span> <span class='ocrx_word' id='word_1_553' title='bbox 1736 3074 1928 3113; x_wconf 75' lang='lat' dir='ltr'>librorum</span> <span class='ocrx_word' id='word_1_554' title='bbox 1953 3078 2030 3126; x_wconf 85' lang='lat' dir='ltr'>pri—</span> 
     </span>
     <span class='ocr_line' id='line_1_98' title="bbox 1075 3136 2029 3192; baseline -0.007 -10"><span class='ocrx_word' id='word_1_555' title='bbox 1075 3154 1228 3182; x_wconf 84' lang='lat' dir='ltr'>morum</span> <span class='ocrx_word' id='word_1_556' title='bbox 1261 3142 1434 3192; x_wconf 83' lang='lat' dir='ltr'>quinque</span> <span class='ocrx_word' id='word_1_557' title='bbox 1462 3137 1626 3176; x_wconf 72' lang='lat' dir='ltr'>Diodori</span> <span class='ocrx_word' id='word_1_558' title='bbox 1652 3136 1802 3179; x_wconf 79' lang='lat' dir='ltr'>Siculi.</span> <span class='ocrx_word' id='word_1_559' title='bbox 1832 3138 1878 3176; x_wconf 84' lang='lat' dir='ltr'>ad</span> <span class='ocrx_word' id='word_1_560' title='bbox 1918 3139 2029 3176; x_wconf 72' lang='lat' dir='ltr'>Nico-</span> 
     </span>
     <span class='ocr_line' id='line_1_99' title="bbox 1074 3199 2028 3253; baseline -0.008 -9"><span class='ocrx_word' id='word_1_561' title='bbox 1074 3207 1178 3244; x_wconf 81' lang='lat' dir='ltr'>laum</span> <span class='ocrx_word' id='word_1_562' title='bbox 1211 3205 1254 3241; x_wconf 78' lang='lat' dir='ltr'>V.</span> <span class='ocrx_word' id='word_1_563' title='bbox 1285 3213 1453 3253; x_wconf 85' lang='lat' dir='ltr'>quorum</span> <span class='ocrx_word' id='word_1_564' title='bbox 1485 3201 1658 3250; x_wconf 83' lang='lat' dir='ltr'>primum</span> <span class='ocrx_word' id='word_1_565' title='bbox 1691 3201 1726 3237; x_wconf 89' lang='lat' dir='ltr'>in</span> <span class='ocrx_word' id='word_1_566' title='bbox 1754 3200 1855 3238; x_wconf 81' lang='lat' dir='ltr'>duos</span> <span class='ocrx_word' id='word_1_567' title='bbox 1879 3199 2028 3247; x_wconf 63' lang='lat' dir='ltr'>divisit,</span> 
     </span>
     <span class='ocr_line' id='line_1_100' title="bbox 1073 3261 2031 3310; baseline -0.008 -4"><span class='ocrx_word' id='word_1_568' title='bbox 1073 3267 1176 3306; x_wconf 83' lang='lat' dir='ltr'>unde.</span> <span class='ocrx_word' id='word_1_569' title='bbox 1206 3277 1283 3303; x_wconf 67' lang='lat' dir='ltr'>sac</span> <span class='ocrx_word' id='word_1_570' title='bbox 1312 3262 1407 3301; x_wconf 78' lang='lat' dir='ltr'>libri</span> <span class='ocrx_word' id='word_1_571' title='bbox 1431 3264 1467 3299; x_wconf 89' lang='lat' dir='ltr'>in</span> <span class='ocrx_word' id='word_1_572' title='bbox 1497 3261 1584 3310; x_wconf 74' lang='lat' dir='ltr'>ejus</span> <span class='ocrx_word' id='word_1_573' title='bbox 1614 3263 1796 3299; x_wconf 74' lang='lat' dir='ltr'>versione</span> <span class='ocrx_word' id='word_1_574' title='bbox 1819 3273 2031 3298; x_wconf 71' lang='lat' dir='ltr'>numeran-</span> 
     </span>
     <span class='ocr_line' id='line_1_101' title="bbox 1071 3321 2028 3374; baseline -0.007 -8"><span class='ocrx_word' id='word_1_575' title='bbox 1071 3335 1136 3367; x_wconf 83' lang='lat' dir='ltr'>tur</span> <span class='ocrx_word' id='word_1_576' title='bbox 1181 3329 1269 3364; x_wconf 74' lang='lat' dir='ltr'>l‘ost</span> <span class='ocrx_word' id='word_1_577' title='bbox 1300 3326 1465 3374; x_wconf 75' lang='lat' dir='ltr'>primani</span> <span class='ocrx_word' id='word_1_578' title='bbox 1497 3321 1709 3360; x_wconf 61' lang='lat' dir='ltr'>editionem</span> <span class='ocrx_word' id='word_1_579' title='bbox 1732 3324 1871 3360; x_wconf 67' lang='lat' dir='ltr'>Venet.</span> <span class='ocrx_word' id='word_1_580' title='bbox 1915 3322 2028 3360; x_wconf 67' lang='grc'><strong>1476.</strong></span> 
     </span>
    </p>
   </div>
  </div>
 </body>
</html>
