2517 4009
843 238 1325 278 51‹;t.oAssDUS

87 317 168 353 Jac.
209 312 345 359 Quctif
366 310 414 349 de
446 307 705 357 scriptoribus
727 308 818 345 Ord.
846 309 1051 348 Praedica-

88 381 218 414 torum
244 379 337 412 tom.
361 373 392 410 1.
415 382 450 421 p.
476 369 564 409 406.

142 434 448 479 SlGIFRlDUS,
484 430 821 481 Archiepiscopus
858 434 1053 482 Mogunti-

89 509 166 537 nus
189 498 238 536 ab
262 508 296 535 a.
322 494 443 541 4064,
461 492 556 530 obiit
580 503 614 531 a.
657 493 772 530 4084.
810 495 847 531 10
890 494 1051 534 historia

87 559 242 597 illorum
274 561 502 604 temporum
535 564 610 591 non
644 554 842 592 incelebre
894 566 1051 594 nomen.

85 616 285 670 Epz'stolae
327 616 436 654 illius
474 620 557 652 tres
599 614 648 652 ad
701 615 974 655 Alexandrum
1006 618 1054 656 ΙΙ.

84 681 261 730 Papam,
291 689 373 716 una
404 676 450 715 ad
484 675 824 721 lindebrandum,
858 677 1055 717 habentur

87 743 124 779 in
150 742 269 780 tornis
292 739 572 777 Conciliorum.
605 738 689 776 Alia
720 737 809 787 ejus
839 739 1053 790 diplomata

87 803 232 853 passim
260 804 454 851 prostant.

138 862 301 902 SIGISM
312 863 476 901 UNDUS
490 861 732 910 Amidanus,
752 860 1050 910 Cremonensis,

85 925 349 976 Philosophus
387 924 667 963 Aristotelicus
708 925 812 962 circa
852 935 885 962 a.
938 924 1055 963 4423.

85 987 253 1037 Scripsit
293 997 416 1036 super
456 985 663 1037 Physicam
724 986 975 1033 Tractatum,
1022 990 1061 1024 et

81 1059 205 1099 super
221 1047 411 1088 Convivio
433 1046 608 1086 Platonls
626 1048 885 1087 Commentar
896 1047 947 1085 ia.
971 1047 1057 1085 Ari—

83 1112 129 1149 sii
154 1111 351 1150 Cremona
379 1111 537 1148 literata
566 1114 661 1148 tom.
692 1111 720 1147 1.
747 1121 783 1159 p.
809 1110 900 1147 238.

135 1171 475 1211 SIGlSMUNDUS
507 1171 692 1221 Buryus,
741 1171 1055 1218 Cremonensis,

83 1233 209 1272 JCtus
229 1238 270 1272 et
289 1234 456 1280 Orator,
484 1234 520 1270 in
554 1233 750 1271 Senatum
776 1232 955 1270 adscitus
991 1243 1060 1270 an-

81 1305 131 1332 no
155 1295 271 1334 4489.
299 1293 491 1332 Venetias
516 1294 660 1332 Orator
692 1294 843 1331 missus
873 1304 908 1330 a.
940 1293 1056 1331 4503.

84 1357 215 1406 ibique
240 1355 456 1394 nobilitatis
481 1355 704 1404 insignibus
729 1354 944 1392 decoratus
967 1359 1052 1399 est,

82 1419 179 1457 obiit
197 1430 232 1457 a.
263 1419 277 1456 4
290 1418 377 1456 529.
409 1415 509 1465 Ejus
539 1420 636 1454 sunt
665 1415 803 1453 Oratio
834 1414 874 1452 in
902 1413 1057 1466 funeri-

83 1478 158 1519 bus
184 1478 396 1530 Auqustini
424 1475 670 1524 Barbada'ci,
703 1476 827 1514 Ducis
877 1475 1056 1514 Venetia-

81 1553 176 1580 rum
215 1542 432 1582 Cremonae
477 1538 626 1578 habitis
654 1550 694 1576 a.
727 1537 843 1577 4505.
879 1539 1056 1588 Panegyy-

85 1603 196 1643 ricus
223 1601 428 1642 Leonardo
447 1602 673 1640 Lauretano
692 1631 700 1648 ,
722 1598 904 1650 Princz'pi
939 1600 1055 1638 Vene-

86 1665 150 1704 tiis
177 1664 306 1703 dictus
336 1665 473 1702 Venet.
518 1663 638 1703 4530,
679 1662 809 1714 Opera
849 1660 1055 1699 historica.

85 1726 194 1766 Idem
219 1727 376 1765 Arisius
395 1731 492 1764 tom.
519 1727 566 1764 ll.
594 1738 630 1776 p.
656 1725 690 1762 3.
714 1727 781 1773 qni
808 1725 927 1761 etiam
956 1735 990 1772 p.
1016 1724 1054 1760 l·-

85 1789 147 1828 46.
174 1789 465 1838 Panegyricum
489 1789 691 1836 integrum
718 1786 902 1823 inseruit.

140 1850 479 1889 SlGlSMUNDUS
498 1848 545 1887 de
568 1845 788 1888 comitibus
804 1877 814 1894 ,
843 1847 1029 1896 Fulginas
1049 1875 1056 1893 ,

86 1923 108 1950 e
133 1911 355 1951 Comitibus
379 1911 595 1961 Antignoni
621 1914 659 1948 et
687 1910 891 1948 Cocoronii
912 1938 919 1955 ,
945 1910 1063 1957 quin—

90 1983 169 2022 que
199 1972 456 2011 Pontificibus
480 1983 500 2010 a
527 1972 702 2010 Secretis
722 2000 729 2018 ,
751 1970 846 2007 obiit
876 1981 910 2008 a.
943 1970 1059 2008 4542.

88 2035 258 2084 Scripsit
282 2033 503 2074 Historiam
519 2033 588 2073 sui
602 2031 788 2083 temporis
810 2031 930 2069 libros
949 2032 1059 2069 XIX.

92 2095 143 2133 ab
165 2107 201 2134 a.
229 2095 345 2135 4475.
372 2107 501 2147 usque
525 2095 573 2134 ad
599 2096 753 2134 obitum
785 2104 904 2132 suum
927 2122 935 2141 ,
957 2104 1059 2142 quos

89 2157 198 2196 MSS.
221 2157 363 2195 habuit
381 2157 476 2196 Lud.
498 2157 727 2195 Jacobillus.
746 2156 921 2194 Exstant
938 2156 1058 2192 etiam

91 2220 131 2256 in
156 2219 254 2257 Bibl.
279 2218 542 2257 Ambrosiana
565 2218 861 2257 Mediolanensi.
881 2218 995 2254 Bern.
1011 2215 1060 2254 de

90 2280 343 2321 Montfaucon
368 2280 466 2318 Bibl.
497 2280 722 2318 Bithss.
744 2291 779 2329 p.
807 2279 896 2317 523.
929 2278 1061 2326 Scrip-

90 2343 143 2379 sit
178 2351 294 2391 porro
336 2351 458 2392 super
496 2340 672 2380 Decades
720 2339 855 2378 Flavii
888 2337 1058 2385 Blondz',

93 2401 288 2441 Carmina
317 2406 488 2452 utraque
517 2402 652 2450 lingua
682 2406 722 2439 et
752 2399 964 2451 Epistolas.
996 2402 1060 2437 Ja-

89 2463 219 2501 cobilli
245 2463 342 2501 Bibl.
368 2463 552 2501 Umbriae
579 2474 614 2512 p.
639 2462 730 2501 254.

145 2523 484 2564 SIGISMUNDUS
523 2523 764 2573 Gessenpot‚
796 2522 888 2561 vide
927 2522 1028 2560 infra
1050 2552 1059 2569 ,

100 2585 312 2625 Udalricus
341 2585 558 2624 monachus
582 2587 622 2624 S.
653 2584 791 2637 Afrae.

146 2647 486 2688 SIGISMUNDUS
511 2645 805 2694 Meisterlinus,
832 2645 921 2684 vide
939 2656 1059 2695 supra

93 2712 149 2750 lit.
184 2712 232 2749 M.
259 2721 344 2760 pag.
372 2710 421 2747 65
463 2710 573 2748 Adde
618 2710 756 2748 Felleri
803 2710 1058 2747 Monumenta

92 2772 240 2812 inedita
283 2784 308 2823 p
369 2773 432 2810 44.
479 2776 519 2810 et
566 2773 668 2810 Pezii
702 2771 986 2821 praefationem
1010 2768 1058 2807 ad

91 2838 246 2872 tomum
273 2833 288 2871 l
314 2833 508 2872 Thesauri
531 2833 826 2871 Anecdotoi·um
855 2844 890 2881 p.
917 2832 966 2870 33

145 2893 482 2934 SlGlSMUNDUs
532 2893 759 2946 Pandulfus
810 2892 1019 2933 Malatesta
1048 2921 1057 2937 ‚

94 2955 264 2994 Arimini
287 2956 481 2994 Dominus
500 2984 509 3003 ,
526 2957 660 2994 seculo
682 2957 764 2995 XV.
792 2956 933 2994 medio.
961 2956 1059 2992 lsot-

95 3022 176 3056 tam
207 3015 409 3066 quandam
440 3021 646 3066 tantopere.
691 3019 865 3066 amavit,
897 3021 941 3056 ut
970 3027 1057 3054 cam

96 3081 177 3118 fere
199 3078 320 3116 Deam
346 3078 506 3116 faceret.
533 3080 629 3116 Hinc
651 3081 687 3116 in
707 3079 947 3117 Bibliotheca
966 3079 1060 3116 Nor-

96 3141 272 3180 solciensi
322 3139 493 3177 adsunt:
541 3139 789 3189 Siqismuncli
834 3138 1060 3190 Pandulpht

99 3201 294 3242 Carmina
321 3199 376 3238 ad
401 3200 549 3239 amieos
565 3231 575 3247 ,
606 3205 645 3240 et
669 3200 841 3240 aliorum
877 3201 930 3238 ad
968 3211 1061 3238 eun-

96 3262 184 3302 dem
198 3262 403 3303 Carmina.
424 3261 536 3299 Alius
557 3262 702 3301 (icitur
720 3261 837 3300 Liber
852 3263 1057 3309 musteus,

96 3324 145 3362 de
174 3335 253 3375 quo
276 3334 394 3374 supra
422 3323 458 3360 in
482 3322 775 3364 PORCELLlO.
806 3324 919 3362 Adde
948 3324 1058 3362 (lior-

2015 238 2094 277 477

1128 311 1215 348 nale
1241 310 1301 348 de'
1322 312 1506 349 Letterati
1530 311 1565 348 d'
1590 311 1697 349 ltalia
1723 315 1829 348 tomo
1855 311 1907 349 lX
1931 322 1968 360 p.
2000 311 2089 348 450.

1126 371 1306 422 Epistola
1334 372 1421 422 ejus
1445 372 1492 410 ad
1518 373 1786 410 Mahometum
1808 373 1851 410 ll.
1871 373 2092 410 Turcarum

1129 435 1439 483 Imperatorem,
1468 438 1602 472 exstat
1646 439 1752 471 tomo
1797 434 1858 472 lV.
1902 433 2094 472 Miscella-

1130 506 1295 534 neorum
1322 496 1470 534 Baluzii
1498 507 1532 544 p.
1557 496 1646 533 524.

1182 557 1518 596 Sit31SMUNJUs
1542 556 1588 595 de
1608 556 1848 604 Policastro,
1868 558 2095 604 Patavinus,
2128 568 2134 572 ·

1129 618 1363 657 Medicinam
1393 621 1428 656 10
1458 620 1580 668 patria
1606 619 1741 657 docuit
1765 619 1900 657 seculo
1925 619 2006 657 XV.
2052 619 2095 656 In

1133 685 1343 720 senectute
1370 686 1542 730 quatuor
1568 681 1657 718 siliis
1688 681 1797 718 brevi
1829 686 2006 731 tempore
2035 691 2096 718 or—

1130 742 1273 790 batus,
1300 743 1632 792 septuagenarius
1672 753 1834 780 uxorem
1875 741 2094 780 secundam

1131 803 1275 851 duxit,
1297 815 1344 841 ex
1371 815 1450 853 qua
1476 808 1559 841 tres
1584 815 1618 841 ei
1642 803 1729 841 liliis
1754 805 1835 841 nat*v
1860 808 1974 842 sunt:
2000 813 2098 852 quo-

1132 877 1221 904 rum
1264 871 1358 904 natu
1402 864 1623 903 secundum
1653 865 1735 914 ipse
1761 865 1893 903 laurea
1926 864 2096 903 Philoso-

1131 927 1247 977 phica
1291 927 1474 965 tremulis
1513 937 1606 977 prae
1654 930 1863 964 senectute
1914 925 2097 964 manibus

1131 991 1355 1027 exornavit.
1382 988 1488 1026 Obiit
1513 1000 1617 1027 anno
1659 989 1803 1027 aetatis
1843 988 2098 1037 nonagesimo

1132 1055 1301 1100 quarto,
1325 1062 1416 1089 cum
1457 1061 1575 1100 supra
1616 1051 1678 1089 50.
1713 1060 1840 1088 annos
1882 1048 2095 1087 docuisset.

1134 1114 1302 1163 Scripsit
1328 1112 1475 1152 Comm.
1499 1112 1539 1150 in
1563 1123 1687 1163 opera
1711 1109 1869 1159 Galeni,
1895 1109 2099 1159 Quaestio—

1133 1186 1202 1213 nes
1230 1175 1393 1219 varias,
1423 1186 1594 1224 quarum
1628 1175 1751 1224 prima
1787 1178 1850 1211 est
1879 1172 1926 1211 de
1960 1174 2097 1209 actua-

1133 1238 1235 1274 tione
1259 1235 1577 1283 Medic-marum,
1603 1236 1730 1274 Venet
1749 1235 1864 1274 4506.
1890 1234 1952 1273 fol.
1982 1234 2097 1273 Com—

1132 1299 1421 1335 mentariorum
1469 1295 1590 1334 libros
1636 1300 1716 1334 tres
1762 1298 1802 1334 in
1839 1294 2098 1346 Aphorismos

1132 1358 1402 1409 Hippocratis,
1420 1358 1466 1396 de
1489 1356 1683 1409 febribus,
1701 1357 1745 1395 cle
1762 1357 1921 1395 venenis
1944 1366 2099 1394 eorum-

1131 1430 1207 1470 que
1231 1419 1458 1469 coqnz'tione.
1498 1420 1642 1457 Nicolai
1683 1420 1889 1457 Commeni
1926 1417 2100 1467 Papado-

1130 1481 1208 1530 poli
1235 1480 1341 1518 Hist.
1365 1480 1574 1530 Gymnasii
1601 1480 1777 1517 Patavini
1803 1480 1867 1517 lib.
1899 1480 1963 1517 111.
1996 1482 2095 1516 sect.

1130 1544 1176 1581 ll.
1197 1553 1232 1580 0.
1264 1543 1298 1580 4.
1319 1545 1437 1581 Bern.
1461 1541 1730 1580 Scardeonius
1745 1540 1839 1578 Ant.
1856 1541 2035 1578 Patavin.
2052 1539 2099 1577 11.

1132 1606 1169 1642 9.
1194 1617 1230 1655 p.
1262 1605 1354 1644 209.
1386 1604 1477 1643 240.
1515 1603 1691 1642 Merklini
1735 1601 1951 1640 Lindenius
1990 1611 2104 1638 reno-

1132 1671 1251 1704 vatus
1278 1678 1313 1716 p.
1340 1667 1430 1704 969.

1186 1726 1532 1765 SIGISMUNDUS
1555 1725 1757 1764 Rosiezz'us
1775 1754 1782 1771 ,
1801 1727 1902 1762 vixit
1921 1735 1998 1762 sec.
2019 1724 2100 1761 XV.

1133 1793 1173 1825 et
1214 1789 1331 1828 4430.
1370 1799 1413 1826 se
1457 1789 1625 1838 primam
1665 1788 1828 1825 missam
1854 1787 1890 1823 in
1921 1785 2102 1823 Ecclesia

1135 1852 1177 1888 Β.
1202 1852 1250 1888 Μ.
1277 1852 1318 1888 V.
1350 1852 1388 1888 in
1423 1852 1553 1888 Arena
1595 1848 1874 1886 Wratislaviae.
1915 1850 2101 1884 cantasse

1136 1912 1323 1950 affirmat.
1350 1913 1479 1958 Sunt,
1505 1912 1572 1961 qui
1600 1911 1710 1949 illum
1736 1910 1982 1948 Canonicum
2005 1907 2100 1944 Ord.

1137 1972 1174 2009 S.
1214 1972 1429 2022 Augustini
1471 1974 1508 2010 in
1555 1972 1795 2010 monasterio
1836 1971 1879 2008 B.
1919 1970 1966 2007 M.
1992 1969 2036 2006 V.
2063 1969 2101 2004 in

1136 2035 1267 2073 Arena
1311 2035 1437 2073 fuisse
1477 2033 1655 2072 tradunt.
1682 2032 1850 2082 Scripsit
1881 2029 2105 2070 Chronicon

1135 2096 1397 2142 Sz'tesiaeum,
1418 2096 1535 2147 cujus
1559 2107 1653 2146 pars
1679 2095 1784 2144 prior
1801 2093 1963 2131 exhibet
1986 2092 2105 2131 Cata-

1136 2157 1266 2209 loyum
1324 2157 1614 2209 Episcoporum
1680 2152 2103 2199 wratislaviensium,

1136 2221 1315 2270 (omissis
1357 2219 1668 2269 Smogrensibus
1713 2222 1753 2256 et
1798 2214 2102 2259 Bicinensibus)

1134 2292 1263 2330 usque
1284 2280 1333 2319 ad
1355 2279 1607 2329 Rudolphum
1629 2309 1639 2326 ,
1663 2279 1732 2327 qui
1755 2288 1859 2315 anno
1885 2276 2003 2315 4468.
2027 2275 2106 2312 ele—

1136 2347 1229 2381 ctus
1250 2346 1326 2380 est.
1347 2342 1442 2380 Pars
1467 2341 1661 2391 posterior
1686 2338 1806 2377 habet
1822 2347 1888 2374 res
1904 2348 1943 2374 m
1958 2334 2104 2375 Silesia

1132 2406 1265 2454 qestas
1286 2403 1345 2441 31),
1365 2414 1399 2441 3.
1421 2400 1662 2441 4237-4470.
1684 2401 1807 2438 Extat
1830 2403 1936 2436 tomo
1953 2397 1981 2434 Ι.
1999 2396 2103 2434 Scri-

1136 2470 1296 2515 ptorum
1329 2465 1611 2503 Silesiacorum
1635 2458 1944 2507 Sommesbergii
1970 2468 2007 2506 p.
2037 2455 2101 2493 62.

1192 2525 1532 2576 SlGlZZOjunior
1552 2554 1560 2573 ,
1581 2521 1869 2565 Bononiensis,
1887 2530 1935 2557 ex
1955 2517 2101 2556 familia

1135 2587 1253 2625 nobili
1297 2586 1534 2625 Blanchetta
1553 2615 1562 2631 ‚
1613 2584 1662 2621 ab
1688 2583 1858 2620 llonorio
1883 2579 1929 2617 ll.
1954 2589 2103 2616 renun—

1133 2650 1262 2687 ciatus
1287 2647 1505 2696 Presbyter
1531 2644 1753 2683 Cardinalis
1784 2643 1852 2681 SS.
1882 2639 2099 2679 Marcellini

1133 2716 1173 2748 et
1215 2710 1345 2758 Petri,
1374 2711 1410 2746 in
1443 2708 1660 2746 schismate
1707 2709 1844 2743 contra
1877 2701 2101 2740 Innocenti-

1134 2784 1200 2811 um
1227 2773 1259 2810 11
1287 2782 1356 2822 pro
1382 2769 1575 2808 Anacleto
1601 2764 1942 2816 pseudopontifice
1972 2762 2097 2805 stetit,

1134 2834 1297 2883 scripsit
1322 2832 1362 2870 in
1379 2830 1554 2870 eiusdem
1571 2827 1832 2880 defensionem
1859 2825 2096 2868 Tractatum,

1132 2896 1224 2933 olim
1253 2896 1289 2932 in
1331 2893 1571 2932 Bibliotheca
1623 2891 1744 2928 Ducis
1791 2886 1989 2926 Urbinatis
2017 2884 2095 2921 MS.

1132 2961 1384 2995 asservatum
1404 2968 1410 2993 :
1428 2955 1523 2993 obiit
1541 2958 1625 3003 post
1645 2962 1793 2990 annum
1820 2948 1961 2986 salutis
1983 2945 2097 2984 4436.

1134 3021 1234 3058 llaec
1252 3018 1444 3056 Oldoinus
1465 3018 1500 3053 10
1518 3015 1722 3052 Athenaeo
1741 3013 1932 3055 Romano,
1956 3019 1991 3056 p.
2007 3006 2096 3042 001.

1133 3080 1247 3119 Adde
1271 3081 1351 3117 Jac.
1380 3076 1640 3115 Laderchium
1667 3074 1716 3111 de
1741 3071 1905 3110 Basilica
1939 3067 2100 3107 Marcel-

1134 3141 1201 3178 lini
1228 3145 1268 3177 et
1296 3140 1397 3176 Petri
1426 3149 1514 3187 pag.
1540 3136 1630 3174 347.

1189 3199 1533 3243 SlGLOARDUS,
1578 3198 1804 3235 Canonicus
1858 3192 2095 3237 1100100515,

1133 3261 1336 3313 rhythmos
1392 3260 1562 3297 confecit
1605 3261 1640 3295 111
1688 3263 1854 3295 mortem
1916 3252 2098 3293 Fuiconis

1135 3325 1205 3374 kp.
1244 3323 1470 3369 steinensis.
1509 3322 1574 3369 qui
1607 3321 1680 3359 sub
1712 3320 1829 3357 linem
1877 3317 1999 3356 seculi
2030 3316 2097 3354 lx.
