2517 4009
893 251 1304 292 0'1‘HLONUs

100 321 328 375 scripserim
345 351 353 366 ‚
371 320 410 359 in
440 318 577 357 ordine
593 323 722 358 tamen
737 321 951 361 secundum
969 322 1054 361 ideo

96 384 233 437 posui,
261 387 307 422 ut
334 381 404 420 illa
432 381 614 421 doctrina
642 394 744 435 quae
774 384 814 422 in
839 385 974 435 priori
1012 384 1056 423 li-

102 445 198 486 bello
226 444 355 485 variis
379 443 542 496 prolata
572 449 630 484 est
656 446 879 496 sententiis,
912 447 952 485 iu
986 446 1054 486 hoc

101 506 412 560 quoque‘varits
455 506 789 547 corroboraretur
831 508 1053 560 exemplis:

100 581 226 622 eaque
253 568 429 609 tenacius
455 570 684 621 praemissa
712 573 844 610 animo
874 570 1054 610 inhaere-

99 635 171 672 ant
194 629 320 672 verba
346 642 449 683 quae
478 631 624 682 majori
638 633 854 672 testimonio
875 637 955 672 tam
971 634 1054 685 pie-

102 693 194 734 tatis
211 724 220 742 ,
249 705 370 746 quam
398 694 625 734 severitatis
655 695 820 735 Divinae
850 695 890 734 in
917 695 1054 736 subse-

99 754 308 809 quentibus
331 757 676 805 commendantur,
711 758 752 796 in
779 771 928 798 morem
947 759 1053 798 vide-

100 818 189 859 licet
217 817 401 859 lautioris
430 818 534 867 cibi,
563 820 634 871 qui
656 822 789 873 pri'mo
818 834 926 873 aqua
947 834 1055 875 pura

99 884 257 930 coctus,
287 881 424 920 demde
452 881 589 934 aliqua
617 883 722 922 aceti
746 883 810 923 vel
836 885 954 923 etiam
994 885 1050 937 pi-

94 943 207 995 peris
235 943 451 996 adjectione
479 946 712 986 accuratius
737 951 1024 1000 praeparatur.

153 1008 312 1047 Tertius
340 1006 522 1059 dialoyus
551 1008 597 1047 de
640 1007 770 1048 tribus
812 1010 1054 1062 quaestioni-

98 1067 197 1118 bus,
226 1069 275 1108 de
305 1071 470 1109 Divinae
500 1073 660 1122 pietatis
689 1074 914 1123 agnitione,
951 1073 1055 1123 judi-

95 1133 327 1184 ciorumque
351 1134 584 1173 Divinorum
603 1134 840 1174 diversitate
856 1167 866 1183 ,
888 1147 959 1174 nec
974 1147 1051 1173 nou

98 1194 147 1234 de
171 1196 280 1234 varia
309 1195 410 1234 bene
439 1196 580 1246 agendi
611 1197 824 1243 facultate,
855 1198 902 1236 ad
947 1197 1055 1236 Hen-

97 1257 222 1296 ricum
251 1257 488 1297 Monachum
517 1259 774 1309 Augiensem.
807 1261 917 1299 Hunc
933 1260 1056 1299 dialo-

96 1331 190 1372 gum
223 1321 260 1358 iu
291 1320 420 1359 lucem
451 1320 560 1358 dedit
597 1320 784 1360 laudatus
829 1323 1053 1362 Bernardus

95 1383 261 1430 pezius,
290 1387 398 1421 tomo
418 1383 454 1421 3.
485 1382 662 1422 thesauri
687 1384 912 1422 anecdotor.
944 1390 1055 1436 parte

45 1465 48 1470 ·
97 1445 134 1484 2.
166 1455 250 1496 pag.
279 1445 468 1484 443-250.
497 1446 648 1495 Epilogi
679 1446 761 1484 loco
791 1445 1057 1496 subjiciuntur

97 1507 259 1546 Moralia
284 1511 435 1555 metra,
465 1511 505 1545 et
529 1508 789 1556 Sententiae,
819 1513 859 1546 et
900 1519 1058 1547 summa

97 1569 291 1608 dictorum
321 1569 371 1608 de
402 1570 606 1620 mysteriis
637 1571 790 1608 numeri
821 1572 991 1608 ternarii.

150 1633 250 1673 Cum
278 1631 401 1683 iyitur
423 1632 736 1683 persecutionem
765 1643 885 1684 quam
914 1632 956 1671 in
979 1644 1058 1670 mo-

93 1694 268 1735 nasterio
295 1698 427 1734 nost-ro
458 1697 515 1744 (ut
541 1707 670 1746 supra
698 1695 846 1734 dictum
875 1698 943 1746 est)
962 1708 1055 1748 pas-

96 1768 167 1797 sus
195 1769 331 1805 eram,
359 1756 517 1810 fu9iens
540 1758 595 1796 'ad
623 1757 815 1797 Fuldense
860 1757 1054 1797 monaste-

94 1820 202 1860 rium
230 1820 410 1860 venirem
426 1852 436 1869 ,
467 1819 600 1873 ibique
618 1832 694 1872 per
717 1832 841 1860 armos
884 1824 1058 1872 quatuor

97 1894 186 1922 cum
216 1882 502 1935 tranquillitate
530 1895 676 1933 marsna
705 1888 971 1923 commoratus
998 1883 1057 1922 vi-

99 1945 241 1985 derer:
270 1945 446 1986 dictandi
466 1945 744 1998 scribendique
772 1947 949 1986 studium
977 1946 1060 1999 fre-

95 2012 288 2060 quentare
312 2008 552 2061 postulabar
577 2010 602 2048 ὰ
620 2008 860 2061 quibusdam
877 2009 1060 2063 ejusdem

98 2071 330 2111 monasterii
356 2070 557 2124 fratribus
573 2085 584 2121 ,·
599 2075 645 2110 ut
657 2072 787 2111 sancti
805 2071 1058 2112 BONlFACII

104 2135 242 2180 vitam,
262 2133 418 2186 difficili
434 2134 524 2174 stilo
541 2134 686 2174 editam
703 2165 711 2183 ‚
728 2133 883 2186 aliquid
899 2133 1061 2186 facilius

104 2196 279 2236 ederem:
300 2209 431 2249 *quam
459 2198 708 2249 petitionem.
735 2196 826 2235 licet
852 2196 922 2235 diu
951 2196 1062 2235 dene-

106 2269 269 2309 9arem,
298 2261 332 2309 a)
355 2263 555 2311 postremo
584 2264 715 2299 tamen
743 2258 966 2311 compulsus
994 2259 1064 2296 im-

105 2320 289 2371 portunis
326 2321 534 2373 precibus,
565 2326 611 2361 ut
630 2322 764 2373 potui,
792 2321 896 2373 quod
916 2322 1066 2372 petitus

108 2393 218 2421 eram
248 2382 420 2434 implevi.

165 2445 210 2482 Hi
240 2450 337 2483 sunt
362 2443 456 2483 libri
481 2446 532 2483 illi
557 2445 632 2484 duo
653 2445 699 2484 cle
719 2447 800 2485 vita
829 2448 869 2485 S.
908 2445 1065 2497 Bonifa-

108 2504 162 2544 cii
180 2505 473 2558 Archiepiscopi
504 2507 553 2545 ab
583 2508 698 2545 Anno
715 2509 803 2546 745.
821 2507 867 2545 ad
886 2508 1067 2545 7541410-

107 2569 282 2619 guntini,
305 2567 358 2607 ad
378 2567 528 2620 fratres
553 2568 786 2616 Futdenses,
808 2569 1064 2607 illustrandae

111 2630 412 2670 WlLLlBALDl
437 2631 485 2670 de
509 2631 646 2670 codem
667 2632 705 2669 S.
734 2631 915 2669 ssouifacii
935 2642 1066 2669 narra-

107 2693 202 2730 tioni
230 2691 443 2742 destinati,
469 2694 626 2732 insertis
650 2693 839 2744 Epistolis
863 2693 911 2730 ab
931 2694 1012 2742 ipso
1026 2696 1066 2730 et

108 2754 159 2793 ad
183 2755 311 2806 ipsum
338 2757 496 2807 scriptis
520 2756 725 2807 pluribus:
751 2766 840 2794 cum
860 2753 940 2803 jam
961 2754 1063 2805 apud

107 2818 277 2856 Leonem
304 2818 371 2856 lx.
395 2820 461 2868 qui
486 2819 560 2857 An.
587 2819 703 2858 4054.
733 2819 834 2857 diem
857 2818 950 2855 obiit
971 2846 978 2862 ‚
1016 2816 1064 2854 de

108 2879 303 2918 Bonifacio
327 2881 476 2919 sanctis
499 2880 757 2920 adscribendo
775 2882 834 2931 agi
855 2881 1062 2930 coepisset.

108 2940 298 2981 Ediderat
329 2940 401 2981 hos
436 2941 556 2981 libros
592 2948 635 2982 ut
673 2943 773 2981 solet
809 2941 1063 2992 interpolatos

107 3086 208 3124 atque
233 3084 427 3116 inscribitur
453 3083 540 3115 liber
561 3085 738 3115 visionum
755 3091 900 3114 suarum
923 3087 955 3113 et
977 3083 1069 3113 alio-

108 3141 188 3164 rum
212 3135 315 3173 incip.
333 3142 406 3173 pag.
425 3133 496 3165 504.
521 3134 553 3167 S.
574 3133 755 3173 Bonisacii
772 3133 938 3173 Epistola
953 3133 994 3162 de
1017 3133 1068 3163 ‹li-

105 3183 172 3215 ctis
197 3187 229 3214 et
252 3183 340 3215 visis
362 3182 551 3223 cujusdam
573 3183 739 3216 Monachi
762 3182 917 3213 ridivisi.

181 3234 214 3276 a)
237 3237 274 3267 V.
299 3235 333 3266 C.
356 3234 496 3266 lacobus
515 3236 660 3272 Rasnage
686 3231 726 3263 ad
754 3233 923 3262 Canis-uin
948 3236 1014 3262 tom
1037 3233 1067 3263 5.

107 3296 182 3329 pag.
199 3285 353 3319 555-556.
381 3284 527 3325 disputat
549 3284 652 3313 vitam
673 3285 702 3313 S.
730 3282 889 3312 noulsiicii
913 3283 1069 3321 scriptam

109 3343 183 3379 post
196 3336 386 3370 Concilium
404 3334 647 3375 Erphordiense
664 3336 697 3362 Α.
714 3331 792 3361 1077,
819 3336 845 3361 ei
867 3335 937 3369 pist
954 3331 1074 3369 Eglier·

111 3394 179 3422 tuni
199 3388 356 3420 Abbatem
373 3409 381 3422 ‚
404 3387 586 3417 cxliiictuui
613 3387 704 3413 Auno
734 3383 821 3411 1⁰7⁸.

2014 261 2090 301 175

1128 324 1329 375 (Epistolis
1359 331 1489 365 tamen
1528 328 1690 379 integris
1727 330 1912 377 servatis)
1948 332 2088 371 Surius

1127 387 1174 426 ad
1205 389 1308 426 Junii
1335 389 1377 427 V.
1401 389 1469 427 sed
1497 391 1582 428 sine
1605 392 1779 430 auctoris
1810 394 1995 440 nomine,
2021 397 2086 445 qui

1129 451 1364 490 delitescere
1406 453 1524 491 etiam
1570 464 1642 491 suo
1678 458 1856 504 tempore
1891 456 2088 495 malebat:

1127 518 1259 564 itaque
1284 515 1433 553 auctori
1466 516 1671 554 restitutos
1695 526 1767 555 suo
1789 546 1798 563 ‚
1823 522 1942 569 atque.
1963 521 2091 558 since-

1127 575 1252 613 riores
1274 587 1322 614 ex
1367 575 1509 615 Codice
1549 580 1777 617 monasterii
1815 580 2093 621 Rebdortensis

1128 637 1313 687 vulgavit
1337 638 1498 676 eosdem
1527 639 1715 679 Canisius
1741 646 1833 680 tom.
1858 643 1906 680 lV
1930 643 1954 681 2
1992 645 2091 682 anti-

1126 710 1237 750 quar.
1265 701 1434 738 Lection.
1462 713 1545 751 pag.
1577 703 1664 740 493.
1688 703 1782 745 (edit
1808 717 1932 743 novae
1957 710 2036 744 tom
2068 707 2090 745 3

1126 773 1161 812 p.
1193 761 1397 811 337-368.)
1421 764 1512 801 Post
1537 764 1738 803 Canisium
1757 771 1796 803 et
1819 767 1954 805 ultima
1999 779 2091 818 ope-

1126 825 1179 862 ris
1199 824 1354 863 Suriani
1371 824 1490 863 editio
1516 826 1588 864 An.
1618 828 1730 866 4648.
1755 829 1913 867 eosdem
1933 829 2093 869 exhibet

1127 893 1166 925 et.
1190 887 1275 926 Nic.
1301 888 1498 927 Serarzus
1522 889 1618 927 libro
1643 891 1758 928 tertio
1783 903 1914 930 rerum
1932 894 2092 943 Mogon-

1127 951 1319 996 tinarum‚
1344 950 1489 988 additis
1505 952 1623 989 etiam
1642 954 1764 1001 notis⁷
1782 954 1953 1003 mogunt.
1972 956 2087 993 «1604.

1128 1013 1266 1051 Colon.
1296 1013 1412 1051 4624.
1440 1014 1474 1050 4.
1497 1017 1537 1051 et
1562 1015 1599 1051 in
1628 1025 1727 1053 nova
1741 1014 1880 1065 Georg.
1902 1017 2093 1056 Christia—

1128 1078 1164 1114 ni
1188 1077 1352 1115 Joannis
1372 1076 1543 1115 editione
1570 1078 1956 1128 pag.205.1³rancor.
1977 1082 2090 1119 1722.

1133 1140 1195 1178 fol.
1222 1144 1306 1178 tum
1328 1140 1499 1178 Joaunes
1520 1138 1772 1179 Mabi'llonius
1797 1142 1882 1181 Sec.
1902 1144 1965 1181 lll.
1983 1149 2091 1194 parte

1127 1203 1165 1240 2.
1189 1202 1366 1241 Sanctor.
1394 1202 1635 1240 Benedictio.
1674 1205 1808 1242 statim
1848 1207 1883 1242 in
1925 1206 2086 1245 limine:

1127 1275 1219 1303 nam
1245 1266 1281 1302 in
1307 1264 1417 1302 Actis
1442 1264 1676 1303 Sanctorum
1701 1270 1725 1303 t.
1751 1268 1763 1305 l
1796 1268 1900 1305 junii
1928 1269 1970 1307 V.
1990 1270 2092 1308 llen-

1129 1327 1319 1366 schenius
1346 1326 1669 1365 WlLLlBALDO
1688 1328 1861 1377 praelato
1877 1330 2092 1370 Othlonum

1129 1389 1274 1427 omisit.
1302 1389 1438 1438 Neque.
1467 1390 1502 1426 in
1530 1389 1803 1440 Christophori
1832 1393 2004 1431 Broweri
2043 1396 2092 1432 si-

1129 1450 1290 1489 deribus
1314 1450 1568 1497 Germaniae,
1593 1453 1766 1499 Mogunt..
1789 1452 1902 1491 4616.
1925 1455 1958 1492 4.
1978 1455 2094 1494 editis

1129 1513 1259 1552 Vitam
1286 1513 1473 1551 Bonifacii
1500 1514 1548 1551 ab
1572 1513 1744 1551 Othlono
1769 1516 1956 1565 scriptam
1986 1529 2095 1568 repe-

1131 1577 1212 1624 rio,
1238 1575 1307 1614 sed
1337 1575 1461 1614 vitam
1486 1577 1528 1615 S.
1558 1576 1740 1627 Pyrmini
1752 1588 1801 1614 ex
1820 1578 1857 1616 S.
1878 1580 1997 1618 Mauri
2018 1580 2096 1618 An-

1132 1638 1274 1690 degav.
1291 1638 1443 1676 Abbate
1467 1639 1648 1689 Episcopi
1688 1641 1726 1676 in
1765 1640 1929 1679 castello
1968 1642 2096 1680 Meltis

1130 1701 1166 1748 b)
1197 1701 1244 1739 ad
1282 1700 1502 1739 Lindolfum
1529 1702 1807 1739 Trevirensem
1834 1702 1882 1740 ab
1907 1703 1979 1741 An.
2006 1704 2094 1741 999.

1131 1764 1179 1802 ad
1213 1763 1332 1802 4008.
1358 1764 1618 1813 Episcopum.
1643 1764 1881 1815 Quanquam
1924 1765 2096 1804 eundem

1132 1839 1222 1866 esse
1253 1827 1360 1866 hunc
1381 1826 1597 1867 Othlonum
1624 1837 1714 1865 cum
1743 1827 1852 1865 Vitae
1880 1828 1919 1866 S.
1946 1829 2098 1866 Bonita-

1134 1892 1181 1929 cii
1198 1891 1390 1940 scriptore
1404 1921 1412 1937 ,
1434 1900 1506 1927 nec
1522 1894 1631 1928 aetas
1650 1901 1721 1928 nec
1740 1890 1937 1928 scribendi
1956 1893 2096 1941 genius

1139 1952 1312 1991 suadere
1343 1951 1504 1991 videtur
1542 1953 1640 1990 viris
1681 1952 1824 1991 doctis.
1844 1954 1979 2003 Neque
2018 1955 2100 2004 ipse.

1133 2020 1220 2064 ejus
1247 2016 1426 2053 meminit
1448 2014 1511 2053 ubi
1538 2015 1833 2053 lucubrationes
1853 2026 1946 2054 suas
1963 2027 2098 2053 recen-

1135 2084 1197 2117 set
1241 2080 1410 2128 scriptor
1449 2076 1565 2115 Vitae
1607 2078 1642 2116 S.
1682 2078 1879 2116 Bonifacii.
1912 2079 2094 2117 Memoria

1135 2141 1315 2191 Pyrmini
1334 2141 1522 2179 recolitur
1540 2142 1574 2178 in
1591 2141 1874 2191 martyrologiis
1891 2142 1912 2180 3
1930 2140 2097 2180 Novem-

1136 2204 1227 2242 bris.
1253 2203 1366 2243 Alius
1392 2205 1510 2241 etiam
1538 2204 1751 2252 Pyrminus
1775 2203 1908 2242 Abbas
1929 2205 2099 2251 Augien-

1137 2268 1218 2314 sis,
1243 2265 1292 2304 de
1313 2266 1430 2316 cujus
1456 2267 1561 2303 vitae
1588 2265 1848 2314 scriptoribus
1869 2262 2016 2305 dictum
2061 2269 2095 2304 in

1138 2329 1359 2367 HENRICO
1394 2327 1420 2364 ὰ
1455 2325 1607 2364 Kalben
1636 2332 1675 2364 et
1702 2327 2004 2368 WARMANNO.

1193 2389 1324 2428 Alium
1357 2401 1510 2441 quoque
1536 2386 1712 2426 libellum
1753 2400 1868 2439 quem
1900 2389 2097 2439 appellavi

1140 2452 1417 2492 MANUALEM
1442 2483 1449 2489 .
1471 2463 1544 2503 pro
1569 2450 1844 2487 arnmonitione
1865 2449 2095 2488 clericorum

1138 2517 1176 2552 et
1193 2513 1386 2551 laicorum
1407 2515 1441 2560 e)
1467 2512 1658 2562 scriptum
1686 2510 1825 2548 ibidem
1847 2512 2000 2563 positus
2018 2512 2098 2549 edi-

1137 2575 1187 2612 di.
1215 2575 1308 2612 Item
1327 2575 1499 2612 libellum
1521 2573 1838 2623 proverbiorum.
1855 2573 1891 2609 d*
1911 2573 1947 2609 iti
1964 2573 2093 2611 eodem

1144 2635 1383 2674 monasterio
1404 2635 1559 2687 positus
1580 2633 1755 2672 seribere
1775 2634 1892 2684 coepi.

1193 2697 1459 2749 Continuoque
1482 2696 1580 2746 stylo
1611 2701 1766 2746 accepto
1783 2695 1960 2734 scribere
1987 2698 2096 2747 coepi

1141 2761 1180 2798 in
1212 2759 1365 2798 modum
1395 2758 1588 2798 sermonis
1607 2791 1613 2799 ,
1631 2770 1788 2797 sumens
1812 2758 2023 2796 aren-(lium
2049 2759 2095 2797 de

1141 2821 1375 2861 Psalmistae
1399 2821 1537 2860 di'etis:
1564 2822 1753 2859 Dominus
1783 2821 1830 2858 de
1862 2821 1967 2858 fflM'h‘
1989 2834 2078 2870 pros

1138 2886 1230 2935 picit
1255 2896 1373 2934 super
1399 2885 1497 2922 illios
1530 2884 1752 2921 hominum.
1772 2895 1872 2933 quur
1904 2883 2089 2921 nimirum

1135 2947 1255 2993 (licta,
1282 2950 1474 2997 quantum
1493 2944 1618 2996 potui.
1644 2944 1950 2983 similitwlinmn
1971 2958 2092 2996 uryn-

1195 3091 1231 3128 b)
1253 3087 1448 3120 meldensem
1465 3086 1519 3117 alii
1541 3110 1549 3121 ,
1574 3086 1628 3117 alii
1655 3088 1827 3116 niciensem
1855 3086 1994 3118 sariunt.
2017 3089 2097 3118 Vide

1128 3142 1318 3170 Browerum
1338 3145 1414 3176 pag.
1434 3135 1485 3166 ⁶26.
1510 3134 1730 3166 Theudoricus
1759 3137 1810 3167 lV.
1834 3137 1930 3174 cujus
1951 3140 2098 3176 tempore

1127 3190 1365 3228 Episcopiitum
1386 3184 1476 3215 illurn
1495 3186 1682 3221 Pyt-minius
1699 3184 1867 3221 obtinuit,
1887 3188 2036 3223 regnavit
2058 3188 2090 3217 in

1131 3236 1230 3267 Gallia
1255 3235 1296 3265 ab
1321 3238 1342 3264 A
1379 3233 1453 3263 72¹.
1475 3232 1515 3262 ad
1538 3232 1610 3264 731.

1195 3285 1226 3317 v)
1255 3286 1346 3313 nunc
1367 3284 1470 3313 eliam
1493 3280 1595 3312 edidit
1624 3281 1778 3312 celeberr.
1806 3284 1933 3313 mizius
1963 3288 2041 3314 tom.
2066 3285 2097 3312 ἰ.

1139 3333 1275 3365 ..iii-cuni
1312 3337 1400 3370 pario
1419 3333 1447 3361 ι’.
1467 3339 1538 3370 paiz.
1564 3331 1709 3362 ‘iim-53⁸.

1198 3382 1234 3412 al)
1256 3382 1348 3411 ritu-r
1368 3379 1621 3411 rwwrbioruin
1644 3386 1745 3411 exstat
1774 3382 1849 3412 ibid⁴
1878 3393 1895 3421 p
1932 3383 1995 3411 lm».
