2533 4009
471 291 539 329 per
569 277 770 316 pithoeum
819 271 934 308 Paris.
983 265 1125 304 deinde
1166 266 1202 302 in
1228 264 1326 302 Bibl.
1354 264 1422 302 PP.

474 340 668 377 parisinae
694 326 977 381 Supplemento
994 327 1131 364 Latino
1150 353 1158 371 ,
1181 325 1218 361 in
1238 324 1334 362 Bibl.
1353 325 1422 362 PP.

472 394 720 439 Coloniensi,
747 396 852 428 tomo
879 390 922 426 ll.
941 389 1114 437 Operum
1135 382 1332 424 Sirmondi
1353 415 1363 430 ,
1387 386 1425 422 in

472 459 672 495 Thesauro
697 449 988 489 Auecdotorum
1018 447 1234 484 novissimo
1253 446 1352 483 Pezii
1371 449 1428 483 to-

474 529 535 554 mo
578 516 636 552 lv.
677 516 776 562 part.
806 511 843 547 2.
881 521 917 559 p.
952 510 986 546 t.
1012 507 1185 556 donique
1210 518 1231 544 a
1252 505 1428 544 Fabricio

473 581 604 614 nostro
638 573 712 612 sub
751 571 867 609 finem
907 575 934 607 t.
966 570 1011 607 ll.
1044 569 1162 617 hujus
1187 578 1247 617 op.
1275 579 1310 617 p.
1337 567 1424 604 6⁵29.

524 634 738 674 “Homilia
769 634 872 670 inter
902 641 1018 680 opera
1050 630 1088 667 S.
1121 630 1222 667 Petri
1255 629 1429 677 Chryso-

471 699 542 744 logi
574 696 699 733 Serm.
734 695 768 732 4.
798 691 963 741 legenda
994 701 1096 740 quae
1123 691 1283 739 incipit:
1311 688 1428 728 Chri-

470 742 571 796 stum
603 756 641 792 in
671 754 857 792 humanis
880 750 1061 790 actibus:
1095 753 1132 788 in
1160 754 1321 788 vetusto
1361 749 1429 786 ho-

470 818 637 855 miliario
669 816 747 854 MS.
778 814 874 852 Bibl.
906 813 1139 851 Canonicor.
1189 809 1311 858 Major
1354 810 1430 848 Ec-

470 879 612 916 clesiae
635 876 826 914 Lucensis
849 873 1035 911 tribuitur
1058 873 1099 911 S.
1124 871 1312 910 severino
1336 869 1427 920 Epi—

468 949 582 989 scopo
611 938 689 975 Nec
720 947 815 974 sane
848 937 883 972 in
915 933 1146 972 ascribenda
1179 931 1344 970 Homilia
1384 930 1427 967 il-

469 1001 505 1038 la
537 999 574 1038 S.
608 1000 720 1036 Petro
750 995 994 1045 Chrysologo
1015 993 1123 1031 MSS.
1149 992 1316 1031 Codices
1336 1001 1431 1028 con-

468 1062 666 1106 veniunt,
711 1068 802 1096 nam
844 1058 882 1093 in
913 1055 999 1093 aliis
1031 1055 1067 1092 S.
1096 1053 1351 1102 Hieronymi,
1384 1053 1421 1088 in

469 1122 556 1160 aliis
587 1121 626 1159 S.
649 1120 707 1157 Jo.
738 1116 1014 1166 Chrysostomi
1042 1126 1186 1153 nomen
1233 1113 1422 1163 praefert.

471 1183 529 1221 An
561 1182 688 1230 reipsa
719 1190 739 1218 a
769 1177 1064 1216 Ravennatensi
1091 1175 1274 1226 praesule
1295 1173 1426 1211 detra-

471 1243 599 1282 henda
631 1243 682 1280 sit
705 1270 712 1287 ,
742 1245 782 1278 et
810 1239 920 1277 alteri
947 1236 1180 1275 ascribenda
1213 1237 1422 1274 incertum.

476 1306 513 1344 Si
545 1308 678 1342 tamen
711 1301 891 1340 Severini
926 1310 1015 1337 esse
1040 1298 1210 1345 dicatur,
1228 1297 1334 1335 dubii
1361 1307 1426 1346 pa-

474 1368 570 1405 riter
601 1362 864 1408 haerebimus,
910 1371 1003 1398 num
1045 1357 1330 1409 praeferendus
1374 1358 1426 1394 sit

475 1426 697 1466 Severinus
727 1423 790 1460 ille
811 1452 819 1470 ,
845 1422 958 1459 cuius
979 1420 1156 1457 doctrina
1196 1419 1245 1456 de
1270 1419 1426 1468 sapien—

472 1490 525 1526 tia
558 1496 676 1536 saepe
706 1488 821 1533 typos
852 1482 1042 1518 exercuit.

526 1545 754 1586 SEVERUS
779 1541 1043 1585 Archontius,
1069 1542 1130 1578 vir
1164 1540 1306 1578 doctus
1331 1539 1426 1586 fuit,

474 1609 660 1647 historiae
693 1610 733 1643 et
774 1606 828 1642 rei
873 1604 1118 1642 nummariae
1165 1602 1344 1651 peritus,
1380 1598 1428 1637 ad

473 1681 592 1721 quem
614 1669 806 1718 Vopiscus
835 1668 1020 1715 provocat
1046 1664 1081 1700 in
1106 1663 1235 1700 Firmo
1259 1672 1292 1698 c.
1311 1661 1347 1697 2.
1365 1661 1429 1698 ubi

472 1743 520 1770 ex
553 1730 756 1774 nummis,
785 1726 894 1764 libris
925 1725 1016 1761 item
1048 1723 1210 1761 Graecis
1239 1727 1279 1759 et
1313 1720 1431 1771 [Egy-

472 1793 564 1844 ptiis
588 1789 864 1832 confirmavit,
895 1787 1069 1824 Firmum
1106 1785 1143 1821 in
1181 1782 1322 1821 edictis
1349 1783 1433 1820 suis

471 1862 736 1898 avronpotropot
751 1851 873 1888 fuisse
903 1848 1133 1886 vocitatum.
1165 1846 1270 1883 Vixit
1299 1849 1434 1883 autem

475 1917 507 1953 is
529 1914 662 1953 seculo
682 1915 834 1962 quarto.

529 1976 662 2014 Alium
708 1971 908 2023 quendam
952 1971 1144 2009 Severum
1175 1967 1433 2006 Archoncium

477 2038 592 2076 finxit
638 2034 846 2074 cerebrum
872 2034 930 2069 Jo.
961 2030 1155 2069 Harduini
1187 2034 1227 2067 et
1267 2030 1433 2068 aliorum

476 2100 750 2138 Jesuitarum,
786 2096 915 2132 virum
952 2093 1123 2142 aliquem
1155 2091 1357 2129 eruditum
1394 2093 1434 2126 et

478 2162 516 2198 in
542 2159 736 2209 dignitate
756 2156 1020 2194 constitutum
1042 2182 1049 2199 ,
1074 2154 1140 2202 qui
1166 2151 1301 2190 seculo
1325 2151 1432 2188 Xlll.

476 2219 721 2270 temporibus
767 2217 917 2254 scilicet
957 2214 1136 2252 obscuris
1180 2217 1219 2250 et
1256 2211 1433 2250 barbarfs

475 2280 692 2330 Collegium
714 2276 869 2326 aliquod
902 2277 1076 2313 virorum
1109 2274 1316 2312 doctorum
1347 2283 1434 2310 coe-

474 2343 597 2393 gerit,
623 2341 689 2390 qui
710 2349 827 2377 omne
852 2347 978 2387 genus
1000 2336 1239 2385 scriptorum
1266 2333 1434 2372 Graeco-

474 2413 610 2441 corum
655 2404 696 2439 et
738 2400 993 2445 Latinorum,
1039 2407 1111 2434 nec
1151 2407 1227 2433 non
1271 2397 1431 2433 Patrum

473 2462 842 2503 Ecclesiasticorum
855 2459 1138 2498 confinxerint:
1154 2457 1332 2507 exceptis
1348 2461 1434 2494 tan-

473 2531 558 2563 tum
602 2524 811 2569 Cicerone,
833 2522 980 2570 Plinio,
1010 2520 1157 2569 Virgilii
1204 2519 1432 2569 GeorgiciS,

473 2587 616 2625 Horatii
644 2583 902 2624 Sermonibus
927 2586 967 2620 et
988 2581 1203 2632 Epistolis,
1231 2585 1272 2618 et
1296 2580 1433 2630 paucis

474 2646 711 2697 quibusdam
737 2645 896 2694 scriptis
917 2643 1060 2681 Justini
1092 2643 1277 2692 Martyris
1300 2646 1340 2679 et
1365 2642 1433 2679 Pa—

475 2713 581 2747 trum
610 2708 898 2745 Africanorum.
920 2705 993 2750 Qui
1027 2708 1159 2742 mente
1189 2713 1312 2742 sanus
1341 2707 1428 2750 est,

474 2771 539 2807 vix
562 2767 697 2807 credet
721 2767 768 2805 ab
806 2766 964 2803 homine
1004 2776 1101 2803 sano
1140 2765 1230 2803 talia
1266 2763 1428 2814 proferri

474 2831 676 2880 potuisse,
702 2832 745 2866 ut
782 2828 912 2865 omnis
945 2826 1042 2864 fides
1077 2830 1426 2864 monumentorum

472 2896 593 2929 atam
626 2890 762 2927 multis
792 2888 938 2926 seculis
968 2886 1295 2937 pessundaretur.
1326 2884 1424 2922 Nam

473 2954 693 3000 proventus
715 2950 958 2999 ingeniorum
977 2948 1098 2986 seculi
1123 2948 1227 2985 Xlll.
1246 2957 1321 2983 non
1340 2950 1425 2983 erat

475 3018 554 3049 tam
581 3012 699 3057 felix,
727 3015 769 3049 ut
793 3021 910 3048 omne
941 3011 1176 3056 Poetarum,
1217 3008 1425 3046 Historico-

476 3083 561 3110 rum
579 3102 589 3119 ,
616 3071 938 3121 Philosophorum
965 3075 1004 3106 et
1021 3071 1265 3120 Scriptorum
1291 3068 1424 3106 Eccle-

477 3133 722 3169 siasticorum
749 3142 875 3182 genus
899 3131 1044 3169 abillis
1070 3132 1169 3169 intra
1195 3136 1275 3168 tam
1302 3130 1422 3167 breve

477 3194 664 3239 temporis
702 3194 874 3242 spatium
917 3192 1114 3241 contingi,
1144 3196 1185 3229 et
1209 3193 1247 3229 in
1272 3195 1330 3228 tot
1353 3191 1426 3228 Co-

476 3249 582 3286 dices
602 3262 669 3298 per
689 3254 921 3291 universum
947 3257 1141 3291 terrarum
1166 3252 1299 3291 orbem
1319 3257 1426 3290 tran-

1323 193 1601 232 SEVERI

1502 262 1624 301 sei-ibi
1642 262 1825 311 potuerit.
1843 263 1940 301 Hinc
1961 263 2078 302 etiam
2099 264 2170 301 viri
2187 262 2303 311 docti,
2321 263 2456 301 fucum

1499 322 1579 360 orbi
1603 321 1759 359 erudito
1784 321 1866 359 fleri
1890 322 2082 371 dolentes,
2100 323 2341 362 sententiam
2373 327 2455 361 tam

1503 387 1771 421 monstrosam
1818 384 2002 422 omnibus
2040 385 2192 423 viribus
2233 382 2459 422 convellere

1502 442 1767 481 studuerant:
1808 443 1911 480 inter
1952 455 2052 493 quos
2094 446 2242 495 primas
2267 443 2356 493 jure
2387 452 2459 481 suo

1502 504 1654 542 obtinet
1679 504 1899 542 Maturinus
1922 504 2133 554 Veysseire
2163 506 2201 544 la
2224 505 2350 544 Croze
2371 533 2381 551 ,
2400 504 2462 542 Bi-

1503 565 1785 604 bliothecarius
1806 565 2073 603 Berolinensis
2089 596 2100 613 ,
2121 566 2457 605 Dissertationum

1504 628 1804 672 historicarum,
1835 636 1937 674 quae
1966 625 2114 664 Gallica
2143 626 2277 678 lingua
2308 626 2465 677 prodie-

1505 693 1599 726 runt
1623 686 1825 734 secunda,
1858 685 2106 724 ltoterodami
2138 686 2252 726 ⁴707.
2285 688 2321 725 8.
2352 697 2464 737 prae-

1502 750 1616 799 cipue
1648 758 1742 785 vero
1772 749 1810 784 in
1842 745 2032 784 Vindiciis
2061 747 2248 786 Veterum
2292 748 2464 797 Scripto-

1502 820 1590 847 rum
1618 812 1756 846 contra
1786 810 1844 844 Jo.
1876 805 2156 854 Harduinum,
2185 818 2286 857 quae
2317 807 2462 846 ibidem

1504 869 1617 907 ⁴708.
1658 869 1694 905 8.
1735 867 1863 906 editae
1901 872 1998 905 sunt
2050 867 2153 905 Haec
2194 868 2393 907 sufficiant
2414 869 2464 906 de

1501 930 1694 979 scriptore
1717 928 1896 967 fabuloso
1919 957 1927 974 ‚
1954 927 2214 978 ut-juventuti
2236 956 2244 974 ,
2263 929 2326 967 vel
2343 930 2463 968 etiam

1501 989 1644 1028 harum
1677 1000 1811 1027 rerum
1843 988 2154 1038 imperitioribus
2183 987 2312 1026 indioe
2340 989 2461 1040 digito

1500 1061 1699 1090 summam
1740 1051 1794 1088 rei
1829 1048 2052 1088 ostendam.
2094 1049 2210 1088 Plura
2243 1059 2292 1087 ex
2323 1050 2465 1088 Diariis

1498 1112 1667 1151 eruditis
1703 1122 1901 1150 annorum
1952 1110 2064 1148 ⁴707.
2097 1109 2209 1150 ⁴708,
2243 1110 2358 1149 4709.
2386 1112 2465 1160 peti

1502 1178 1704 1224 poterunt.
2224 1168 2227 1170 ’

1560 1234 1744 1274 SEVERI
1787 1233 1995 1280 SANCTl,
2043 1232 2079 1270 id
2120 1237 2183 1270 est
2229 1233 2468 1272 ENDELEI-

1499 1297 1582 1335 Clll
1610 1296 1793 1334 Rhetoris
1817 1296 1987 1334 Carmen
2018 1293 2065 1332 de
2099 1292 2294 1332 mortibus
2329 1291 2463 1341 boum,

1501 1369 1577 1396 non
1621 1359 1800 1407 ignotum
1841 1362 1916 1394 est.
1954 1355 2163 1394 Editiones
2201 1355 2306 1394 illius
2336 1357 2467 1394 varias

1502 1423 1714 1456 recensent
1739 1418 1996 1457 Christianus
2019 1418 2213 1456 Daumius
2239 1418 2275 1455 in
2307 1416 2466 1466 Syllabo

1501 1482 1712 1518 Poetarum
1775 1478 2098 1517 Christianorum
2118 1508 2130 1526 ,
2173 1482 2213 1516 et
2262 1477 2467 1517 Fabricius

1501 1541 1600 1579 Bibl.
1629 1541 1754 1578 Latin.
1781 1540 1844 1578 lV.
1866 1541 1900 1578 4.
1927 1551 1962 1588 p.
1986 1540 2076 1578 6802.
2107 1539 2255 1590 quibus
2284 1539 2466 1578 addenda

1502 1607 1565 1641 est
1605 1602 1823 1640 novissima
1861 1612 1952 1640 cum
1993 1606 2129 1653 annot.
2160 1603 2217 1638 Jo.
2243 1601 2400 1638 Weitzii
2426 1605 2467 1638 ot

1507 1664 1653 1713 Wolfg.
1680 1663 1830 1710 Seberi,
1856 1661 1977 1712 Lugd.
2004 1663 2088 1700 Bat.
2113 1661 2229 1700 47⁴5.
2260 1661 2295 1698 8.
2325 1672 2373 1698 ex
2405 1665 2467 1710 ty-

1505 1724 1719 1774 pographia
1744 1724 1846 1761 Petri
1872 1734 1949 1761 van
1992 1723 2063 1760 der
2098 1722 2181 1769 Aa,
2219 1723 2282 1760 cui
2319 1722 2466 1759 nomini

1509 1785 1605 1823 illita
1642 1784 1832 1834 deinceps
1874 1784 1949 1822 fuit
1986 1783 2060 1822 alia
2084 1781 2308 1829 schedula,
2331 1783 2367 1819 in
2389 1793 2467 1832 qua

1511 1847 1752 1896 impressum
1771 1849 1855 1883 est:
1871 1844 1987 1895 Apud
2007 1844 2234 1883 Samuelem
2251 1845 2468 1883 Luctmans

1511 1906 1627 1946 ⁴747.
1654 1909 1707 1945 De
1728 1906 1903 1945 Auctore
1927 1910 1967 1944 et
1997 1905 2189 1957 opusculo
2211 1906 2344 1944 variae
2373 1910 2469 1944 sunt

1507 1968 1755 2006 eruditorum
1810 1969 2059 2014 sententiae,
2108 1978 2209 2017 quas
2256 1967 2466 2018 plerasque

1509 2029 1740 2078 compilavit
1767 2027 1903 2066 Editor
1947 2028 2113 2066 ultimus
2137 2029 2174 2065 in
2200 2028 2465 2078 praefatione,

1509 2090 1577 2127 sed
1605 2101 1745 2139 parum
1768 2093 1838 2128 aut
1866 2089 1961 2127 nihil
1987 2089 2136 2127 desinit.
2162 2088 2267 2136 Nos,
2295 2092 2338 2128 ut
2366 2089 2468 2127 ordi·

1509 2162 1558 2188 ne
1584 2150 1872 2200 procedamus,
1898 2150 2053 2188 solliciti
2081 2160 2253 2189 sumus:

1562 2212 1591 2249 Ι.
1620 2211 1691 2249 de-
1714 2211 1898 2261 Tempore
1935 2211 2148 2261 conscripti
2189 2211 2295 2249 illius
2318 2211 2468 2250 Carmi—

1511 2272 1571 2309 nis
1594 2285 1601 2310 :
1627 2271 1700 2311 hoc
1725 2274 1824 2310 satis
1843 2273 1947 2311 clare
1962 2271 2221 2322 indigitatus‚
2241 2282 2331 2310 nam
2352 2271 2468 2312 Chri-

1508 2335 1592 2370 stus
1616 2333 1676 2370 bis
1702 2338 1949 2371 memoratur
1992 2344 2029 2369 ν.
2079 2331 2170 2371 1107.
2213 2332 2302 2372 428.
2349 2331 2466 2383 cujus

1507 2394 1638 2434 crucis
1662 2395 1819 2444 signum
1839 2424 1849 2441 ,
1876 2405 1913 2431 v.
1942 2393 2031 2432 ⁴05.
2055 2403 2146 2432 cum
2172 2391 2257 2432 sola
2276 2393 2352 2444 fide
2374 2405 2466 2432 con·
2500 2412 2502 2421 v

1505 2453 1717 2503 junctum,
1740 2467 1777 2491 v.
1807 2454 1896 2494 ⁴46.
1922 2454 2027 2493 illam
2054 2454 2322 2505 pestilentiam
2355 2454 2467 2494 seda-

1509 2516 1623 2553 verit.
1651 2516 1789 2554 Nullas
1813 2520 1948 2554 autem
1976 2517 2160 2558 victimas
2183 2527 2252 2567 pro
2273 2516 2376 2555 malo
2405 2527 2466 2554 se·
2509 2541 2514 2545 ›

1507 2575 1640 2615 dando
1662 2577 1815 2616 oblatas
1841 2577 1964 2615 fuisse
1990 2575 2140 2615 adserit
2160 2605 2169 2624 ,
2191 2588 2229 2614 v.
2254 2576 2342 2616 4⁴7.
2375 2577 2465 2616 ⁴48.

1508 2642 1750 2688 quapropter
1773 2640 1892 2677 etiam
1919 2638 2115 2687 Bucolus,
2141 2638 2204 2677 cui
2235 2638 2332 2677 haec
2353 2639 2463 2688 Tity-

1506 2709 1575 2737 rus
1592 2700 1649 2736 sic
1665 2704 1920 2748 narraverat,
1938 2700 2147 2738 consilium
2165 2700 2270 2750 capit
2285 2710 2460 2738 errorem

1503 2764 1682 2798 veterem
1708 2761 1962 2812 defugiendi,
1988 2773 2027 2798 v.
2053 2760 2143 2799 123.
2168 2765 2208 2800 et
2232 2761 2278 2800 ad
2311 2760 2460 2811 templa
2506 2807 2509 2811 .

1502 2823 1649 2859 summi
1675 2823 1743 2860 Dei
1769 2828 1809 2860 et
1839 2833 1988 2860 numen
2015 2822 2161 2862 Christi
2195 2822 2458 2873 properandi,

1502 2893 1540 2918 v.
1564 2882 1651 2920 426.
1672 2884 1760 2921 ⁴28.
1780 2884 1836 2921 Ex
1853 2883 1914 2921 his
1933 2884 2052 2934 igitur
2067 2888 2245 2933 constat,
2263 2885 2457 2935 scriptum

1499 2953 1590 2980 esse
1619 2954 1779 2981 carmen
1797 2975 1809 2992 ,
1835 2956 1959 2993 quum
1987 2944 2121 2995 religio
2143 2945 2370 2985 Christiana
2400 2947 2457 2984 in-

1500 3004 1744 3052 valesceret,
1767 3006 1957 3044 sacriiicia
1983 3017 2077 3044 vero
2106 3011 2147 3044 et
2175 3007 2310 3046 cultus
2339 3019 2456 3058 paga·

1500 3077 1642 3104 norum
1670 3067 1844 3105 nondum
1878 3079 2040 3117 prorsus
2069 3067 2322 3106 defecissent.

1552 3128 1596 3165 ll.
1622 3129 1735 3166 Nunc
1761 3130 1879 3179 igitur
1907 3129 1955 3168 de
1985 3131 2148 3167 auctore
2177 3130 2260 3179 ipso
2290 3138 2453 3179 quaere-

1501 3200 1613 3232 mus.
1644 3200 1692 3228 an
1724 3191 1896 3240 aliquem
1928 3191 2108 3229 invenire
2139 3201 2360 3241 queamus,
2383 3189 2451 3237 qui

1501 3251 1577 3291 huc
1595 3251 1777 3302 quadret.
1797 3254 1884 3290 Jam
1910 3252 2112 3291 Paullinus
2131 3252 2330 3299 Nolanus,
2354 3253 2450 3289 tuno
