2533 4009
458 258 534 295 303

459 330 644 371 Latinae,
675 322 762 362 libr.
792 316 929 359 XVIII.
962 319 1036 356 liuc
1068 327 1192 365 usque
1224 316 1398 354 nondum

457 392 571 429 editi.
602 386 670 425 scd
701 390 831 421 tamen
865 382 902 417 in
934 380 1054 417 variis
1074 372 1322 415 bibliothecis
1345 377 1400 415 la-

458 455 629 490 titantes.
660 446 816 484 Adsunt
846 443 949 479 enim
982 442 1018 477 in
1040 437 1400 485 Vaticana,Cardi-

456 514 553 550 nalis
570 507 751 548 Ottoboni
783 509 822 541 et
855 504 1054 541 Patavina.
1087 503 1199 538 Bern.
1224 499 1272 538 de
1295 501 1398 539 Mon-

453 576 607 611 tfaucon
635 569 728 607 Bibl.
760 565 1088 605 Bibliotliccarum
1120 563 1226 601 MSS.
1252 575 1286 613 p.
1311 563 1398 601 440.

459 633 661 675 190.Ὶὸ3.
693 631 751 668 lix
784 640 828 666 eo
859 627 979 666 vitam
1011 625 1250 670 Petrarcliae
1279 625 1400 664 edidit

451 701 530 735 lac.
562 694 656 732 Phil.
687 692 925 729 Tomasinus
957 691 992 726 in
1026 689 1233 727 petrarcha
1260 688 1402 726 redivi-

452 770 498 795 vo
530 769 564 806 p.
602 756 685 793 285.
720 756 839 791 vitam
870 749 1064 789 Alba-timi
1094 750 1402 789 MussatiMura-

450 821 572 858 torius
601 823 707 854 tomo
739 817 787 854 X.
819 816 1061 864 scriptorum
1089 825 1219 851 rerum
1253 813 1403 852 Italica-

449 894 548 921 rum.
578 881 720 918 Totum
752 888 851 928 opus
883 888 976 914 vero
1002 888 1048 914 cx
1067 875 1210 914 Codice
1230 876 1404 914 Schoen-

447 945 610 994 begiano
655 941 835 991 promisit
872 937 1073 989 Kappius:
1119 937 1310 986 dubium,
1355 949 1402 977 an

447 1005 655 1056 promissis
687 1008 792 1041 stare
810 1006 943 1052 queat.
974 1001 1057 1051 Ego
1079 1001 1252 1050 mallem,
1272 1006 1407 1041 notatu

445 1069 560 1119 digna
591 1078 639 1104 ex
671 1065 811 1103 codem
845 1065 1036 1114 excerpi,
1069 1074 1116 1100 ne
1152 1063 1200 1101 de
1245 1065 1413 1114 scripto—

446 1133 557 1170 ribus
589 1129 812 1167 notissimis
843 1126 1003 1165 crambe
1034 1125 1098 1163 vel
1124 1127 1275 1164 centies
1300 1132 1411 1166 cocta

446 1196 710 1243 recoquatur,
742 1189 811 1228 scd
844 1190 974 1240 potius
1007 1188 1209 1236 mundus,
1241 1190 1307 1239 qui
1331 1200 1410 1228 ma-

444 1248 651 1308 gnitudine
682 1253 933 1291 voluminum
961 1251 1137 1295 laborat,
1173 1252 1303 1302 aliquo
1329 1264 1410 1292 ma-

443 1331 520 1371 gno
552 1317 651 1356 malo
683 1316 886 1354 liberetur.
915 1314 1012 1352 Vide
1038 1325 1156 1364 supra
1182 1315 1244 1352 lv,
1272 1316 1360 1352 569.

499 1384 521 1421 5
547 1382 632 1420 Sex
658 1377 755 1417 libri
776 1376 1067 1427 Eoeemplorum
1092 1375 1412 1426 memorabilium

447 1446 524 1484 MS.
558 1446 593 1481 in
626 1442 720 1481 Bibl.
751 1442 951 1479 Patavina.

500 1508 535 1545 6.
567 1504 684 1545 Liber
714 1511 853 1543 contra
884 1502 1050 1542 lusores.

500 1571 535 1608 7.
569 1567 756 1617 Dialoyus
785 1565 831 1604 <le
861 1564 952 1604 lusu
982 1564 1149 1604 ridiculo
1175 1563 1400 1614 ebriorum,

450 1633 499 1671 al.
534 1630 822 1671 Hebraeorum.

501 1695 535 1732 8.
569 1695 622 1731 De
654 1690 861 1730 miraculis
892 1690 1055 1729 Antonii
1083 1690 1277 1729 Patavini.

498 1757 532 1794 9.
572 1755 655 1793 Vita
687 1755 727 1791 B.
761 1752 930 1792 Helenae
952 1751 1215 1791 Enselminae.

498 1817 558 1856 40.
595 1817 805 1854 Tractatus
836 1814 881 1854 cle
911 1813 1159 1866 confessione.
1198 1815 1240 1853 lli
1287 1815 1401 1854 Scar-

440 1879 580 1917 deonio
602 1883 641 1916 ct
662 1877 912 1929 Papadopulo
935 1878 1008 1914 visi
1032 1882 1141 1915 sunt.
1167 1876 1264 1914 Vide
1291 1877 1401 1915 illum

439 1942 603 1990 Antiqv.
633 1941 767 1978 Patav.
799 1941 844 1977 ll.
878 1940 938 1978 40.
970 1951 1005 1989 p.
1038 1938 1127 1976 236.
1156 1938 1274 1976 hunc.
1301 1950 1396 1977 vero

439 2009 544 2042 torno
575 2004 620 2042 ll.
653 2004 748 2042 llist.
779 2002 1009 2051 Gymanasii
1043 2002 1220 2039 Patavini
1240 2013 1274 2051 p.
1295 2002 1381 2040 469.

493 2067 512 2087 ³*
542 2067 587 2103 V.
616 2066 659 2103 C.
689 2064 902 2115 Apostolus
935 2064 1058 2101 chas
1090 2064 1125 2100 in
1158 2063 1321 2113 epistola
1348 2063 1395 2101 de

437 2127 757 2167 Meditationibus
788 2124 1072 2175 Philosophicis
1096 2124 1285 2163 Bernardi
1314 2126 1396 2163 Tri-

438 2191 563 2229 visani
595 2190 732 2229 scribit
763 2190 798 2226 in
829 2190 962 2227 Museo
983 2188 1214 2225 Trivisaneo
1244 2189 1393 2225 servari

437 2252 612 2290 codicem
644 2253 838 2301 scriptum
869 2250 945 2288 An.
978 2249 1091 2288 4475.
1125 2250 1161 2286 in
1193 2260 1269 2299 quo
1299 2254 1394 2288 sunt

438 2315 634 2353 orationes
648 2313 836 2352 Xicconis:
859 2311 1047 2362 additque
1068 2311 1261 2350 Carmina
1276 2322 1395 2361 quae-

437 2375 524 2414 ‹lam
558 2376 677 2414 latina
723 2375 855 2413 haberi
886 2374 988 2425 apud
1019 2374 1064 2412 V.
1093 2373 1136 2411 C.
1170 2375 1393 2423 {lieronyrm

435 2436 646 2475 Baruffaldi
695 2438 987 2475 Ferraricnscm
1045 2434 1181 2473 eodem
1228 2436 1393 2474 authore

438 2501 619 2538 Xiccone.
641 2500 748 2548 (Vide
767 2500 868 2537 Zeno
888 2501 987 2537 Lett.
1005 2501 1038 2537 4.
1058 2497 1248 2538 mandit.
1263 2498 1392 2546 4785.)

488 2561 684 2601 Modestus
703 2562 1051 2610 POLENTONUS,
1077 2562 1263 2601 Xicconis
1288 2561 1391 2599 iilius

435 2638 467 2663 a,
502 2626 615 2664 1485.
634 2626 780 2663 Patavii
799 2626 952 2663 Jurium
971 2626 1114 2663 Doctor
1131 2626 1389 2662 renunciatus

435 2687 578 2725 ibidem
610 2699 678 2736 per
708 2698 833 2725 annos
863 2687 1088 2737 complures
1112 2686 1390 2737 jurispruden-

432 2750 527 2787 tiam
553 2750 713 2787 civilem
745 2749 890 2788 docuit.
924 2750 1387 2799 ConscripsitResponsa

425 2812 535 2861 juris
559 2842 566 2859 ,
596 2811 643 2850 ad
674 2823 774 2861 quae
804 2811 988 2861 Cacpolla
1007 2811 1123 2849 etalii
1143 2815 1384 2862 provocant:

436 2875 527 2912 item
550 2873 595 2912 de
619 2872 812 2925 sepulcris
835 2872 1052 2912 illustrium
1077 2872 1387 2923 virorum‚quae

437 2936 596 2974 Patavii
621 2935 837 2983 visuntur,
864 2946 963 2985 opus
993 2946 1013 2973 a
1045 2934 1283 2973 Scardconio
1305 2934 1386 2973 lau-

434 2997 582 3044 datum,
600 2999 759 3049 Antiqu.
779 2998 912 3036 PataV.
931 2997 972 3035 ll.
991 2998 1026 3035 8.
1045 3009 1079 3047 p.
1098 2997 1184 3035 483.
1208 2994 1386 3046 Kappius

437 3059 594 3098 dissert.
610 3063 673 3099 cit.
692 3062 725 3111 ξ.
749 3061 812 3098 22.
830 3062 908 3099 Nic.
936 3060 1126 3099 Comneni
1154 3057 1383 3108 Papadopoli

436 3120 1302 3171 IlistssymnasiiPatavinilib.111.sect.l.c.
1325 3121 1383 3159 43.

492 3182 789 3223 POLl'l'lANUS
820 3184 906 3223 Vid.
935 3184 1182 3223 ANGELUS.

493 3243 687 3282 Martinus
723 3246 1028 3293 POLLIClllUS,
1064 3244 1385 3293 Mellerstaclius,

445 3315 463 3339 a
497 3304 780 3353 Melini-stadio,
812 3309 1051 3346 Franconiae
1085 3308 1206 3355 urbe,
1237 3310 1293 3346 sic
1335 3306 1391 3344 di·

440 3368 553 3411 ctus,
588 3365 772 3415 Magister
804 3370 1016 3418 Lipsiensis
1033 3403 1041 3417 ,
1062 3371 1105 3408 l).
1127 3370 1316 3408 Tliomam
1338 3369 1383 3406 ibi

1192 246 1635 285 POLYDORUS

1472 327 1541 366 per
1568 326 1694 355 annos
1725 319 1803 358 fere
1834 321 1972 372 viginti
2010 324 2296 374 interpretatus
2331 329 2394 364 est
2413 356 2423 370 .

1472 382 1560 428 post
1589 378 1635 417 ad
1667 378 1897 420 Medicinam
1928 385 2105 423 animum
2135 386 2349 436 applicuit,
2383 391 2423 425 et

1470 440 1654 478 Friderici
1686 440 1751 479 111.
1779 441 1972 483 Electoris
2001 446 2193 485 Saxoniae
2217 447 2425 487 Archiater

1473 502 1601 541 factus
1630 513 1720 540 cum
1753 503 1836 553 ipso
1866 505 1902 542 in
1934 507 2094 546 Terram
2133 509 2318 548 Sanctam
2359 521 2426 561 pc·
2472 506 2474 508 ’

1473 565 1714 614 regi-matum
1747 564 1852 602 abiit.
1869 565 2006 605 Redux
2025 571 2176 618 primus
2190 571 2424 611 Academiae

1475 626 1808 676 Wittebcrgensis
1838 628 1978 666 Rector
2007 633 2251 672 constitutus
2271 639 2344 673 est.
2370 635 2425 673 De

1476 688 1610 727 morbo
1639 689 1787 727 Gallico
1815 693 2129 732 controversiam
2159 697 2311 746 Lipsiae
2359 696 2426 735 ha-

1474 751 1583 796 buit,
1614 751 1662 789 de
1692 763 1767 801 qua
1795 752 1938 790 Leichii
1956 754 2127 804 origines
2144 759 2426 811 typographiae

1478 814 1695 864 Lipsiensis
1725 827 1761 865 p.
1791 814 1854 852 78.

1531 875 1629 926 Ejus
1660 881 1752 915 nota
1783 881 1877 916 sunt
1908 879 2128 928 sequentia.

1533 939 1786 978 Laconz'smus
1816 938 2103 980 tumultuarius
2117 973 2128 990 ,
2149 947 2285 982 contra
2307 944 2429 984 Wim-

1482 1003 1628 1052 pinam.
1659 1002 1841 1041 Leiohius
1871 1014 1909 1053 p.
1940 1003 2027 1042 406.
2055 1003 2142 1043 407.

1539 1063 1692 1103 Cursus
1722 1063 1908 1116 Physicus
1937 1069 1975 1103 et
1991 1065 2168 1117 Loyicus.
2190 1067 2292 1118 Lips.
2316 1070 2432 1109 4544.

1488 1126 1550 1164 fol.
1581 1126 1743 1177 Loyicus
1773 1127 1894 1165 solus.
1927 1127 2016 1166 ibid.
2051 1129 2164 1168 4542.
2186 1129 2247 1168 fol.

1541 1188 1594 1225 De
1622 1186 1916 1239 compleoez'one,
1947 1191 2032 1229 sine
2062 1202 2165 1230 anno
2189 1197 2257 1239 et,
2286 1192 2369 1233 loco
2400 1194 2433 1232 4.

1541 1250 1747 1288 Tractatus
1779 1250 1818 1288 in
1868 1250 2154 1304 Wimpinianas
2195 1253 2435 1306 offensiones.

1483 1312 1647 1350 Wittcb.
1683 1312 1798 1351 4506.

1535 1374 1824 1424 Propositiones
1851 1373 2120 1427 Astroloyz‘cae
2150 1376 2212 1417 45.
2240 1389 2328 1417 cum
2350 1379 2434 1419 suis

1479 1435 1748 1475 solutionibus.
1782 1439 1884 1488 Lips.
1909 1439 2021 1478 ⁴482.
2052 1440 2088 1478 4.

1531 1497 1709 1550 Epistola
1737 1498 1792 1537 acl
1821 1500 2033 1552 Georyium
2049 1502 2255 1541 Saaeoniae
2273 1503 2432 1554 Ducem,

1478 1562 1555 1600 MS.
1572 1563 1608 1598 in
1630 1561 1726 1599 Bibl.
1745 1562 1932 1601 Paullina.
1951 1563 2127 1603 Fellerus
2145 1565 2266 1604 Catal.
2285 1578 2320 1617 p.
2340 1567 2431 1606 282.

1477 1622 1674 1675 Epistulae
1703 1622 1802 1662 (litae
1831 1623 1877 1663 (le
1904 1623 2013 1664 Actis
2041 1625 2143 1664 inter
2180 1627 2431 1667 Fridericum

1477 1687 1572 1737 Imp.
1604 1689 1642 1724 et
1670 1685 1859 1725 Corolum
1889 1687 2035 1726 Ducem
2065 1688 2344 1740 Buryundzae,
2365 1691 2430 1730 MS

1477 1749 1643 1796 ibidem,
1671 1761 1707 1799 p.
1728 1749 1816 1788 283.

1534 1810 1688 1850 Cursus
1721 1811 1758 1848 in
1786 1810 2118 1863 Metaphysicam‚
2154 1812 2336 1864 Reqimen
2360 1825 2429 1865 pe-

1475 1871 1694 1922 stilentiae,
1724 1872 1983 1921 Quaestiones
2011 1872 2254 1925 disputatae,
2271 1875 2427 1915 Carini-

1473 1947 1524 1973 na
1540 1935 1678 1984 varia,
1699 1935 1731 1972 E
1735 1935 1837 1986 [eyia
1858 1935 1897 1973 in
1916 1940 2078 1975 mortem
2101 1937 2262 1977 Ernesti
2281 1936 2426 1977 Electo-

1470 1997 1539 2046 ris,
1557 2003 1596 2035 et
1613 1998 1696 2036 alia,
1720 1997 1816 2036 Vide
1839 1998 1993 2038 Centur
2027 1999 2292 2040 Maderianam
2313 2001 2424 2040 n.34.

1523 2059 1543 2080 ’Κ
1574 2061 1731 2098 Praeter
1760 2072 1806 2099 ea
1837 2072 1936 2110 quae
1968 2061 2029 2099 hic
2058 2061 2106 2099 de
2130 2062 2313 2101 Polliehio
2337 2067 2423 2101 tan-

1469 2127 1620 2173 guntur
1667 2122 1812 2162 addere
1852 2127 1994 2173 juvat,
2024 2124 2220 2175 egregiam
2263 2135 2422 2175 operam

1467 2187 1712 2236 praestitisse
1738 2186 1846 2224 illum
1869 2186 2036 2224 Electori
2057 2186 2250 2225 Saxoniae
2271 2197 2414 2225 novam

1470 2247 1870 2299 Wittembergensem
1884 2247 2059 2287 scholam
2075 2249 2225 2300 erigere
2241 2249 2416 2288 molienti

1468 2320 1568 2359 quac
1599 2310 1761 2349 tandem
1792 2315 1926 2349 erecta
1955 2315 2018 2348 est
2045 2321 2149 2349 anno
2174 2310 2288 2351 4504.
2312 2311 2418 2351 Obiit

1467 2372 1540 2410 An.
1573 2372 1685 2411 4544.
1718 2374 1874 2411 Praeter
1896 2383 2011 2422 opera
2034 2371 2096 2411 hic
2117 2371 2287 2412 indicata
2309 2377 2418 2412 extat

1467 2436 1554 2473 eius
1583 2434 1793 2485 Responsio
1815 2437 1855 2472 in
1875 2445 2034 2473 errores
2057 2434 2227 2475 Simonis
2252 2435 2418 2476 Pistoris

1467 2496 1512 2536 cle
1542 2495 1650 2536 Malo
1683 2498 1848 2535 Franco.
1880 2498 2033 2548 Lipsiae
2065 2497 2180 2537 4504.
2211 2499 2246 2536 4.

1521 2560 1817 2600 POLYDORUS
1847 2558 2038 2611 Veryilius
2055 2591 2063 2610 ⁷
2089 2559 2277 2607 Urbinas,
2293 2562 2417 2600 Bono-

1466 2625 1555 2661 niae
1586 2623 1708 2662 bonas
1738 2623 1890 2661 litteras
1926 2623 2062 2661 didicit
2097 2627 2138 2661 et
2173 2623 2331 2668 docuit,
2366 2624 2415 2663 ab

1463 2686 1687 2724 Alexandro
1719 2685 1781 2724 VI.
1813 2685 1999 2724 Pontifice
2030 2686 2069 2731 in¹
2102 2685 2284 2736 Angliam
2323 2687 2416 2725 inis-

1463 2759 1533 2787 sus
1563 2753 1650 2796 est,
1678 2753 1720 2787 ut
1737 2749 1784 2786 ibi
1803 2748 2060 2794 Quaestorem
2078 2752 2232 2798 ageret,
2248 2747 2297 2786 ab
2315 2749 2416 2787 Hen—

1462 2813 1539 2849 rico
1569 2812 1668 2850 Vlll.
1700 2811 1803 2860 Rege
1833 2809 2170 2849 Archiadiaconus
2199 2810 2414 2849 Wellensis

1460 2874 1703 2911 constitutus
1734 2874 1770 2910 in
1802 2871 1941 2922 Anglia
1973 2872 2334 2921 mansit‚dor.ecin
2353 2883 2414 2912 se—

1462 2935 1569 2972 nium
1601 2938 1729 2973 aetate
1760 2938 1949 2982 vergente
1980 2933 2171 2973 Urbinum
2200 2945 2412 2984 reversus,

1460 2996 1684 3046 ibidemque
1713 3007 1745 3034 a.
1779 2996 1892 3035 4555.
1926 2997 2002 3034 sato
2033 3007 2104 3036 suo
2135 2997 2297 3038 functus
2335 3003 2408 3037 est.

1460 3058 1556 3097 Vide
1586 3058 1761 3097 Baclium

1514 3121 1663 3170 Ingenii
1695 3122 1819 3170 ipsius
1850 3126 2108 3160 monumenta
2139 3126 2233 3162 sunt
2263 3122 2373 3161 haec:

1513 3180 1821 3220 Proverbz'orum
1847 3180 2041 3232 Libellus,
2066 3184 2202 3222 Venet.
2230 3194 2298 3233 per
2311 3184 2408 3234 Mag.

1459 3243 1683 3294 Christoph.
1714 3244 1762 3283 de
1792 3245 1947 3293 pensis,
1979 3246 2094 3284 4498.
2115 3246 2149 3283 4.
2171 3244 2408 3295 Adagiorum

1458 3317 1558 3356 opus
1588 3308 1831 3357 recognitum
1863 3310 1903 3344 et
1932 3307 2244 3357 locupletatum,
2291 3307 2407 3346 Basil.

1461 3367 1564 3418 apud
1597 3368 1859 3417 Frobcnium,
1889 3368 2002 3408 4524.
2036 3367 2149 3408 4525.
2183 3367 2246 3406 fol.
