2517 4009
914 234 942 271 R
967 233 1000 272 O
1023 234 1049 271 B
1069 236 1097 273 Ε
1122 235 1150 272 R
1173 234 1202 272 'l'
1227 233 1255 272 U
1279 234 1303 271 S

112 315 276 357 pressus
313 307 376 343 est
415 315 463 341 ex
502 302 672 340 Roberto
715 304 903 349 Astensi‚
933 305 999 354 qui
1031 304 1073 342 li-

113 368 227 407 brum
259 365 303 405 de
333 364 455 418 officio
485 363 709 403 Astrolabii
736 366 897 416 scripsit
929 365 1074 404 indica-

113 434 198 469 tum
224 441 245 468 a
269 428 481 467 Muratorio
504 428 629 477 antiq.
656 432 750 464 tom.
776 428 826 466 lll
848 439 884 478 p.
907 427 996 465 943.
1022 438 1073 465 ex

25 536 32 539 ¹
115 489 259 530 Codice
277 489 360 527 MS.
384 487 660 526 Ambrosiano.
681 489 702 510 ³¹⁶

169 551 440 590 ROBERTUS
477 549 774 599 Castricensis,
825 550 903 589 vid.
953 560 1074 600 supra

111 611 339 652 Richardus
370 611 701 652 Castriconensis.

168 673 437 716 ROBERTUS
481 672 731 722 Caubraitlz,
780 676 913 712 neseio
957 675 1073 724 quis,

110 736 271 786 scripsit
303 734 651 787 Quadripertnm,
684 738 796 787 Opus
843 736 1073 786 l'hysicum.

110 797 343 846 Gesnerus,
374 799 441 848 qui
473 798 614 848 dispici
642 799 783 851 jubet,
815 809 865 836 an
900 798 998 835 sorte
1024 800 1076 835 sit

50 858 54 862 ⁴
113 858 377 911 Geopretius‚
407 861 579 910 scriptor
609 860 846 899 recentioris
875 861 977 897 aevi.

164 921 438 960 ROBERTUS
464 921 687 969 Cervinus,
727 922 825 961 alias
862 921 1080 961 Caraewa-

113 980 190 1020 lius
207 986 248 1020 et
277 983 490 1032 Karevve,
523 984 623 1022 forte
653 996 674 1022 a
706 984 789 1022 loco
822 984 971 1032 natali,
998 984 1079 1022 An—

110 1044 202 1095 glus
232 1044 499 1096 Philosophus
528 1047 635 1085 eirca
666 1057 700 1085 a.
745 1046 862 1084 1326.
903 1046 1073 1096 Scripsit

113 1117 237 1157 super
258 1106 398 1146 varios
420 1107 656 1160 scripturae
682 1111 820 1146 temtus
869 1108 1081 1146 Tractatus

112 1179 234 1220 super
259 1169 497 1219 Maqistrum
529 1169 828 1209 Sententiarum
848 1201 855 1218 ‚
874 1169 1082 1218 Quaestio-

118 1240 189 1268 nes
213 1229 474 1277 ordinarias,
497 1230 538 1268 in
569 1230 802 1280 posteriora
842 1229 1081 1268 Aristotelis.

115 1290 317 1330 Lelandus
341 1302 375 1329 c.
403 1292 495 1330 318.
518 1292 690 1330 Balaeus
731 1291 773 1328 V.
813 1292 876 1329 21.
907 1293 1077 1331 Pitseus.

166 1352 434 1391 ROBERTUS
465 1351 712 1399 Castrensis,
744 1351 824 1390 vid.
853 1352 1051 1392 Castrius.

165 1414 430 1454 ROBERTUS
460 1411 808 1461 Chilwardebius‚
848 1415 927 1453 vid.
966 1416 1078 1454 infra.

114 1474 340 1529 Kilwarby.
875 1484 882 1487 *

166 1540 429 1579 ROBERTUS
462 1539 678 1589 Cibollz'us,
710 1540 937 1591 Theologus
976 1542 1080 1579 Pari-

113 1603 285 1649 siensis,
315 1613 349 1641 a.
375 1602 492 1642 1437.
537 1603 776 1642 Academiae
815 1604 985 1652 Rector,
1030 1603 1078 1641 ad

113 1675 317 1703 summum
336 1664 568 1703 Pontificem
581 1665 791 1715 ablegatus
810 1665 884 1704 fuit
903 1678 910 1703 :
939 1669 1077 1715 postea

113 1726 257 1764 Rector
285 1726 489 1765 Ecclesiae
532 1726 570 1765 S.
615 1727 748 1766 Jacobi
767 1758 776 1776 ‚
815 1728 1083 1765 Poenitentia-

114 1788 199 1827 rius
213 1794 253 1826 et
270 1787 430 1827 tandem
453 1789 727 1828 Cancellarius
741 1790 959 1828 Parisinus.
980 1790 1082 1828 Scri-

115 1851 195 1901 psit
218 1861 296 1901 pro
318 1851 475 1888 Joanna
498 1849 784 1889 Aurelianense]
799 1849 949 1902 puella,
974 1851 1078 1901 quod

113 1912 225 1963 Opus
249 1913 287 1950 in
313 1913 495 1963 Capellae
513 1914 620 1963 Regii
639 1913 774 1951 Palatii
791 1914 996 1953 Thesauro
1012 1915 1082 1952 Pa-

115 1975 220 2013 risiis
246 1979 407 2013 exstare
432 1975 572 2013 scribit
596 1975 654 2013 Jo.
676 1975 890 2014 Hordalius
909 1977 945 2013 in
964 1975 1080 2013 Puel-

114 2037 175 2075 lae
204 2035 508 2075 Aurelianensis
538 2035 728 2075 Historia.
776 2037 874 2076 Vide
914 2037 1077 2089 Launoji

117 2099 328 2138 Historiam
347 2098 556 2149 Gymnasii
575 2099 789 2138 Navarraei
809 2104 909 2151 part.
929 2101 1078 2139 IlI.lib.

116 2162 162 2200 ll.
187 2172 220 2200 c.
253 2161 290 2199 6.
321 2160 490 2211 Scripsit
513 2165 719 2211 praeterea
748 2162 897 2201 Comm.
922 2161 962 2200 in
989 2161 1080 2200 Phi-

115 2222 331 2276 losophiam
354 2221 607 2271 Aristotelis,
628 2228 669 2262 et
696 2224 998 2274 Empositionem
1038 2224 1078 2262 in

113 2283 332 2337 Epistolam
354 2283 410 2322 ad
426 2286 635 2324 Romanos.
657 2286 755 2324 Vide
769 2288 886 2325 Bern.
904 2286 953 2325 de
971 2288 1080 2325 Mon-

113 2347 272 2385 tfaucon
303 2346 398 2384 Bibl.
424 2347 758 2386 Bibliothecarum
777 2349 884 2388 MSS.
902 2360 938 2399 p.
959 2350 1076 2388 1298.

39 2432 45 2436 -
116 2408 231 2447 1365,

177 2469 447 2508 ROBERTUS
485 2468 788 2519 Cisterciensis,
831 2484 882 2510 ex
928 2473 1080 2511 Abbate

114 2533 241 2584 primo
287 2531 561 2579 Molismensi,
611 2531 737 2570 dioec.
788 2534 1083 2584 LingonensiS.

114 2595 270 2646 primus
307 2593 440 2632 Abbas
484 2593 692 2642 Cistereii,
724 2594 907 2644 adeoque
940 2595 1081 2633 funda-

114 2662 177 2696 tor
205 2656 382 2697 Ordinis.
427 2656 637 2695 Sermones
667 2655 877 2704 diversos,
907 2667 955 2694 ex
994 2658 1082 2705 qui-

115 2719 193 2764 bus
223 2729 330 2758 unus
359 2721 495 2756 exstat
525 2718 750 2768 impressus
784 2717 889 2768 apud
934 2718 1078 2767 Chrys.

115 2779 348 2830 Henriquez
381 2781 418 2818 in
451 2780 659 2818 Fasciculo
691 2780 754 2818 lib.
787 2781 832 2818 ll.
879 2779 970 2817 dist.
1017 2780 1080 2818 26.

117 2841 319 2894 Epistolae
348 2841 452 2880 duae
496 2842 603 2882 illius
649 2842 840 2893 leguntur
871 2842 908 2879 in
940 2843 1082 2880 Manri—

116 2915 194 2955 que
237 2904 382 2943 Annal.
427 2905 593 2944 Cisterc.
641 2907 738 2942 tom.
768 2905 782 2941 l
812 2915 846 2942 a.
882 2903 997 2941 1198.
1042 2908 1082 2941 et

119 2966 236 3006 1200.
268 2967 439 3017 Scripsit
476 2967 596 3005 etiam
648 2964 869 3004 Exordium
919 2963 1082 3003 Ordinis

120 3026 424 3076 Cisterciensis,
455 3027 504 3066 de
539 3039 617 3078 quo
663 3027 806 3066 Noster
836 3038 955 3078 supra
988 3031 1080 3066 tom.

119 3090 148 3128 1.
177 3100 264 3140 pag.
296 3089 388 3128 353.
420 3089 625 3127 Fabricius
659 3089 893 3136 adnotavit,
920 3089 1012 3127 illud
1034 3089 1083 3128 ab

119 3151 298 3192 Auberto
326 3151 469 3190 Miraeo
495 3152 576 3190 Col.
602 3152 716 3190 1614.
740 3152 776 3188 8.
801 3162 890 3189 esse
915 3151 1080 3190 editum.

120 3215 208 3254 Car.
240 3213 289 3252 de
318 3212 439 3251 Visch
470 3213 566 3251 Bibl.
590 3213 836 3264 Scriptorum
859 3213 996 3251 Ordin.
1021 3215 1083 3253 Ci—

120 3276 354 3316 sterciensis
385 3286 422 3324 p.
453 3275 546 3312 288.
576 3274 667 3312 289.
701 3275 824 3313 Gallia
857 3275 1081 3314 Christiana

122 3342 150 3375 t.
179 3337 228 3376 lV
259 3349 294 3387 p.
327 3336 416 3376 731.
449 3336 541 3375 984.

2031 230 2108 270 397

1202 302 1470 344 ROBERTUS
1497 302 1613 343 Clari
1632 305 1800 348 montis,
1828 311 1932 350 quae
1961 302 1999 338 in
2025 302 2117 340 Gal—

1151 367 1198 404 lia
1229 370 1292 405 est
1322 367 1478 405 Civitas
1524 367 1559 403 in
1607 364 1827 412 Arvernis,
1879 364 2042 413 scripsit
2071 362 2117 400 da

1153 427 1326 468 Concilio
1356 439 1396 466 m
1419 426 1555 466 eadem
1587 426 1757 466 Civitate
1793 423 1989 464 celebrato
2033 426 2110 463 sub

1151 491 1308 529 Urbano
1341 491 1401 528 Vl.
1435 491 1544 528 Pont.
1577 490 1676 527 Max.
1708 487 1906 526 adversus
1946 487 2110 525 Turcas.

1150 553 1296 590 Exstat
1325 550 1402 590 MS.
1433 552 1469 589 in
1510 551 1742 589 membrana
1788 550 1824 586 in
1870 548 1967 586 Bibl.
2014 549 2113 598 lmp.

1153 614 1332 652 Viennae
1363 613 1562 651 Austriae.
1596 610 1704 650 Haec
1736 611 1979 650 Possevinus
2010 613 2116 647 tomo

1154 675 1186 713 ll
1220 675 1449 725 Apparatus
1479 686 1514 724 p.
1541 675 1631 712 341.

1208 736 1502 783 ROBERTUS,
1530 733 1869 774 Claudioceslriae
1895 735 1981 772 Dux
2011 732 2119 771 Hen-

1156 799 1221 836 rici
1256 799 1284 836 Ι.
1315 798 1480 848 Angliae
1512 797 1631 846 Regis
1661 796 1767 834 filius
1790 796 1960 845 nothus,
1988 796 2024 833 in
2046 796 2119 833 mi-

1155 860 1240 899 litia
1266 864 1306 898 et
1330 859 1556 898 eruditione
1581 870 1708 908 aeque
1732 864 1948 896 strenuus:
1975 858 2121 896 duran-

1155 926 1194 960 te
1225 921 1327 960 bello
1357 922 1463 960 civili
1495 921 1706 960 Orationes
1735 919 1782 957 ad
1815 931 1909 957 suos
1952 920 2119 965 habuit,

1154 989 1194 1022 ct
1223 984 1425 1034 Epistolas
1456 983 1503 1022 ad
1535 984 1730 1022 Civitates
1751 982 1924 1032 scripsit.
1949 982 2111 1020 Floruit.

1156 1058 1189 1085 a.
1223 1046 1338 1086 1140.
1386 1050 1426 1083 et
1469 1045 1557 1095 ejus
1588 1043 1790 1096 Opuscula
1828 1048 2117 1082 memorantur.

1159 1109 1316 1147 Pitseus
1346 1118 1380 1146 c.
1414 1108 1503 1146 195.
1534 1108 1665 1146 Alium
1704 1106 1949 1145 Historicum
1996 1116 2124 1143 incer-

1158 1175 1220 1208 tae
1251 1171 1397 1209 aetatis
1421 1182 1443 1208 a
1463 1172 1616 1208 Joanne
1647 1171 1741 1208 Stoo
1771 1171 1938 1207 citatum
1971 1178 2121 1205 memo-

1156 1236 1217 1270 rat
1248 1232 1351 1271 idem
1384 1234 1421 1270 in
1454 1231 1636 1283 Append.
1668 1232 1833 1270 Centur.
1864 1231 1926 1269 IV.
1960 1230 1995 1268 4.
2021 1229 2120 1267 forte

1155 1298 1219 1331 est
1249 1294 1353 1332 idem
1386 1306 1478 1332 cum
1510 1295 1727 1344 superiore.

1209 1354 1479 1393 ROBER'I'US
1498 1384 1506 1402 ,
1528 1355 1751 1393 monachus
1771 1353 2038 1401 Caelestinus,
2062 1353 2121 1391 di-

1156 1416 1340 1466 scipulus
1370 1416 1414 1454 S.
1446 1417 1551 1454 Petri
1600 1415 1843 1461 Coelestini,
1888 1417 2049 1467 scripsit
2078 1415 2124 1453 (Ic

1155 1477 1278 1517 rebus
1319 1478 1441 1529 9estis
1470 1478 1510 1516 S.
1544 1476 1756 1516 Coelestini
1797 1477 1958 1529 Papae,
1997 1489 2117 1527 quem

1155 1541 1301 1580 librum
1333 1541 1410 1579 MS.
1442 1540 1582 1578 habuit
1612 1538 1835 1578 Naudaeus.
1883 1539 1979 1577 Vide
2025 1539 2123 1578 Lud.

1157 1614 1179 1642 a
1209 1603 1247 1642 S.
1280 1603 1420 1642 Carolo
1453 1601 1551 1640 Bibl.
1583 1600 1831 1640 pontificiam
1864 1613 1901 1652 p.
1934 1602 2023 1639 432.

1205 1664 1475 1704 ROBERTUS
1506 1662 1776 1712 Colmannus‚
1823 1664 1885 1702 alii
1931 1664 2121 1702 Joannem

1158 1732 1327 1775 vocant,
1355 1727 1533 1778 Anglus‚
1558 1725 1652 1764 Ord.
1677 1727 1714 1765 S.
1737 1727 1935 1764 Francisei
1959 1728 1995 1763 in
2021 1727 2123 1766 Con-

1158 1795 1285 1829 ventu
1316 1789 1565 1828 Norwicensi
1586 1818 1593 1837 ⁷
1614 1793 1705 1839 post
1726 1789 2001 1827 Cancellarius
2020 1788 2123 1827 Oxo-

1158 1853 1338 1900 niensis,
1369 1864 1402 1890 a.
1438 1850 1542 1890 1428
1587 1850 1755 1901 Scripsit
1785 1852 2014 1898 Sermones,
2054 1850 2124 1888 Le-

1157 1913 1303 1953 ctiones
1334 1923 1478 1952 sacras
1523 1917 1563 1951 et
1611 1913 1818 1952 Carmina.
1864 1913 2065 1952 Lelandus
2088 1925 2121 1951 c.

1156 1977 1247 2015 523.
1277 1976 1449 2015 Balaeus
1493 1976 1609 2015 Cent.
1656 1977 1736 2014 VII.
1783 1976 1844 2014 75.
1893 1977 2050 2014 Pitseus
2088 1987 2121 2013 e.

1154 2038 1247 2077 789.
1277 2038 1534 2090 Waddingus
1576 2038 1626 2077 de
1673 2038 1946 2089 Scriptoribus
1989 2038 2125 2077 Ordin.

1154 2103 1350 2140 Minorum
1383 2113 1419 2152 p.
1452 2102 1543 2140 307.

1211 2164 1480 2203 ROBERTUS
1511 2164 1684 2211 Coacon,
1718 2163 1882 2210 Cotton,
1913 2168 1953 2202 et
1986 2163 2124 2203 Cown-

1155 2230 1244 2273 ton,
1276 2225 1457 2276 Anglus,
1488 2226 1582 2265 Ord.
1629 2227 1669 2264 S.
1714 2226 1939 2270 Francisci‚
1982 2226 2123 2265 Sorbo-

1156 2289 1262 2327 nista
1309 2288 1545 2335 Parisinus,
1589 2286 1771 2325 Doctoris
1810 2290 1966 2325 amoeni
2008 2289 2123 2327 titulo

1156 2351 1401 2400 insignitus,
1432 2350 1537 2387 circa
1569 2360 1603 2386 a.
1637 2349 1753 2387 1340.
1777 2348 1946 2399 Scripsit
1966 2349 2122 2387 Sermo-

1154 2423 1223 2450 nes
1270 2410 1323 2450 ad
1365 2421 1524 2449 crucem
1558 2410 1601 2447 D.
1635 2408 1755 2448 Pauli
1787 2408 1978 2456 Lonclini,
2011 2410 2122 2448 Ince<

1149 2472 1326 2524 ptorium
1358 2483 1482 2523 super
1507 2473 1686 2523 primum
1717 2469 1864 2508 librum
1904 2471 2121 2510 Sententia-

1160 2547 1253 2574 rum
1273 2566 1283 2583 ‚
1310 2533 1545 2584 Quodlibeta
1565 2532 1811 2579 Scholastica
1830 2562 1837 2576 ,
1865 2533 2124 2584 Disceptatio-

1155 2607 1223 2634 nes
1254 2594 1527 2645 A1a91·strales.
1555 2595 1725 2633 Balaeus
1748 2595 1863 2632 Cent.
1888 2595 1931 2632 V.
1959 2595 2022 2634 65.
2045 2597 2121 2633 Pit—

1156 2669 1252 2697 seus
1298 2668 1334 2695 c.
1374 2655 1463 2695 527.
1512 2655 1762 2705 Waddingus
1792 2667 1828 2706 p.
1860 2656 1948 2694 308.
1984 2657 2120 2696 Willot

1156 2731 1243 2770 pag.
1276 2718 1368 2758 317.

1212 2779 1482 2819 ROBERTUS
1517 2780 1692 2820 Corceon
1711 2811 1720 2829 ,
1751 2781 1814 2818 vel
1848 2780 2033 2831 Cnrson.
2064 2783 2123 2819 vi-

1156 2842 1205 2881 de
1235 2854 1358 2893 supra
1389 2847 1417 2880 t.
1449 2844 1477 2881 Ι.
1509 2854 1546 2893 p.
1580 2841 1670 2881 345.

1214 2904 1486 2944 ROBERTUS
1512 2904 1725 2952 Cressius‚
1751 2904 1927 2954 Anglus,
1958 2907 2120 2945 Carme-

1158 2969 1252 3016 lita,
1283 2979 1364 3006 see.
1395 2966 1481 3006 XV.
1511 2966 1621 3005 dedit
1667 2966 1872 3006 Homilias.
1920 2968 2120 3008 Lelandus

1157 3042 1189 3069 c.
1222 3031 1315 3069 589.

1214 3091 1480 3131 ROBERTUS
1512 3090 1808 3131 Crilceladensis
1829 3124 1838 3140 ,
1870 3093 1950 3131 vid.
1988 3093 2120 3133 Canu·

1158 3157 1247 3201 tus,
1278 3158 1307 3191 t.
1337 3155 1363 3192 1.
1397 3165 1436 3203 p.
1467 3153 1557 3193 305.

1211 3215 1482 3255 ROBERTUS
1515 3215 1707 3255 Crowclze
1736 3217 1760 3254 f.
1795 3217 1995 3265 Crucius,
2038 3218 2118 3258 An·

1157 3278 1247 3329 glus
1277 3277 1372 3315 Ord.
1402 3278 1439 3316 S.
1474 3279 1669 3317 Francisei
1702 3279 1949 3327 monachus,
1975 3281 2118 3319 deinde

1156 3339 1439 3379 Provincialis.
1469 3340 1571 3378 cirea
1601 3351 1634 3378 a.
1671 3342 1785 3379 ⁴300.
1808 3341 1975 3392 Scripsit
1999 3353 2118 3394 super
