2517 4009
923 237 1269 276 RABANUS

85 306 266 354 diderat,
310 309 350 344 et
396 296 767 343 Anathematismos
813 307 899 346 Xll.
948 319 1050 358 quae

84 370 226 408 Fronto
268 369 452 406 Ducaeus
493 366 644 405 Graece
689 372 729 404 et
776 370 914 407 Latine
964 374 1051 420 post

85 430 381 468 Commentaria
426 428 626 476 Zonarae,
659 428 850 481 deinceps
889 431 1053 470 Hardui-

87 503 164 531 nus
194 496 220 530 t.
251 491 284 529 II
314 489 578 529 Conciliorum
611 502 647 540 p.
677 491 768 530 835.
799 492 1023 531 ediderunt.

139 552 230 603 (282
255 551 564 598 QUINTIANUS
587 553 683 591 Stoa
699 554 756 591 Jo.
775 555 1013 593 Franciscus
1030 565 1051 591 e

87 615 175 654 fam.
198 615 315 655 Conci
333 615 527 653 Brixiensi
553 616 622 664 qui
651 620 770 654 natus
799 627 833 654 a.
854 615 972 656 4481».
990 617 1051 654 ob.

85 676 497 716 aut-557 Francisci
529 678 555 715 Ι.
586 677 746 716 Galliar.
767 680 859 729 Reg.
891 690 1055 729 praece-

84 738 325 789 ptor,indea
344 737 444 777 Lud.
466 740 552 778 Xll.
583 751 646 777 an.
666 740 783 778 4509.
813 741 932 778 Poeta
956 742 1055 778 Lau-

87 806 389 850 reatus,auctor
420 803 616 840 Poematis
640 802 696 840 De
722 800 827 840 Bello
853 805 990 841 veneto
1016 807 1056 841 et

85 864 387 914 quamplurium
421 864 530 903 alior.
559 875 729 914 operum
752 863 802 901 de
826 864 974 914 quibus
1000 867 1058 903 vi—

86 924 204 964 dend.
229 929 388 976 praeter
413 926 532 963 nimis
557 936 695 963 acrem
717 936 808 975 erga
828 937 921 964 eum
950 928 1059 965 Tira-

83 987 292 1026 boschium
331 989 430 1038 Opp.
453 987 639 1027 Memorz'e
674 987 849 1026 raccolte
870 987 922 1027 da
949 989 1059 1028 Gius.

85 1047 258 1087 Nember
277 1049 443 1088 Brescz'a
474 1049 588 1088 4777.
615 1050 650 1087 8.
677 1054 720 1087 et
748 1049 927 1089 Lancetti
949 1050 1064 1089 Poetz'

91 1111 287 1150 Laureatz'
312 1111 459 1151 Mz'lano
491 1112 606 1151 4839.
634 1111 699 1158 8.)

141 1173 415 1219 QUINTINUS
443 1173 603 1212 AEduus
642 1174 705 1212 vel
745 1172 911 1213 Heduus
931 1205 942 1222 ,
973 1185 1062 1225 pro-

86 1236 150 1274 cul
180 1235 302 1275 dubio
331 1247 351 1274 a
383 1237 509 1286 patria
542 1237 598 1274 sic
630 1235 790 1282 dictus,
823 1237 983 1286 scripsit
1022 1236 1062 1274 in

86 1297 269 1337 psalmos
303 1298 385 1337 VII.
410 1296 737 1349 poenitentiales,
760 1297 800 1335 z'n
832 1298 1061 1336 Orationem

87 1359 362 1409 Dominicam,
394 1360 434 1398 in
464 1359 544 1397 tria
576 1358 744 1399 Cantica
774 1358 994 1410 Evanqeliz',
1025 1363 1062 1398 et

85 1422 299 1473 Speculum
344 1420 572 1469 Ecclesiae,
603 1432 706 1470 quac
737 1422 849 1459 MSS.
891 1427 988 1460 sunt.
1018 1423 1056 1460 in

88 1483 188 1522 Bibl.
219 1485 418 1523 Vaticana.
450 1485 565 1522 Bern.
591 1482 639 1520 de
668 1483 920 1521 Montfaucon
958 1483 1056 1521 Bibl.

85 1545 420 1584 Bibliothecarum
453 1545 564 1583 MSS.
596 1556 632 1594 p.
665 1544 727 1581 68.

138 1607 280 1646 Nescio
321 1617 371 1645 an
415 1605 520 1644 idem
564 1607 616 1644 sit
646 1607 806 1645 Jurium
838 1608 983 1645 Doctor
1020 1612 1060 1645 et

83 1667 286 1706 Professor
327 1666 552 1706 ordinarius
594 1669 826 1716 Parisinus,
860 1670 928 1719 qui
961 1669 1061 1708 Cor-

86 1739 167 1781 pus
191 1730 277 1767 sive
304 1727 575 1769 collectionem
593 1729 798 1769 Canonum
814 1731 1061 1781 compilavit,

87 1791 163 1830 MS.
181 1792 219 1829 in
240 1791 334 1830 Bibl.
352 1791 544 1830 Ranchini
561 1793 721 1830 Parisiis
739 1806 746 1830 :
763 1793 866 1831 idem
889 1804 925 1842 p.
944 1793 1059 1832 4282.

141 1852 413 1899 QUINTINUS
445 1853 639 1902 Crasz'us,
669 1856 828 1893 natione
858 1854 1060 1902 picardus,

89 1915 183 1955 Ord.
214 1916 522 1965 Cisterciensis,
553 1916 680 1955 Caroli
727 1916 799 1954 loci
843 1917 1060 1967 Subprior,

93 1977 188 2014 obiit
217 1988 250 2015 a.
284 1977 400 2016 4454.
430 1978 590 2027 scripsit
627 1976 842 2016 Conciones
885 1976 1059 2025 multas,

92 2035 326 2089 Eleyiarum
369 2041 407 2076 et
447 2037 619 2077 aliorum
651 2038 888 2078 Carminum
933 2038 999 2078 lib.
1029 2040 1062 2078 I.

95 2105 135 2137 et
162 2100 237 2138 alia
267 2099 464 2151 quaedam
495 2101 712 2151 Opuscula.
743 2102 831 2140 Car.
862 2100 911 2139 de
941 2102 1060 2140 Visch

94 2162 177 2201 Bibl
216 2163 464 2213 Scriptorum
489 2162 582 2200 Ord.
609 2164 889 2202 Cisterciensis
912 2176 946 2215 p.
969 2165 1062 2203 282.

146 2225 443 2274 QUINTINUS,
473 2226 640 2275 scotus,
668 2226 788 2264 Poeta
837 2227 941 2264 circa
986 2225 1062 2264 An.

95 2286 213 2325 4320.
255 2287 425 2325 Parisios
467 2298 511 2326 se
553 2287 747 2335 contulit,
778 2292 818 2326 et
848 2287 1062 2337 Querelam

95 2347 142 2386 de
167 2351 329 2398 patriae
358 2348 526 2387 miseria
567 2351 817 2400 composuit,
855 2351 1059 2399 Lutetiae,

99 2410 208 2459 typis
237 2410 438 2463 Stephani
459 2411 635 2459 Balland,
663 2413 778 2451 4544.
810 2414 1062 2462 impressam.

97 2470 266 2519 Nescio,
295 2482 344 2508 an
375 2472 427 2508 sit
454 2471 626 2509 Joamzes
667 2472 908 2520 Quintinus,
946 2473 1063 2523 cujus

94 2534 304 2571 Sermones
332 2530 503 2570 Morales
532 2543 655 2582 super
686 2532 904 2583 Evanyelia
935 2534 1064 2572 Domi-

93 2592 243 2632 nicalia
274 2592 393 2632 totius
415 2592 513 2630 anni
530 2593 762 2643 prodierunt
783 2595 918 2634 Colon.
945 2596 1061 2634 4608.

93 2656 130 2694 8.
160 2656 387 2705 Dempsteri
433 2656 528 2693 l-list.
578 2655 732 2693 Eccles.
780 2656 936 2694 Scotiae
976 2657 1061 2695 XV.

92 2728 181 2768 pag.
211 2717 302 2755 545.
332 2716 402 2755 Ge.
432 2716 657 2755 Mackenzie
687 2716 736 2755 de
766 2716 945 2756 Eruditis
969 2718 1061 2756 Sco-

94 2778 146 2816 tis
176 2777 260 2816 Vol.
293 2777 320 2815 Ι.
352 2789 437 2829 pag.
469 2777 559 2816 1429.

146 2838 410 2888 QUlRlCUS,
453 2841 677 2890 Episcopus
724 2841 1057 2888 Barcinonensis,

93 2901 228 2940 seculo
258 2902 340 2940 Vll.
371 2900 510 2940 medio.
533 2901 631 2950 Ejus
655 2900 855 2952 Epistolae
880 2901 983 2940 duae
1007 2901 1055 2941 ad

91 2962 409 3013 llildephonsum
455 2963 691 3002 Toletanum
735 2962 864 3001 editae
911 2968 1006 3001 sunt
1037 2975 1058 3002 a

91 3023 283 3063 Dacherio
308 3024 444 3074 Spicil.
475 3028 502 3062 t.
534 3026 549 3062 I
579 3036 665 3074 pag.
697 3025 786 3063 308.
818 3025 910 3064 344.
940 3025 1059 3074 (edit.

91 3096 218 3124 novae
248 3090 344 3123 tom.
374 3085 425 3123 Ill
452 3096 537 3135 pag.
565 3086 655 3124 344.
686 3086 806 3135 345.)
831 3088 988 3134 Tertia,
1009 3086 1057 3125 ad

91 3147 277 3196 'sajonem
310 3147 581 3196 responsoria,
612 3148 678 3195 qui
713 3147 783 3196 ipsi
829 3148 1058 3186 Sententias

93 3219 141 3247 ex
173 3208 362 3258 Gregorio
392 3207 672 3254 dedicaverat,
704 3212 836 3246 exstat
879 3219 938 3258 ap.
984 3210 1061 3247 Ma-

91 3270 298 3309 billonium
329 3269 509 3309 Analect.
537 3273 630 3306 tom.
663 3269 694 3307 ll
728 3280 813 3319 pag.
844 3269 906 3307 76.
939 3269 1056 3314 (edit.

92 3343 218 3369 novae
252 3344 335 3382 pag.
370 3332 459 3378 64.)

2014 239 2092 278 329

1177 308 1418 355 QUlRlCUS
1457 307 1515 347 De
1559 309 1754 360 Auyusti,
1798 310 1839 347 V.
1894 309 2010 348 Joan.
2047 310 2102 348 De

1127 368 1290 408 Manliz's
1322 371 1361 407 in
1392 369 1540 408 Indice.

1176 430 1608 480 QUODVULTDEUS,
1634 444 1778 472 nornen
1801 433 1994 472 Bernonis
2014 431 2096 471 Au-

1124 494 1273 544 giensis
1317 493 1394 532 huc
1434 504 1562 544 usque
1594 495 1870 545 incognitum,
1901 494 2005 544 quod
2039 495 2100 532 in-

1127 554 1232 594 dicat
1261 555 1509 594 Mabillonius
1538 556 1718 595 Analect.
1749 568 1833 607 pag.
1861 557 1924 596 32.
1955 558 2022 607 qui
2045 559 2098 595 si-

1129 617 1211 656 mul
1242 618 1330 665 eJ'us
1355 616 1554 668 Epistolas
1576 618 1617 655 ia
1639 629 1787 657 caussa
1811 619 1997 657 Formosa·
2015 619 2095 658 Pa-

1123 690 1203 730 pae
1232 678 1436 730 publicare
1467 679 1650 727 volebat,
1685 682 1757 718 nisi
1789 681 1982 720 Volumen
2019 680 2102 731 jam

1132 742 1168 778 in
1201 752 1316 780 suam
1351 741 1495 778 molem
1526 744 1791 779 excrevisset.

1186 802 1607 848 QUODVULTDEUS.

1186 863 1386 916 Epz‘stolae
1408 863 1677 910 Quodvultdei
1705 865 1863 903 Diaconi
1889 863 1944 903 ad
1968 864 2104 915 Anqu-

1133 926 1307 973 scz'num,
1338 930 1378 964 et
1408 925 1529 976 hujus
1560 925 1608 964 ad
1639 925 1777 974 illum,
1807 926 1914 965 MSS.
1939 928 1975 964 in
2002 927 2099 965 Bibl.

1137 992 1306 1026 monast.
1329 989 1368 1027 S.
1389 989 1542 1027 Martini
1574 988 1847 1036 Turonensis,
1874 992 1977 1026 teste
2002 988 2094 1026 Ant.

1137 1051 1314 1089 Sandero
1343 1051 1441 1089 Bibl.
1473 1051 1628 1100 Belgica
1658 1051 1767 1089 MSS.
1797 1051 1825 1089 1.
1856 1063 1893 1101 p.
1924 1051 1987 1089 96.
2021 1051 2103 1089 Una

1136 1124 1212 1162 qua
1243 1114 1368 1163 petit,
1399 1117 1444 1151 ut
1473 1112 1727 1163 Augustinus
1772 1113 1994 1151 llaereseon
2026 1112 2103 1150 Ca-

1137 1175 1312 1225 talogum
1332 1174 1546 1221 describat,
1570 1174 1738 1212 habetur
1757 1178 1851 1212 ante
1874 1173 1968 1213 illud
1989 1173 2102 1224 Opus

1137 1236 1366 1287 Augustini.

1338 1355 1624 1424 LIBER
1674 1360 1902 1427 XVII.

1194 1503 1467 1580 RABANUS
1490 1541 1723 1590 MAURUS,
1747 1542 1997 1592 Maynentius
2014 1543 2107 1582 dici-

1138 1606 1204 1641 tur
1235 1603 1296 1641 vel
1328 1614 1350 1641 a
1381 1604 1505 1653 stirpe
1550 1604 1770 1653 gentilitia,
1808 1604 1872 1642 vel
1915 1616 1937 1642 a
1981 1605 2108 1655 patria

1135 1665 1429 1714 Moguntincnsi
1473 1676 1505 1703 s.
1548 1667 1798 1716 Magentina,
1830 1671 1874 1705 ut
1905 1667 1993 1705 vult
2023 1667 2108 1705 Tri-

1137 1726 1343 1774 themius,
1373 1731 1414 1765 et
1442 1733 1531 1777 post
1553 1727 1661 1766 hunc
1681 1728 1757 1766 alii.
1785 1728 1931 1767 Mauri
1957 1739 2103 1767 nomen

1136 1790 1236 1838 ipsi,
1267 1801 1360 1828 cum
1404 1791 1512 1827 Prior
1556 1794 1689 1838 esset,
1721 1789 1869 1840 adJecit
1911 1790 2108 1831 Alcuinus

1135 1853 1399 1902 Praeceptor,
1431 1855 1547 1901 prout
1578 1852 1662 1902 ipse
1693 1851 1809 1891 docet
1855 1854 1894 1890 in
1916 1853 2107 1902 'pi-aefat.

1136 1912 1184 1952 ad
1215 1913 1442 1952 Comment.
1468 1914 1505 1950 in
1527 1913 1648 1951 libros
1672 1914 1849 1963 Regum,
1875 1918 1916 1952 et
1945 1913 2107 1964 quidem

1138 1976 1176 2013 in
1208 1975 1399 2013 honorem
1431 1976 1471 2014 S.
1502 1976 1645 2022 Mauri,
1675 1975 1782 2025 quod
1813 1987 1957 2014 nomen
2004 1976 2108 2014 inter

1135 2037 1418 2075 Benedictinos
1450 2049 1527 2075 non
1559 2041 1622 2075 est
1653 2037 1865 2075 incelebre.

1191 2099 1316 2137 Natus
1347 2099 1422 2137 fuit
1451 2110 1485 2137 a.
1519 2098 1609 2137 785.
1640 2099 1891 2148 Moguntiae‚
1921 2098 2112 2149 quicquid

1137 2161 1200 2199 alii
1230 2164 1369 2198 contra
1400 2159 1589 2208 tradant,
1620 2164 1724 2199 teste
1753 2160 1964 2211 Epitaphio
1994 2162 2111 2210 cujus

1136 2222 1235 2261 haec
1265 2222 1388 2260 verba
1413 2226 1523 2260 sunt.

1150 2301 1234 2332 Urbe
1242 2302 1379 2341 quidem
1395 2300 1457 2332 hac
1467 2302 1600 2341 genitus
1616 2309 1703 2339 sum,
1719 2309 1758 2332 ac
1770 2308 1866 2333 sacro
1878 2300 1969 2332 sonte
1978 2305 2114 2333 renatus

1154 2352 1190 2380 ln
1215 2349 1330 2382 Fulda.

1137 2409 1285 2448 Illustri
1310 2420 1456 2460 genere
1486 2409 1558 2448 fuit
1581 2412 1711 2456 ortus,
1737 2412 1854 2459 prout
1878 2409 1961 2458 ipse
1987 2412 2110 2446 testa-

1134 2475 1200 2509 tur
1240 2472 1277 2508 in
1320 2471 1532 2521 Epitaphio
1572 2469 1704 2509 Tutini
1740 2471 1893 2517 fratris,
1942 2469 2006 2508 ubi
2050 2471 2108 2508 sic

1139 2532 1328 2571 habetur.-

1150 2601 1222 2632 Alte
1247 2602 1415 2633 clarorum
1440 2603 1498 2641 qui
1523 2605 1622 2632 natus
1647 2603 1752 2641 stirpe
1776 2604 1978 2640 parentum,

1149 2652 1238 2681 More
1260 2652 1353 2681 omni
1378 2658 1531 2690 proceres
1553 2652 1788 2689 aequiparavit
1825 2658 1916 2682 avos.

1134 2718 1338 2755 Novennis
1369 2728 1514 2755 nomen
1546 2717 1658 2755 dedit
1689 2718 1860 2756 familiae
1886 2718 2107 2758 Benedicti-

1136 2790 1209 2817 nae
1241 2780 1277 2816 in
1310 2780 1552 2817 monasterio
1578 2779 1781 2818 Fuldensi.
1804 2779 2018 2818 Alcuinum
2036 2780 2104 2819 ha-

1133 2841 1218 2879 buit
1258 2844 1584 2891 praeceptorem,
1616 2845 1719 2880 teste
1750 2841 1964 2880 Flodoardo
2008 2843 2105 2880 Hist.

1131 2903 1238 2941 Eccl.
1272 2902 1455 2940 steinensi
1488 2903 1551 2941 111.
1583 2902 1646 2941 21.
1677 2907 1717 2941 et
1746 2903 1907 2953 quidem
1930 2904 2100 2942 Turonis

1134 2965 1170 3002 in
1202 2965 1443 3003 monasterio
1473 2964 1511 3003 S.
1543 2965 1720 3011 Martini,
1755 2969 1797 3003 ut
1828 2965 1966 3014 probat
1998 2966 2100 3004 Hen-

1133 3026 1325 3064 schenius
1351 3039 1388 3064 n.
1415 3018 1662 3065 itjlnterim
1692 3026 1777 3064 fuse
1802 3026 1850 3064 de
1877 3026 1948 3064 hoc
1966 3027 2103 3078 dispu-

1133 3093 1191 3126 tat
1221 3089 1367 3127 Caesar
1396 3088 1589 3137 Egnssius
1618 3087 1791 3126 Bulaeus
1816 3090 1851 3125 in
1879 3089 1978 3127 Hist.
2002 3090 2101 3129 Aca-

1132 3149 1287 3187 demiae
1333 3150 1530 3187 Parisinac
1575 3153 1669 3185 tom.
1703 3150 1715 3186 4
1754 3160 1839 3198 pag.
1872 3150 1963 3188 630.
2007 3151 2096 3191 634.

1134 3210 1302 3248 ,iuvenis
1334 3211 1369 3247 in
1400 3209 1604 3247 Orientem
1636 3210 1838 3258 profectus
1863 3216 1950 3259 est,
1981 3212 2098 3263 cujus

1136 3272 1188 3309 rei
1220 3272 1326 3309 vitae
1348 3272 1452 3309 illius
1473 3271 1695 3320 Scriptores
1726 3283 1802 3310 non
1829 3275 2100 3313 meminerunt

1138 3335 1218 3381 ipsc
1252 3343 1344 3370 vcro
1377 3333 1412 3369 in
1447 3331 1588 3369 librum
1619 3332 1763 3372 Josuue
1788 3344 1872 3384 cap.
1900 3336 1966 3373 xl.
1989 3337 2023 3374 8.
2043 3338 2098 3375 sic

1719 3418 1731 3452 vi
1744 3416 1792 3453 03
