<?xml version="1.0" encoding="UTF-8"?>
<!DOCTYPE html PUBLIC "-//W3C//DTD XHTML 1.0 Transitional//EN"
    "http://www.w3.org/TR/xhtml1/DTD/xhtml1-transitional.dtd">
<html xmlns="http://www.w3.org/1999/xhtml" xml:lang="en" lang="en">
 <head>
  <title>
</title>
<meta http-equiv="Content-Type" content="text/html;charset=utf-8" />
  <meta name='ocr-system' content='tesseract 3.04.00' />
  <meta name='ocr-capabilities' content='ocr_page ocr_carea ocr_par ocr_line ocrx_word'/>
</head>
<body>
  <div class='ocr_page' id='page_1' title='image "./bibliothecalatin05fabruoft/bibliothecalatin05fabruoft_0400.png"; bbox 0 0 2533 4009; ppageno 0'>
   <div class='ocr_carea' id='block_1_1' title="bbox 463 228 1435 3341">
    <p class='ocr_par' dir='ltr' id='par_1_1' title="bbox 463 228 1435 3341">
     <span class='ocr_line' id='line_1_1' title="bbox 464 228 540 268; baseline 0.013 -2"><span class='ocrx_word' id='word_1_1' title='bbox 464 228 540 268; x_wconf 68' lang='lat'>39¹·</span> 
     </span>
     <span class='ocr_line' id='line_1_2' title="bbox 463 282 1420 336; baseline -0.016 -3"><span class='ocrx_word' id='word_1_2' title='bbox 463 292 774 336; x_wconf 72' lang='lat' dir='ltr'>nucio&#39;l&#39;bessalo</span> <span class='ocrx_word' id='word_1_3' title='bbox 793 287 980 336; x_wconf 70' lang='lat' dir='ltr'>tribuitur</span> <span class='ocrx_word' id='word_1_4' title='bbox 1008 293 1083 320; x_wconf 86' lang='lat' dir='ltr'>non</span> <span class='ocrx_word' id='word_1_5' title='bbox 1114 282 1420 332; x_wconf 60' lang='lat' dir='ltr'>aliiquainitla—</span> 
     </span>
     <span class='ocr_line' id='line_1_3' title="bbox 463 343 1420 395; baseline -0.018 1"><span class='ocrx_word' id='word_1_6' title='bbox 463 367 607 395; x_wconf 86' lang='lat' dir='ltr'>manno</span> <span class='ocrx_word' id='word_1_7' title='bbox 633 356 765 390; x_wconf 84' lang='lat' dir='ltr'>nostro</span> <span class='ocrx_word' id='word_1_8' title='bbox 795 344 1032 390; x_wconf 50' lang='lat' dir='ltr'>tribuendam,</span> <span class='ocrx_word' id='word_1_9' title='bbox 1059 347 1099 380; x_wconf 90' lang='lat' dir='ltr'>at</span> <span class='ocrx_word' id='word_1_10' title='bbox 1127 343 1212 392; x_wconf 85' lang='lat' dir='ltr'>cod.</span> <span class='ocrx_word' id='word_1_11' title='bbox 1261 343 1420 380; x_wconf 85' lang='lat' dir='ltr'>Vatica-</span> 
     </span>
     <span class='ocr_line' id='line_1_4' title="bbox 466 401 1420 457; baseline -0.017 -2"><span class='ocrx_word' id='word_1_12' title='bbox 466 428 541 457; x_wconf 88' lang='lat' dir='ltr'>nus</span> <span class='ocrx_word' id='word_1_13' title='bbox 571 414 683 453; x_wconf 59' lang='lat'>3943.</span> <span class='ocrx_word' id='word_1_14' title='bbox 723 419 813 446; x_wconf 78' lang='lat' dir='ltr'>csse</span> <span class='ocrx_word' id='word_1_15' title='bbox 852 417 873 444; x_wconf 88' lang='lat' dir='ltr'>a</span> <span class='ocrx_word' id='word_1_16' title='bbox 913 404 1194 443; x_wconf 72' lang='lat' dir='ltr'>FRANCISCO</span> <span class='ocrx_word' id='word_1_17' title='bbox 1227 401 1420 441; x_wconf 83' lang='lat' dir='ltr'>Rinuccio</span> 
     </span>
     <span class='ocr_line' id='line_1_5' title="bbox 464 464 1390 517; baseline -0.017 0"><span class='ocrx_word' id='word_1_18' title='bbox 464 480 624 517; x_wconf 77' lang='lat' dir='ltr'>Aretino</span> <span class='ocrx_word' id='word_1_19' title='bbox 647 484 708 509; x_wconf 84' lang='lat' dir='ltr'>an.</span> <span class='ocrx_word' id='word_1_20' title='bbox 738 470 854 507; x_wconf 52' lang='grc'><strong>1431.</strong></span> <span class='ocrx_word' id='word_1_21' title='bbox 871 467 1141 516; x_wconf 76' lang='lat' dir='ltr'>conscriptam</span> <span class='ocrx_word' id='word_1_22' title='bbox 1167 464 1390 509; x_wconf 74' lang='lat' dir='ltr'><strong>ostendit.)</strong></span> 
     </span>
     <span class='ocr_line' id='line_1_6' title="bbox 514 527 1421 576; baseline -0.012 -3"><span class='ocrx_word' id='word_1_23' title='bbox 514 537 682 573; x_wconf 78' lang='lat' dir='ltr'>loannes</span> <span class='ocrx_word' id='word_1_24' title='bbox 711 530 758 568; x_wconf 85' lang='lat' dir='ltr'>de</span> <span class='ocrx_word' id='word_1_25' title='bbox 790 528 902 566; x_wconf 70' lang='lat' dir='ltr'>llIPA</span> <span class='ocrx_word' id='word_1_26' title='bbox 929 556 936 571; x_wconf 79' lang='grc'>,</span> <span class='ocrx_word' id='word_1_27' title='bbox 969 528 1102 565; x_wconf 81' lang='lat' dir='ltr'>nescio</span> <span class='ocrx_word' id='word_1_28' title='bbox 1133 528 1252 576; x_wconf 84' lang='lat' dir='ltr'>quis,</span> <span class='ocrx_word' id='word_1_29' title='bbox 1299 527 1421 575; x_wconf 92' lang='lat' dir='ltr'>scrip-</span> 
     </span>
     <span class='ocr_line' id='line_1_7' title="bbox 464 586 1420 645; baseline -0.014 -10"><span class='ocrx_word' id='word_1_30' title='bbox 464 600 514 636; x_wconf 88' lang='lat' dir='ltr'>sit</span> <span class='ocrx_word' id='word_1_31' title='bbox 536 591 830 645; x_wconf 61' lang='lat' dir='ltr'>Explicationes</span> <span class='ocrx_word' id='word_1_32' title='bbox 854 589 892 626; x_wconf 76' lang='lat' dir='ltr'>in</span> <span class='ocrx_word' id='word_1_33' title='bbox 907 587 1091 639; x_wconf 86' lang='lat' dir='ltr'>primum</span> <span class='ocrx_word' id='word_1_34' title='bbox 1112 586 1420 634; x_wconf 80' lang='lat' dir='ltr'><em>Sententiarum,</em></span> 
     </span>
     <span class='ocr_line' id='line_1_8' title="bbox 463 648 1420 707; baseline -0.011 -11"><span class='ocrx_word' id='word_1_35' title='bbox 463 653 575 707; x_wconf 58' lang='lat' dir='ltr'>quas</span> <span class='ocrx_word' id='word_1_36' title='bbox 593 654 737 693; x_wconf 87' lang='lat' dir='ltr'>Paulus</span> <span class='ocrx_word' id='word_1_37' title='bbox 766 651 815 689; x_wconf 84' lang='lat' dir='ltr'>de</span> <span class='ocrx_word' id='word_1_38' title='bbox 845 651 1023 688; x_wconf 82' lang='lat' dir='ltr'>Venetiis</span> <span class='ocrx_word' id='word_1_39' title='bbox 1053 651 1090 688; x_wconf 93' lang='lat' dir='ltr'>in</span> <span class='ocrx_word' id='word_1_40' title='bbox 1129 648 1420 700; x_wconf 81' lang='lat' dir='ltr'>compendium</span> 
     </span>
     <span class='ocr_line' id='line_1_9' title="bbox 465 711 1379 766; baseline -0.011 -9"><span class='ocrx_word' id='word_1_41' title='bbox 465 718 626 766; x_wconf 71' lang='lat' dir='ltr'>redegit.</span> <span class='ocrx_word' id='word_1_42' title='bbox 653 713 748 752; x_wconf 67' lang='lat' dir='ltr'>vide</span> <span class='ocrx_word' id='word_1_43' title='bbox 765 712 954 751; x_wconf 83' lang='lat' dir='ltr'>Nostrum</span> <span class='ocrx_word' id='word_1_44' title='bbox 975 723 1096 762; x_wconf 89' lang='lat' dir='ltr'>supra</span> <span class='ocrx_word' id='word_1_45' title='bbox 1111 716 1137 750; x_wconf 89' lang='lat' dir='ltr'>t.</span> <span class='ocrx_word' id='word_1_46' title='bbox 1159 713 1203 749; x_wconf 83' lang='lat' dir='ltr'>V.</span> <span class='ocrx_word' id='word_1_47' title='bbox 1226 723 1261 761; x_wconf 88' lang='lat' dir='ltr'>p.</span> <span class='ocrx_word' id='word_1_48' title='bbox 1287 711 1379 749; x_wconf 69' lang='lat'>209.</span> 
     </span>
     <span class='ocr_line' id='line_1_10' title="bbox 516 773 1420 822; baseline -0.01 -4"><span class='ocrx_word' id='word_1_49' title='bbox 516 776 708 818; x_wconf 74' lang='lat' dir='ltr'>Antonius</span> <span class='ocrx_word' id='word_1_50' title='bbox 755 774 801 813; x_wconf 85' lang='lat' dir='ltr'>de</span> <span class='ocrx_word' id='word_1_51' title='bbox 847 773 1090 822; x_wconf 74' lang='lat' dir='ltr'>RlpALTA,</span> <span class='ocrx_word' id='word_1_52' title='bbox 1138 774 1420 819; x_wconf 79' lang='lat' dir='ltr'>Placentinus,</span> 
     </span>
     <span class='ocr_line' id='line_1_11' title="bbox 465 833 1414 889; baseline -0.011 -9"><span class='ocrx_word' id='word_1_53' title='bbox 465 841 623 889; x_wconf 82' lang='lat' dir='ltr'>scripsit</span> <span class='ocrx_word' id='word_1_54' title='bbox 653 835 826 875; x_wconf 79' lang='lat' dir='ltr'>Annales</span> <span class='ocrx_word' id='word_1_55' title='bbox 847 834 1096 873; x_wconf 72' lang='lat' dir='ltr'>Placentinos</span> <span class='ocrx_word' id='word_1_56' title='bbox 1120 835 1169 873; x_wconf 90' lang='lat' dir='ltr'>ab</span> <span class='ocrx_word' id='word_1_57' title='bbox 1193 844 1299 872; x_wconf 89' lang='lat' dir='ltr'>anno</span> <span class='ocrx_word' id='word_1_58' title='bbox 1319 833 1414 871; x_wconf 69' lang='lat'>⁴40⁴</span> 
     </span>
     <span class='ocr_line' id='line_1_12' title="bbox 465 896 1422 952; baseline -0.011 -10"><span class='ocrx_word' id='word_1_59' title='bbox 465 912 592 952; x_wconf 86' lang='lat' dir='ltr'>usque</span> <span class='ocrx_word' id='word_1_60' title='bbox 622 898 670 938; x_wconf 90' lang='lat' dir='ltr'>ad</span> <span class='ocrx_word' id='word_1_61' title='bbox 704 899 817 937; x_wconf 68' lang='lat'>⁴463.</span> <span class='ocrx_word' id='word_1_62' title='bbox 850 908 928 947; x_wconf 87' lang='lat' dir='ltr'>quo</span> <span class='ocrx_word' id='word_1_63' title='bbox 958 908 1022 935; x_wconf 89' lang='lat' dir='ltr'>an.</span> <span class='ocrx_word' id='word_1_64' title='bbox 1050 896 1154 933; x_wconf 80' lang='lat' dir='ltr'>diem</span> <span class='ocrx_word' id='word_1_65' title='bbox 1187 904 1422 944; x_wconf 87' lang='lat' dir='ltr'>supremum</span> 
     </span>
     <span class='ocr_line' id='line_1_13' title="bbox 463 956 1421 1009; baseline -0.009 -8"><span class='ocrx_word' id='word_1_66' title='bbox 463 965 583 1009; x_wconf 85' lang='lat' dir='ltr'>obiit,</span> <span class='ocrx_word' id='word_1_67' title='bbox 614 961 743 1000; x_wconf 77' lang='lat' dir='ltr'>editos</span> <span class='ocrx_word' id='word_1_68' title='bbox 774 972 794 998; x_wconf 83' lang='lat' dir='ltr'>a</span> <span class='ocrx_word' id='word_1_69' title='bbox 825 959 1036 998; x_wconf 80' lang='lat' dir='ltr'>Muratorio</span> <span class='ocrx_word' id='word_1_70' title='bbox 1067 958 1104 996; x_wconf 88' lang='lat' dir='ltr'>S.</span> <span class='ocrx_word' id='word_1_71' title='bbox 1136 958 1179 995; x_wconf 88' lang='lat' dir='ltr'>R.</span> <span class='ocrx_word' id='word_1_72' title='bbox 1209 956 1296 994; x_wconf 90' lang='lat' dir='ltr'>ltal.</span> <span class='ocrx_word' id='word_1_73' title='bbox 1326 960 1421 992; x_wconf 88' lang='lat' dir='ltr'>tom.</span> 
     </span>
     <span class='ocr_line' id='line_1_14' title="bbox 463 1015 1423 1075; baseline -0.013 -10"><span class='ocrx_word' id='word_1_74' title='bbox 463 1026 536 1065; x_wconf 79' lang='lat' dir='ltr'>XX</span> <span class='ocrx_word' id='word_1_75' title='bbox 570 1036 655 1075; x_wconf 81' lang='lat' dir='ltr'>pag.</span> <span class='ocrx_word' id='word_1_76' title='bbox 688 1024 778 1060; x_wconf 80' lang='lat'>865.</span> <span class='ocrx_word' id='word_1_77' title='bbox 811 1022 980 1070; x_wconf 77' lang='lat' dir='ltr'>Scripsit</span> <span class='ocrx_word' id='word_1_78' title='bbox 1011 1020 1103 1056; x_wconf 84' lang='lat' dir='ltr'>item</span> <span class='ocrx_word' id='word_1_79' title='bbox 1152 1015 1353 1068; x_wconf 77' lang='lat' dir='ltr'>Epistolas</span> <span class='ocrx_word' id='word_1_80' title='bbox 1384 1020 1423 1053; x_wconf 82' lang='lat' dir='ltr'>ct</span> 
     </span>
     <span class='ocr_line' id='line_1_15' title="bbox 465 1078 1407 1132; baseline -0.01 -8"><span class='ocrx_word' id='word_1_81' title='bbox 465 1086 685 1130; x_wconf 57' lang='lat' dir='ltr'>‹flav-mina,</span> <span class='ocrx_word' id='word_1_82' title='bbox 716 1083 785 1121; x_wconf 80' lang='lat' dir='ltr'>sed</span> <span class='ocrx_word' id='word_1_83' title='bbox 817 1094 921 1132; x_wconf 86' lang='lat' dir='ltr'>quae</span> <span class='ocrx_word' id='word_1_84' title='bbox 953 1080 1130 1119; x_wconf 87' lang='lat' dir='ltr'>nondum</span> <span class='ocrx_word' id='word_1_85' title='bbox 1162 1078 1267 1117; x_wconf 90' lang='lat' dir='ltr'>edita</span> <span class='ocrx_word' id='word_1_86' title='bbox 1299 1081 1407 1116; x_wconf 86' lang='lat' dir='ltr'>sunt.</span> 
     </span>
     <span class='ocr_line' id='line_1_16' title="bbox 520 1140 1425 1190; baseline -0.009 -5"><span class='ocrx_word' id='word_1_87' title='bbox 520 1146 708 1185; x_wconf 84' lang='lat' dir='ltr'>Albertus</span> <span class='ocrx_word' id='word_1_88' title='bbox 739 1144 786 1182; x_wconf 82' lang='lat' dir='ltr'>de</span> <span class='ocrx_word' id='word_1_89' title='bbox 814 1143 1059 1190; x_wconf 78' lang='lat' dir='ltr'>RlPALTA,</span> <span class='ocrx_word' id='word_1_90' title='bbox 1091 1141 1250 1179; x_wconf 83' lang='lat' dir='ltr'>Antonii</span> <span class='ocrx_word' id='word_1_91' title='bbox 1295 1140 1425 1187; x_wconf 84' lang='lat' dir='ltr'>filius,</span> 
     </span>
     <span class='ocr_line' id='line_1_17' title="bbox 464 1202 1430 1260; baseline -0.01 -12"><span class='ocrx_word' id='word_1_92' title='bbox 464 1222 500 1248; x_wconf 81' lang='lat' dir='ltr'>in</span> <span class='ocrx_word' id='word_1_93' title='bbox 532 1210 685 1260; x_wconf 77' lang='lat' dir='ltr'>patria⁷</span> <span class='ocrx_word' id='word_1_94' title='bbox 717 1207 910 1252; x_wconf 78' lang='lat' dir='ltr'>Taurini,</span> <span class='ocrx_word' id='word_1_95' title='bbox 941 1205 1146 1243; x_wconf 89' lang='lat' dir='ltr'>Ferrariae</span> <span class='ocrx_word' id='word_1_96' title='bbox 1167 1208 1203 1240; x_wconf 80' lang='lat' dir='ltr'>et</span> <span class='ocrx_word' id='word_1_97' title='bbox 1229 1202 1430 1241; x_wconf 75' lang='lat' dir='ltr'>Bononiae</span> 
     </span>
     <span class='ocr_line' id='line_1_18' title="bbox 464 1264 1425 1320; baseline -0.009 -11"><span class='ocrx_word' id='word_1_98' title='bbox 464 1272 589 1310; x_wconf 87' lang='lat' dir='ltr'>literis</span> <span class='ocrx_word' id='word_1_99' title='bbox 617 1279 777 1320; x_wconf 87' lang='lat' dir='ltr'>operam</span> <span class='ocrx_word' id='word_1_100' title='bbox 809 1266 945 1314; x_wconf 74' lang='lat' dir='ltr'>dedit,</span> <span class='ocrx_word' id='word_1_101' title='bbox 978 1264 1425 1314; x_wconf 27' lang='lat' dir='ltr'>memoria-felicissima</span> 
     </span>
     <span class='ocr_line' id='line_1_19' title="bbox 465 1325 1427 1379; baseline -0.011 -7"><span class='ocrx_word' id='word_1_102' title='bbox 465 1344 564 1372; x_wconf 88' lang='lat' dir='ltr'>usus</span> <span class='ocrx_word' id='word_1_103' title='bbox 594 1335 681 1377; x_wconf 87' lang='lat' dir='ltr'>est,</span> <span class='ocrx_word' id='word_1_104' title='bbox 714 1334 757 1368; x_wconf 88' lang='lat' dir='ltr'>ut</span> <span class='ocrx_word' id='word_1_105' title='bbox 788 1330 871 1379; x_wconf 88' lang='lat' dir='ltr'>ipse</span> <span class='ocrx_word' id='word_1_106' title='bbox 903 1328 999 1366; x_wconf 82' lang='lat' dir='ltr'>haec</span> <span class='ocrx_word' id='word_1_107' title='bbox 1030 1331 1069 1364; x_wconf 89' lang='lat' dir='ltr'>et</span> <span class='ocrx_word' id='word_1_108' title='bbox 1096 1326 1169 1364; x_wconf 88' lang='lat' dir='ltr'>alia</span> <span class='ocrx_word' id='word_1_109' title='bbox 1196 1325 1245 1363; x_wconf 87' lang='lat' dir='ltr'>de</span> <span class='ocrx_word' id='word_1_110' title='bbox 1271 1335 1314 1363; x_wconf 85' lang='lat' dir='ltr'>se</span> <span class='ocrx_word' id='word_1_111' title='bbox 1339 1336 1427 1362; x_wconf 91' lang='lat' dir='ltr'>nar-</span> 
     </span>
     <span class='ocr_line' id='line_1_20' title="bbox 466 1385 1426 1433; baseline -0.01 0"><span class='ocrx_word' id='word_1_112' title='bbox 466 1399 527 1433; x_wconf 87' lang='lat' dir='ltr'>rat</span> <span class='ocrx_word' id='word_1_113' title='bbox 558 1393 633 1433; x_wconf 91' lang='lat' dir='ltr'>sub</span> <span class='ocrx_word' id='word_1_114' title='bbox 665 1392 820 1430; x_wconf 86' lang='lat' dir='ltr'>initium</span> <span class='ocrx_word' id='word_1_115' title='bbox 857 1387 1174 1429; x_wconf 74' lang='lat' dir='ltr'>continuationis</span> <span class='ocrx_word' id='word_1_116' title='bbox 1207 1385 1426 1425; x_wconf 78' lang='lat' dir='ltr'>Annalium</span> 
     </span>
     <span class='ocr_line' id='line_1_21' title="bbox 467 1449 1429 1495; baseline -0.009 0"><span class='ocrx_word' id='word_1_117' title='bbox 467 1455 794 1495; x_wconf 78' lang='lat' dir='ltr'>Placentinorum</span> <span class='ocrx_word' id='word_1_118' title='bbox 824 1451 872 1490; x_wconf 79' lang='lat' dir='ltr'>ab</span> <span class='ocrx_word' id='word_1_119' title='bbox 901 1462 935 1489; x_wconf 89' lang='lat' dir='ltr'>a.</span> <span class='ocrx_word' id='word_1_120' title='bbox 967 1451 1082 1489; x_wconf 72' lang='lat'>⁴465.</span> <span class='ocrx_word' id='word_1_121' title='bbox 1116 1450 1234 1489; x_wconf 73' lang='lat'>4485.</span> <span class='ocrx_word' id='word_1_122' title='bbox 1281 1449 1330 1487; x_wconf 86' lang='lat' dir='ltr'>ab</span> <span class='ocrx_word' id='word_1_123' title='bbox 1365 1459 1429 1486; x_wconf 92' lang='lat' dir='ltr'>eo-</span> 
     </span>
     <span class='ocr_line' id='line_1_22' title="bbox 467 1512 1427 1564; baseline -0.01 -8"><span class='ocrx_word' id='word_1_124' title='bbox 467 1518 558 1556; x_wconf 82' lang='lat' dir='ltr'>dem</span> <span class='ocrx_word' id='word_1_125' title='bbox 590 1515 801 1555; x_wconf 85' lang='lat' dir='ltr'>Muratorio</span> <span class='ocrx_word' id='word_1_126' title='bbox 831 1524 917 1564; x_wconf 76' lang='lat' dir='ltr'>pag.</span> <span class='ocrx_word' id='word_1_127' title='bbox 949 1513 1038 1551; x_wconf 75' lang='lat'>943.</span> <span class='ocrx_word' id='word_1_128' title='bbox 1070 1512 1214 1550; x_wconf 77' lang='lat' dir='ltr'>editae.</span> <span class='ocrx_word' id='word_1_129' title='bbox 1244 1512 1427 1560; x_wconf 57' lang='lat' dir='ltr'>{Scripsit</span> 
     </span>
     <span class='ocr_line' id='line_1_23' title="bbox 465 1570 1428 1629; baseline -0.009 -12"><span class='ocrx_word' id='word_1_130' title='bbox 465 1583 670 1629; x_wconf 79' lang='lat' dir='ltr'>praeterea</span> <span class='ocrx_word' id='word_1_131' title='bbox 711 1576 885 1615; x_wconf 86' lang='lat' dir='ltr'>Carmen</span> <span class='ocrx_word' id='word_1_132' title='bbox 927 1572 973 1611; x_wconf 80' lang='lat' dir='ltr'>cle</span> <span class='ocrx_word' id='word_1_133' title='bbox 1016 1571 1218 1610; x_wconf 86' lang='lat' dir='ltr'>nobilitate</span> <span class='ocrx_word' id='word_1_134' title='bbox 1246 1570 1428 1623; x_wconf 83' lang='lat' dir='ltr'>familiae</span> 
     </span>
     <span class='ocr_line' id='line_1_24' title="bbox 469 1632 1428 1691; baseline -0.007 -14"><span class='ocrx_word' id='word_1_135' title='bbox 469 1640 516 1677; x_wconf 82' lang='lat' dir='ltr'>de</span> <span class='ocrx_word' id='word_1_136' title='bbox 547 1638 723 1691; x_wconf 73' lang='lat' dir='ltr'>Ripalta‚</span> <span class='ocrx_word' id='word_1_137' title='bbox 747 1639 838 1675; x_wconf 85' lang='lat' dir='ltr'>item</span> <span class='ocrx_word' id='word_1_138' title='bbox 868 1635 1061 1675; x_wconf 81' lang='lat' dir='ltr'>Carmina</span> <span class='ocrx_word' id='word_1_139' title='bbox 1093 1632 1200 1679; x_wconf 76' lang='lat' dir='ltr'>alia.</span> <span class='ocrx_word' id='word_1_140' title='bbox 1228 1634 1428 1684; x_wconf 82' lang='lat' dir='ltr'>Discepta-</span> 
     </span>
     <span class='ocr_line' id='line_1_25' title="bbox 467 1693 1426 1745; baseline -0.009 -6"><span class='ocrx_word' id='word_1_141' title='bbox 467 1704 606 1739; x_wconf 77' lang='lat' dir='ltr'>tionem</span> <span class='ocrx_word' id='word_1_142' title='bbox 637 1701 811 1737; x_wconf 81' lang='lat' dir='ltr'>Deorum</span> <span class='ocrx_word' id='word_1_143' title='bbox 830 1729 838 1744; x_wconf 86' lang='lat'><em>‚</em></span> <span class='ocrx_word' id='word_1_144' title='bbox 871 1695 1068 1735; x_wconf 76' lang='lat' dir='ltr'>Scientiae</span> <span class='ocrx_word' id='word_1_145' title='bbox 1099 1693 1237 1745; x_wconf 72' lang='lat' dir='ltr'>leyalis</span> <span class='ocrx_word' id='word_1_146' title='bbox 1267 1705 1302 1731; x_wconf 75' lang='lat' dir='ltr'>ee</span> <span class='ocrx_word' id='word_1_147' title='bbox 1334 1694 1426 1732; x_wconf 88' lang='lat' dir='ltr'>Mu-</span> 
     </span>
     <span class='ocr_line' id='line_1_26' title="bbox 466 1755 1430 1811; baseline -0.009 -10"><span class='ocrx_word' id='word_1_148' title='bbox 466 1774 618 1801; x_wconf 83' lang='lat' dir='ltr'>sarum.</span> <span class='ocrx_word' id='word_1_149' title='bbox 651 1760 846 1811; x_wconf 76' lang='lat' dir='ltr'>Olympos,</span> <span class='ocrx_word' id='word_1_150' title='bbox 865 1759 1036 1809; x_wconf 69' lang='lat' dir='ltr'>Hymnos</span> <span class='ocrx_word' id='word_1_151' title='bbox 1060 1756 1113 1794; x_wconf 84' lang='lat' dir='ltr'>ad</span> <span class='ocrx_word' id='word_1_152' title='bbox 1137 1756 1278 1794; x_wconf 84' lang='lat' dir='ltr'>Divam</span> <span class='ocrx_word' id='word_1_153' title='bbox 1305 1755 1430 1806; x_wconf 77' lang='lat' dir='ltr'>Viryi-</span> 
     </span>
     <span class='ocr_line' id='line_1_27' title="bbox 466 1818 1426 1874; baseline -0.006 -13"><span class='ocrx_word' id='word_1_154' title='bbox 466 1836 566 1871; x_wconf 78' lang='lat' dir='ltr'>nem,</span> <span class='ocrx_word' id='word_1_155' title='bbox 588 1822 786 1874; x_wconf 80' lang='lat' dir='ltr'>Epistolas</span> <span class='ocrx_word' id='word_1_156' title='bbox 804 1827 842 1858; x_wconf 80' lang='lat' dir='ltr'>ct</span> <span class='ocrx_word' id='word_1_157' title='bbox 865 1820 1073 1859; x_wconf 78' lang='lat' dir='ltr'>Orationes</span> <span class='ocrx_word' id='word_1_158' title='bbox 1090 1818 1243 1864; x_wconf 82' lang='lat' dir='ltr'>varias,</span> <span class='ocrx_word' id='word_1_159' title='bbox 1258 1829 1426 1867; x_wconf 85' lang='lat' dir='ltr'>quarum</span> 
     </span>
     <span class='ocr_line' id='line_1_28' title="bbox 466 1880 1362 1938; baseline -0.01 -13"><span class='ocrx_word' id='word_1_160' title='bbox 466 1885 660 1938; x_wconf 86' lang='lat' dir='ltr'>quasdam</span> <span class='ocrx_word' id='word_1_161' title='bbox 693 1883 916 1922; x_wconf 78' lang='lat' dir='ltr'>Annalibus</span> <span class='ocrx_word' id='word_1_162' title='bbox 947 1883 1117 1919; x_wconf 87' lang='lat' dir='ltr'>insertas</span> <span class='ocrx_word' id='word_1_163' title='bbox 1155 1880 1362 1918; x_wconf 87' lang='lat' dir='ltr'>habemus.</span> 
     </span>
     <span class='ocr_line' id='line_1_29' title="bbox 523 1941 1426 1990; baseline -0.009 -6"><span class='ocrx_word' id='word_1_164' title='bbox 523 1949 666 1985; x_wconf 85' lang='lat' dir='ltr'>Petrus</span> <span class='ocrx_word' id='word_1_165' title='bbox 691 1944 736 1982; x_wconf 79' lang='lat' dir='ltr'>de</span> <span class='ocrx_word' id='word_1_166' title='bbox 757 1943 984 1988; x_wconf 68' lang='lat' dir='ltr'>RWALTA,</span> <span class='ocrx_word' id='word_1_167' title='bbox 1010 1942 1277 1984; x_wconf 79' lang='lat' dir='ltr'>Placentinus,</span> <span class='ocrx_word' id='word_1_168' title='bbox 1304 1941 1426 1990; x_wconf 83' lang='lat' dir='ltr'>scrip-</span> 
     </span>
     <span class='ocr_line' id='line_1_30' title="bbox 471 2001 1425 2052; baseline -0.01 -5"><span class='ocrx_word' id='word_1_169' title='bbox 471 2011 523 2047; x_wconf 90' lang='lat' dir='ltr'>sit</span> <span class='ocrx_word' id='word_1_170' title='bbox 549 2006 765 2047; x_wconf 81' lang='lat' dir='ltr'>Historiam</span> <span class='ocrx_word' id='word_1_171' title='bbox 797 2003 904 2042; x_wconf 84' lang='lat' dir='ltr'>illius</span> <span class='ocrx_word' id='word_1_172' title='bbox 934 2001 1049 2041; x_wconf 84' lang='lat' dir='ltr'>urbis</span> <span class='ocrx_word' id='word_1_173' title='bbox 1079 2005 1115 2040; x_wconf 91' lang='lat' dir='ltr'>et</span> <span class='ocrx_word' id='word_1_174' title='bbox 1141 2001 1344 2052; x_wconf 68' lang='lat' dir='ltr'>reqionum</span> <span class='ocrx_word' id='word_1_175' title='bbox 1368 2001 1425 2039; x_wconf 80' lang='lat' dir='ltr'>vi-</span> 
     </span>
     <span class='ocr_line' id='line_1_31' title="bbox 468 2065 1424 2116; baseline -0.008 -9"><span class='ocrx_word' id='word_1_176' title='bbox 468 2070 678 2113; x_wconf 81' lang='lat' dir='ltr'>cinarum,</span> <span class='ocrx_word' id='word_1_177' title='bbox 710 2077 839 2116; x_wconf 82' lang='lat' dir='ltr'>usquc</span> <span class='ocrx_word' id='word_1_178' title='bbox 870 2065 916 2103; x_wconf 90' lang='lat' dir='ltr'>ad</span> <span class='ocrx_word' id='word_1_179' title='bbox 948 2075 981 2102; x_wconf 92' lang='lat' dir='ltr'>a.</span> <span class='ocrx_word' id='word_1_180' title='bbox 1030 2065 1144 2102; x_wconf 69' lang='lat'>4374.</span> <span class='ocrx_word' id='word_1_181' title='bbox 1190 2074 1269 2112; x_wconf 86' lang='lat' dir='ltr'>quo</span> <span class='ocrx_word' id='word_1_182' title='bbox 1312 2067 1424 2113; x_wconf 86' lang='lat' dir='ltr'>peste</span> 
     </span>
     <span class='ocr_line' id='line_1_32' title="bbox 468 2124 1424 2174; baseline -0.007 -6"><span class='ocrx_word' id='word_1_183' title='bbox 468 2130 575 2168; x_wconf 90' lang='lat' dir='ltr'>obiit.</span> <span class='ocrx_word' id='word_1_184' title='bbox 607 2129 706 2174; x_wconf 88' lang='lat' dir='ltr'>Quia</span> <span class='ocrx_word' id='word_1_185' title='bbox 736 2138 831 2164; x_wconf 84' lang='lat' dir='ltr'>vero</span> <span class='ocrx_word' id='word_1_186' title='bbox 861 2128 991 2164; x_wconf 88' lang='lat' dir='ltr'>omnia</span> <span class='ocrx_word' id='word_1_187' title='bbox 1036 2125 1124 2174; x_wconf 73' lang='lat' dir='ltr'>ejus</span> <span class='ocrx_word' id='word_1_188' title='bbox 1155 2127 1191 2162; x_wconf 90' lang='lat' dir='ltr'>in</span> <span class='ocrx_word' id='word_1_189' title='bbox 1224 2124 1424 2163; x_wconf 88' lang='lat' dir='ltr'>Chronico</span> 
     </span>
     <span class='ocr_line' id='line_1_33' title="bbox 466 2185 1426 2235; baseline -0.007 -5"><span class='ocrx_word' id='word_1_190' title='bbox 466 2192 693 2230; x_wconf 85' lang='lat' dir='ltr'>Placentino</span> <span class='ocrx_word' id='word_1_191' title='bbox 731 2190 789 2226; x_wconf 86' lang='lat' dir='ltr'>Jo.</span> <span class='ocrx_word' id='word_1_192' title='bbox 832 2187 952 2226; x_wconf 83' lang='lat' dir='ltr'>Mussi</span> <span class='ocrx_word' id='word_1_193' title='bbox 984 2190 1172 2233; x_wconf 80' lang='lat' dir='ltr'>exstant,</span> <span class='ocrx_word' id='word_1_194' title='bbox 1203 2185 1310 2235; x_wconf 84' lang='lat' dir='ltr'>quod</span> <span class='ocrx_word' id='word_1_195' title='bbox 1343 2187 1426 2223; x_wconf 89' lang='lat' dir='ltr'>Mu·</span> 
     </span>
     <span class='ocr_line' id='line_1_34' title="bbox 467 2246 1422 2297; baseline -0.006 -8"><span class='ocrx_word' id='word_1_196' title='bbox 467 2253 635 2290; x_wconf 88' lang='lat' dir='ltr'>ratorius</span> <span class='ocrx_word' id='word_1_197' title='bbox 678 2255 785 2287; x_wconf 86' lang='lat' dir='ltr'>tomo</span> <span class='ocrx_word' id='word_1_198' title='bbox 828 2248 916 2287; x_wconf 88' lang='lat' dir='ltr'>XVl</span> <span class='ocrx_word' id='word_1_199' title='bbox 952 2247 1034 2297; x_wconf 89' lang='lat' dir='ltr'>jam</span> <span class='ocrx_word' id='word_1_200' title='bbox 1079 2246 1283 2294; x_wconf 75' lang='lat' dir='ltr'>ediderat,</span> <span class='ocrx_word' id='word_1_201' title='bbox 1315 2247 1422 2286; x_wconf 86' lang='lat' dir='ltr'>etin</span> 
     </span>
     <span class='ocr_line' id='line_1_35' title="bbox 466 2309 1420 2362; baseline -0.005 -11"><span class='ocrx_word' id='word_1_202' title='bbox 466 2313 540 2351; x_wconf 86' lang='lat' dir='ltr'>hoc</span> <span class='ocrx_word' id='word_1_203' title='bbox 569 2310 764 2362; x_wconf 84' lang='lat' dir='ltr'>quaedam</span> <span class='ocrx_word' id='word_1_204' title='bbox 796 2311 916 2348; x_wconf 90' lang='lat' dir='ltr'>etiam</span> <span class='ocrx_word' id='word_1_205' title='bbox 942 2310 1142 2355; x_wconf 86' lang='lat' dir='ltr'>auctiora,</span> <span class='ocrx_word' id='word_1_206' title='bbox 1185 2309 1420 2359; x_wconf 83' lang='lat' dir='ltr'>scriptorem</span> 
     </span>
     <span class='ocr_line' id='line_1_36' title="bbox 469 2370 1182 2420; baseline -0.006 -9"><span class='ocrx_word' id='word_1_207' title='bbox 469 2375 578 2413; x_wconf 83' lang='lat' dir='ltr'>illurn</span> <span class='ocrx_word' id='word_1_208' title='bbox 613 2374 650 2411; x_wconf 93' lang='lat' dir='ltr'>in</span> <span class='ocrx_word' id='word_1_209' title='bbox 683 2373 767 2411; x_wconf 89' lang='lat' dir='ltr'>suis</span> <span class='ocrx_word' id='word_1_210' title='bbox 797 2372 977 2409; x_wconf 88' lang='lat' dir='ltr'>tenebris</span> <span class='ocrx_word' id='word_1_211' title='bbox 1007 2370 1182 2420; x_wconf 88' lang='lat' dir='ltr'>reliquit.</span> 
     </span>
     <span class='ocr_line' id='line_1_37' title="bbox 519 2433 1426 2483; baseline -0.004 -10"><span class='ocrx_word' id='word_1_212' title='bbox 519 2434 777 2482; x_wconf 84' lang='lat' dir='ltr'>RIPARlUS‚</span> <span class='ocrx_word' id='word_1_213' title='bbox 809 2433 1022 2483; x_wconf 82' lang='lat' dir='ltr'>Presbyter</span> <span class='ocrx_word' id='word_1_214' title='bbox 1048 2433 1276 2482; x_wconf 88' lang='lat' dir='ltr'>llispanus,</span> <span class='ocrx_word' id='word_1_215' title='bbox 1304 2433 1426 2470; x_wconf 85' lang='lat' dir='ltr'>natio-</span> 
     </span>
     <span class='ocr_line' id='line_1_38' title="bbox 466 2493 1420 2544; baseline -0.004 -9"><span class='ocrx_word' id='word_1_216' title='bbox 466 2508 517 2535; x_wconf 87' lang='lat' dir='ltr'>ne</span> <span class='ocrx_word' id='word_1_217' title='bbox 547 2496 699 2535; x_wconf 86' lang='lat' dir='ltr'>Gallus.</span> <span class='ocrx_word' id='word_1_218' title='bbox 728 2495 785 2534; x_wconf 83' lang='lat' dir='ltr'>Ad</span> <span class='ocrx_word' id='word_1_219' title='bbox 817 2506 909 2533; x_wconf 90' lang='lat' dir='ltr'>eum</span> <span class='ocrx_word' id='word_1_220' title='bbox 940 2493 1055 2532; x_wconf 88' lang='lat' dir='ltr'>datae</span> <span class='ocrx_word' id='word_1_221' title='bbox 1085 2499 1181 2532; x_wconf 89' lang='lat' dir='ltr'>sunt</span> <span class='ocrx_word' id='word_1_222' title='bbox 1219 2494 1420 2544; x_wconf 82' lang='lat' dir='ltr'>Epistolae</span> 
     </span>
     <span class='ocr_line' id='line_1_39' title="bbox 472 2555 1423 2607; baseline -0.004 -10"><span class='ocrx_word' id='word_1_223' title='bbox 472 2558 573 2597; x_wconf 79' lang='lat' dir='ltr'>duae</span> <span class='ocrx_word' id='word_1_224' title='bbox 599 2558 851 2607; x_wconf 85' lang='lat' dir='ltr'>Hieronymi,</span> <span class='ocrx_word' id='word_1_225' title='bbox 874 2555 1058 2595; x_wconf 86' lang='lat' dir='ltr'>XXXVI.</span> <span class='ocrx_word' id='word_1_226' title='bbox 1080 2561 1121 2594; x_wconf 87' lang='lat' dir='ltr'>et</span> <span class='ocrx_word' id='word_1_227' title='bbox 1141 2556 1352 2602; x_wconf 87' lang='lat' dir='ltr'>XXXVII,</span> <span class='ocrx_word' id='word_1_228' title='bbox 1376 2567 1423 2593; x_wconf 81' lang='lat' dir='ltr'>cx</span> 
     </span>
     <span class='ocr_line' id='line_1_40' title="bbox 474 2617 1430 2670; baseline -0.002 -13"><span class='ocrx_word' id='word_1_229' title='bbox 474 2620 620 2670; x_wconf 81' lang='lat' dir='ltr'>quibus</span> <span class='ocrx_word' id='word_1_230' title='bbox 644 2624 802 2658; x_wconf 90' lang='lat' dir='ltr'>constat</span> <span class='ocrx_word' id='word_1_231' title='bbox 823 2619 1023 2669; x_wconf 82' lang='lat' dir='ltr'>Ripariurn</span> <span class='ocrx_word' id='word_1_232' title='bbox 1049 2617 1234 2668; x_wconf 81' lang='lat' dir='ltr'>dogmata</span> <span class='ocrx_word' id='word_1_233' title='bbox 1259 2617 1430 2667; x_wconf 85' lang='lat' dir='ltr'>Vigilan—</span> 
     </span>
     <span class='ocr_line' id='line_1_41' title="bbox 468 2680 1428 2730; baseline -0.003 -11"><span class='ocrx_word' id='word_1_234' title='bbox 468 2683 510 2719; x_wconf 82' lang='lat' dir='ltr'>tii</span> <span class='ocrx_word' id='word_1_235' title='bbox 541 2681 589 2720; x_wconf 92' lang='lat' dir='ltr'>ad</span> <span class='ocrx_word' id='word_1_236' title='bbox 621 2682 731 2720; x_wconf 90' lang='lat' dir='ltr'>illum</span> <span class='ocrx_word' id='word_1_237' title='bbox 763 2680 1100 2730; x_wconf 89' lang='lat' dir='ltr'>transscripsisse.</span> <span class='ocrx_word' id='word_1_238' title='bbox 1134 2680 1223 2729; x_wconf 87' lang='lat' dir='ltr'>lpse</span> <span class='ocrx_word' id='word_1_239' title='bbox 1267 2689 1428 2728; x_wconf 86' lang='lat' dir='ltr'>quoque</span> 
     </span>
     <span class='ocr_line' id='line_1_42' title="bbox 471 2740 1428 2794; baseline -0.004 -13"><span class='ocrx_word' id='word_1_240' title='bbox 471 2745 651 2794; x_wconf 74' lang='lat' dir='ltr'>[liparius</span> <span class='ocrx_word' id='word_1_241' title='bbox 675 2753 767 2781; x_wconf 88' lang='lat' dir='ltr'>cum</span> <span class='ocrx_word' id='word_1_242' title='bbox 792 2740 997 2779; x_wconf 87' lang='lat' dir='ltr'>Desiderio</span> <span class='ocrx_word' id='word_1_243' title='bbox 1018 2740 1197 2790; x_wconf 77' lang='lat' dir='ltr'>Epistola</span> <span class='ocrx_word' id='word_1_244' title='bbox 1219 2741 1317 2778; x_wconf 89' lang='lat' dir='ltr'>satis</span> <span class='ocrx_word' id='word_1_245' title='bbox 1342 2750 1428 2789; x_wconf 88' lang='lat' dir='ltr'>pro-</span> 
     </span>
     <span class='ocr_line' id='line_1_43' title="bbox 467 2802 1428 2853; baseline -0.003 -11"><span class='ocrx_word' id='word_1_246' title='bbox 467 2806 543 2843; x_wconf 87' lang='lat' dir='ltr'>lixa</span> <span class='ocrx_word' id='word_1_247' title='bbox 573 2805 857 2853; x_wconf 80' lang='lat' dir='ltr'>Hieronymum</span> <span class='ocrx_word' id='word_1_248' title='bbox 888 2802 937 2840; x_wconf 88' lang='lat' dir='ltr'>de</span> <span class='ocrx_word' id='word_1_249' title='bbox 969 2803 1043 2850; x_wconf 69' lang='lat' dir='ltr'>iis,</span> <span class='ocrx_word' id='word_1_250' title='bbox 1075 2813 1178 2852; x_wconf 87' lang='lat' dir='ltr'>quae</span> <span class='ocrx_word' id='word_1_251' title='bbox 1222 2812 1324 2852; x_wconf 88' lang='lat' dir='ltr'>opus</span> <span class='ocrx_word' id='word_1_252' title='bbox 1368 2812 1428 2839; x_wconf 89' lang='lat' dir='ltr'>es·</span> 
     </span>
     <span class='ocr_line' id='line_1_44' title="bbox 473 2862 1432 2913; baseline -0.001 -13"><span class='ocrx_word' id='word_1_253' title='bbox 473 2871 592 2913; x_wconf 71' lang='lat' dir='ltr'>sont,</span> <span class='ocrx_word' id='word_1_254' title='bbox 622 2866 831 2904; x_wconf 80' lang='lat' dir='ltr'>certiorem</span> <span class='ocrx_word' id='word_1_255' title='bbox 866 2864 1073 2911; x_wconf 86' lang='lat' dir='ltr'>fecerunt,</span> <span class='ocrx_word' id='word_1_256' title='bbox 1103 2862 1219 2912; x_wconf 86' lang='lat' dir='ltr'>cujus</span> <span class='ocrx_word' id='word_1_257' title='bbox 1250 2862 1311 2900; x_wconf 87' lang='lat' dir='ltr'>hic</span> <span class='ocrx_word' id='word_1_258' title='bbox 1351 2873 1432 2899; x_wconf 88' lang='lat' dir='ltr'>me-</span> 
     </span>
     <span class='ocr_line' id='line_1_45' title="bbox 472 2924 1428 2977; baseline -0.004 -12"><span class='ocrx_word' id='word_1_259' title='bbox 472 2929 586 2965; x_wconf 90' lang='lat' dir='ltr'>minit</span> <span class='ocrx_word' id='word_1_260' title='bbox 608 2929 644 2965; x_wconf 92' lang='lat' dir='ltr'>in</span> <span class='ocrx_word' id='word_1_261' title='bbox 667 2927 922 2977; x_wconf 82' lang='lat' dir='ltr'>Apologetico</span> <span class='ocrx_word' id='word_1_262' title='bbox 941 2924 1140 2963; x_wconf 79' lang='lat' dir='ltr'>adversus</span> <span class='ocrx_word' id='word_1_263' title='bbox 1159 2924 1428 2974; x_wconf 78' lang='lat' dir='ltr'>Vigilantium.</span> 
     </span>
     <span class='ocr_line' id='line_1_46' title="bbox 474 2985 1428 3036; baseline -0.006 -9"><span class='ocrx_word' id='word_1_264' title='bbox 474 2990 553 3027; x_wconf 66' lang='lat' dir='ltr'>Nic.</span> <span class='ocrx_word' id='word_1_265' title='bbox 586 2990 783 3027; x_wconf 79' lang='lat' dir='ltr'>Antonius</span> <span class='ocrx_word' id='word_1_266' title='bbox 831 2987 928 3026; x_wconf 90' lang='lat' dir='ltr'>Bibl.</span> <span class='ocrx_word' id='word_1_267' title='bbox 967 2988 1140 3036; x_wconf 89' lang='lat' dir='ltr'>llispana</span> <span class='ocrx_word' id='word_1_268' title='bbox 1171 2985 1257 3023; x_wconf 78' lang='lat' dir='ltr'>Vct.</span> <span class='ocrx_word' id='word_1_269' title='bbox 1288 2986 1333 3023; x_wconf 93' lang='lat' dir='ltr'>ll.</span> <span class='ocrx_word' id='word_1_270' title='bbox 1367 2987 1428 3024; x_wconf 81' lang='lat' dir='ltr'>tl.</span> 
     </span>
     <span class='ocr_line' id='line_1_47' title="bbox 475 3047 1431 3088; baseline -0.001 -3"><span class='ocrx_word' id='word_1_271' title='bbox 475 3060 510 3085; x_wconf 91' lang='lat' dir='ltr'>n.</span> <span class='ocrx_word' id='word_1_272' title='bbox 546 3050 636 3088; x_wconf 65' lang='lat'>47⁴.</span> <span class='ocrx_word' id='word_1_273' title='bbox 667 3051 835 3088; x_wconf 86' lang='lat' dir='ltr'>llistoire</span> <span class='ocrx_word' id='word_1_274' title='bbox 865 3049 1038 3088; x_wconf 84' lang='lat' dir='ltr'>literaire</span> <span class='ocrx_word' id='word_1_275' title='bbox 1067 3047 1116 3086; x_wconf 86' lang='lat' dir='ltr'>de</span> <span class='ocrx_word' id='word_1_276' title='bbox 1147 3047 1181 3086; x_wconf 90' lang='lat' dir='ltr'>la</span> <span class='ocrx_word' id='word_1_277' title='bbox 1213 3047 1361 3086; x_wconf 84' lang='lat' dir='ltr'>France</span> <span class='ocrx_word' id='word_1_278' title='bbox 1404 3052 1431 3084; x_wconf 92' lang='lat' dir='ltr'>t.</span> 
     </span>
     <span class='ocr_line' id='line_1_48' title="bbox 483 3110 723 3160; baseline 0.008 -15"><span class='ocrx_word' id='word_1_279' title='bbox 483 3110 512 3146; x_wconf 92' lang='lat' dir='ltr'>ll</span> <span class='ocrx_word' id='word_1_280' title='bbox 544 3121 631 3160; x_wconf 79' lang='lat' dir='ltr'>pag.</span> <span class='ocrx_word' id='word_1_281' title='bbox 661 3112 723 3149; x_wconf 82' lang='lat'>85.</span> 
     </span>
     <span class='ocr_line' id='line_1_49' title="bbox 534 3169 1433 3217; baseline 0.001 -11"><span class='ocrx_word' id='word_1_282' title='bbox 534 3171 774 3217; x_wconf 71' lang='lat' dir='ltr'>RWALLO,</span> <span class='ocrx_word' id='word_1_283' title='bbox 799 3171 1114 3210; x_wconf 74' lang='lat' dir='ltr'>Archidiaconus</span> <span class='ocrx_word' id='word_1_284' title='bbox 1134 3169 1381 3208; x_wconf 83' lang='lat' dir='ltr'>Redonensis</span> <span class='ocrx_word' id='word_1_285' title='bbox 1399 3181 1433 3207; x_wconf 87' lang='lat' dir='ltr'>a.</span> 
     </span>
     <span class='ocr_line' id='line_1_50' title="bbox 480 3230 1433 3271; baseline 0.005 -7"><span class='ocrx_word' id='word_1_286' title='bbox 480 3230 593 3265; x_wconf 65' lang='lat' dir='ltr'>itit.</span> <span class='ocrx_word' id='word_1_287' title='bbox 631 3231 776 3268; x_wconf 84' lang='lat' dir='ltr'>Versus</span> <span class='ocrx_word' id='word_1_288' title='bbox 808 3233 978 3270; x_wconf 83' lang='lat' dir='ltr'>confecit</span> <span class='ocrx_word' id='word_1_289' title='bbox 1009 3234 1044 3270; x_wconf 89' lang='lat' dir='ltr'>in</span> <span class='ocrx_word' id='word_1_290' title='bbox 1078 3231 1236 3271; x_wconf 83' lang='lat' dir='ltr'>laudem</span> <span class='ocrx_word' id='word_1_291' title='bbox 1263 3231 1433 3270; x_wconf 88' lang='lat' dir='ltr'>Marbodi</span> 
     </span>
     <span class='ocr_line' id='line_1_51' title="bbox 482 3290 1435 3341; baseline -0.008 -3"><span class='ocrx_word' id='word_1_292' title='bbox 482 3290 666 3338; x_wconf 61' lang='lat' dir='ltr'>Epis-:opi</span> <span class='ocrx_word' id='word_1_293' title='bbox 700 3294 787 3329; x_wconf 57' lang='lat' dir='ltr'>sssi-</span> <span class='ocrx_word' id='word_1_294' title='bbox 821 3305 921 3341; x_wconf 71' lang='lat' dir='ltr'>quos</span> <span class='ocrx_word' id='word_1_295' title='bbox 952 3293 1150 3332; x_wconf 63' lang='lat' dir='ltr'>dederunt</span> <span class='ocrx_word' id='word_1_296' title='bbox 1181 3295 1354 3332; x_wconf 77' lang='lat' dir='ltr'>Martcnc</span> <span class='ocrx_word' id='word_1_297' title='bbox 1397 3298 1435 3330; x_wconf 71' lang='lat' dir='ltr'>ot</span> 
     </span>
    </p>
   </div>
   <div class='ocr_carea' id='block_1_2' title="bbox 1235 209 1634 251">
    <p class='ocr_par' dir='ltr' id='par_1_2' title="bbox 1235 209 1634 251">
     <span class='ocr_line' id='line_1_52' title="bbox 1235 209 1634 251; baseline -0.005 -2"><span class='ocrx_word' id='word_1_298' title='bbox 1235 209 1634 251; x_wconf 71' lang='lat' dir='ltr'>ROBEB&#39;R&#39;US&#39;</span> 
     </span>
    </p>
   </div>
   <div class='ocr_carea' id='block_1_3' title="bbox 1498 278 2453 575">
    <p class='ocr_par' dir='ltr' id='par_1_3' title="bbox 1499 278 2449 389">
     <span class='ocr_line' id='line_1_53' title="bbox 1499 278 2449 318; baseline -0.001 -1"><span class='ocrx_word' id='word_1_299' title='bbox 1499 278 1661 318; x_wconf 86' lang='lat' dir='ltr'>Durand</span> <span class='ocrx_word' id='word_1_300' title='bbox 1694 278 1886 318; x_wconf 82' lang='lat' dir='ltr'>Thesauri</span> <span class='ocrx_word' id='word_1_301' title='bbox 1918 280 2009 318; x_wconf 91' lang='lat' dir='ltr'>novi</span> <span class='ocrx_word' id='word_1_302' title='bbox 2039 278 2277 318; x_wconf 79' lang='lat' dir='ltr'>Anecdotor.</span> <span class='ocrx_word' id='word_1_303' title='bbox 2307 279 2449 317; x_wconf 87' lang='lat' dir='ltr'>tomol</span> 
     </span>
     <span class='ocr_line' id='line_1_54' title="bbox 1502 338 1711 389; baseline -0.01 -12"><span class='ocrx_word' id='word_1_304' title='bbox 1502 350 1588 389; x_wconf 87' lang='lat' dir='ltr'>pag.</span> <span class='ocrx_word' id='word_1_305' title='bbox 1619 338 1711 377; x_wconf 82' lang='lat'>558.</span> 
     </span>
    </p>

    <p class='ocr_par' dir='ltr' id='par_1_4' title="bbox 1498 400 2453 575">
     <span class='ocr_line' id='line_1_55' title="bbox 1551 400 2453 449; baseline 0.001 -12"><span class='ocrx_word' id='word_1_306' title='bbox 1551 400 1851 447; x_wconf 79' lang='lat' dir='ltr'>RlXFRlDUS,</span> <span class='ocrx_word' id='word_1_307' title='bbox 1896 402 2070 449; x_wconf 90' lang='lat' dir='ltr'>Frisius,</span> <span class='ocrx_word' id='word_1_308' title='bbox 2120 400 2365 448; x_wconf 84' lang='lat' dir='ltr'>monachus,</span> <span class='ocrx_word' id='word_1_309' title='bbox 2407 404 2453 439; x_wconf 85' lang='lat' dir='ltr'>ut</span> 
     </span>
     <span class='ocr_line' id='line_1_56' title="bbox 1499 460 2452 511; baseline 0 -11"><span class='ocrx_word' id='word_1_310' title='bbox 1499 463 1553 500; x_wconf 85' lang='lat' dir='ltr'>ait</span> <span class='ocrx_word' id='word_1_311' title='bbox 1580 461 1783 500; x_wconf 87' lang='lat' dir='ltr'>Arnoldus</span> <span class='ocrx_word' id='word_1_312' title='bbox 1814 463 1957 510; x_wconf 81' lang='lat' dir='ltr'>wion,</span> <span class='ocrx_word' id='word_1_313' title='bbox 1989 464 2028 502; x_wconf 90' lang='lat' dir='ltr'>S.</span> <span class='ocrx_word' id='word_1_314' title='bbox 2059 463 2279 502; x_wconf 88' lang='lat' dir='ltr'>Salvatoris</span> <span class='ocrx_word' id='word_1_315' title='bbox 2317 460 2452 511; x_wconf 82' lang='lat' dir='ltr'>TraJ&#39;e-</span> 
     </span>
     <span class='ocr_line' id='line_1_57' title="bbox 1498 522 2452 575; baseline 0.001 -14"><span class='ocrx_word' id='word_1_316' title='bbox 1498 524 1582 571; x_wconf 85' lang='lat' dir='ltr'>cti,</span> <span class='ocrx_word' id='word_1_317' title='bbox 1625 522 1769 561; x_wconf 87' lang='lat' dir='ltr'>deinde</span> <span class='ocrx_word' id='word_1_318' title='bbox 1813 527 2012 572; x_wconf 84' lang='lat' dir='ltr'>septimus</span> <span class='ocrx_word' id='word_1_319' title='bbox 2054 525 2277 575; x_wconf 87' lang='lat' dir='ltr'>Episcopus</span> <span class='ocrx_word' id='word_1_320' title='bbox 2319 522 2452 574; x_wconf 72' lang='lat' dir='ltr'>Traie—</span> 
     </span>
    </p>
   </div>
   <div class='ocr_carea' id='block_1_4' title="bbox 1498 584 2493 637">
    <p class='ocr_par' dir='ltr' id='par_1_5' title="bbox 1498 584 2493 637">
     <span class='ocr_line' id='line_1_58' title="bbox 1498 584 2493 637; baseline 0 -14"><span class='ocrx_word' id='word_1_321' title='bbox 1498 586 1678 632; x_wconf 86' lang='lat' dir='ltr'>ctensis‚</span> <span class='ocrx_word' id='word_1_322' title='bbox 1708 585 1777 635; x_wconf 89' lang='lat' dir='ltr'>qui</span> <span class='ocrx_word' id='word_1_323' title='bbox 1808 595 1840 622; x_wconf 88' lang='lat' dir='ltr'>a.</span> <span class='ocrx_word' id='word_1_324' title='bbox 1873 584 1966 622; x_wconf 88' lang='lat'>836.</span> <span class='ocrx_word' id='word_1_325' title='bbox 1995 585 2103 623; x_wconf 89' lang='lat' dir='ltr'>obiit.</span> <span class='ocrx_word' id='word_1_326' title='bbox 2130 584 2308 637; x_wconf 83' lang='lat' dir='ltr'>Epistola</span> <span class='ocrx_word' id='word_1_327' title='bbox 2331 585 2380 624; x_wconf 91' lang='lat' dir='ltr'>ad</span> <span class='ocrx_word' id='word_1_328' title='bbox 2409 586 2450 625; x_wconf 91' lang='lat' dir='ltr'>S.</span> <span class='ocrx_word' id='word_1_329' title='bbox 2484 596 2493 600; x_wconf 66' lang='grc'><strong>“</strong></span> 
     </span>
    </p>
   </div>
   <div class='ocr_carea' id='block_1_5' title="bbox 1498 646 2453 758">
    <p class='ocr_par' dir='ltr' id='par_1_6' title="bbox 1498 646 2453 758">
     <span class='ocr_line' id='line_1_59' title="bbox 1498 646 2453 696; baseline -0.001 -11"><span class='ocrx_word' id='word_1_330' title='bbox 1498 648 1717 696; x_wconf 82' lang='lat' dir='ltr'>Lutgerum</span> <span class='ocrx_word' id='word_1_331' title='bbox 1745 646 1987 696; x_wconf 89' lang='lat' dir='ltr'>Episcopum</span> <span class='ocrx_word' id='word_1_332' title='bbox 2011 647 2364 686; x_wconf 76' lang='lat' dir='ltr'>monasteriensem</span> <span class='ocrx_word' id='word_1_333' title='bbox 2380 677 2390 695; x_wconf 92' lang='lat'><em>,</em></span> <span class='ocrx_word' id='word_1_334' title='bbox 2412 651 2453 685; x_wconf 87' lang='lat' dir='ltr'>et</span> 
     </span>
     <span class='ocr_line' id='line_1_60' title="bbox 1498 705 2453 758; baseline -0.002 -11"><span class='ocrx_word' id='word_1_335' title='bbox 1498 709 1572 747; x_wconf 88' lang='lat' dir='ltr'>alia</span> <span class='ocrx_word' id='word_1_336' title='bbox 1603 708 1766 758; x_wconf 77' lang='lat' dir='ltr'>Lutgeri</span> <span class='ocrx_word' id='word_1_337' title='bbox 1797 706 1844 745; x_wconf 87' lang='lat' dir='ltr'>ad</span> <span class='ocrx_word' id='word_1_338' title='bbox 1876 706 2098 746; x_wconf 83' lang='lat' dir='ltr'>Rixfridum</span> <span class='ocrx_word' id='word_1_339' title='bbox 2128 706 2175 746; x_wconf 86' lang='lat' dir='ltr'>de</span> <span class='ocrx_word' id='word_1_340' title='bbox 2201 708 2242 747; x_wconf 89' lang='lat' dir='ltr'>S.</span> <span class='ocrx_word' id='word_1_341' title='bbox 2267 705 2453 747; x_wconf 85' lang='lat' dir='ltr'>Suiberto</span> 
     </span>
    </p>
   </div>
   <div class='ocr_carea' id='block_1_6' title="bbox 1501 763 2526 819">
    <p class='ocr_par' dir='ltr' id='par_1_7' title="bbox 1501 763 2526 819">
     <span class='ocr_line' id='line_1_61' title="bbox 1501 763 2526 819; baseline 0.001 -12"><span class='ocrx_word' id='word_1_342' title='bbox 1501 768 1755 808; x_wconf 83' lang='lat' dir='ltr'>Verdensium</span> <span class='ocrx_word' id='word_1_343' title='bbox 1793 767 2014 819; x_wconf 77' lang='lat' dir='ltr'>Episcopo,</span> <span class='ocrx_word' id='word_1_344' title='bbox 2043 772 2205 807; x_wconf 86' lang='lat' dir='ltr'>exstant</span> <span class='ocrx_word' id='word_1_345' title='bbox 2233 768 2338 819; x_wconf 81' lang='lat' dir='ltr'>apud</span> <span class='ocrx_word' id='word_1_346' title='bbox 2381 769 2454 808; x_wconf 90' lang='lat' dir='ltr'>Su-</span> <span class='ocrx_word' id='word_1_347' title='bbox 2524 763 2526 766; x_wconf 63' lang='grc'>’</span> 
     </span>
    </p>
   </div>
   <div class='ocr_carea' id='block_1_7' title="bbox 1497 830 2460 2361">
    <p class='ocr_par' dir='ltr' id='par_1_8' title="bbox 1498 830 2454 1002">
     <span class='ocr_line' id='line_1_62' title="bbox 1498 830 2454 880; baseline 0 -12"><span class='ocrx_word' id='word_1_348' title='bbox 1498 832 1598 870; x_wconf 90' lang='lat' dir='ltr'>rium</span> <span class='ocrx_word' id='word_1_349' title='bbox 1630 830 1667 868; x_wconf 91' lang='lat' dir='ltr'>d.</span> <span class='ocrx_word' id='word_1_350' title='bbox 1699 832 1734 869; x_wconf 80' lang='lat' dir='ltr'>l.</span> <span class='ocrx_word' id='word_1_351' title='bbox 1764 831 1904 868; x_wconf 83' lang='lat' dir='ltr'>Martii.</span> <span class='ocrx_word' id='word_1_352' title='bbox 1934 830 2153 880; x_wconf 88' lang='lat' dir='ltr'>Epistolam</span> <span class='ocrx_word' id='word_1_353' title='bbox 2183 831 2308 867; x_wconf 85' lang='lat' dir='ltr'>nostri</span> <span class='ocrx_word' id='word_1_354' title='bbox 2345 841 2454 869; x_wconf 87' lang='lat' dir='ltr'>com-</span> 
     </span>
     <span class='ocr_line' id='line_1_63' title="bbox 1498 892 2454 942; baseline 0 -12"><span class='ocrx_word' id='word_1_355' title='bbox 1498 893 1720 930; x_wconf 85' lang='lat' dir='ltr'>mentitiam</span> <span class='ocrx_word' id='word_1_356' title='bbox 1770 896 1890 930; x_wconf 89' lang='lat' dir='ltr'>vocat</span> <span class='ocrx_word' id='word_1_357' title='bbox 1933 892 2138 931; x_wconf 86' lang='lat' dir='ltr'>Fabricius</span> <span class='ocrx_word' id='word_1_358' title='bbox 2167 895 2305 930; x_wconf 83' lang='lat' dir='ltr'>noster</span> <span class='ocrx_word' id='word_1_359' title='bbox 2333 901 2454 942; x_wconf 85' lang='lat' dir='ltr'>supra</span> 
     </span>
     <span class='ocr_line' id='line_1_64' title="bbox 1499 953 1812 1002; baseline -0.003 -11"><span class='ocrx_word' id='word_1_360' title='bbox 1499 958 1525 991; x_wconf 91' lang='lat' dir='ltr'>t.</span> <span class='ocrx_word' id='word_1_361' title='bbox 1558 954 1618 990; x_wconf 88' lang='lat' dir='ltr'>lV.</span> <span class='ocrx_word' id='word_1_362' title='bbox 1650 965 1686 1002; x_wconf 90' lang='lat' dir='ltr'>p.</span> <span class='ocrx_word' id='word_1_363' title='bbox 1718 953 1812 992; x_wconf 83' lang='lat'>560.</span> 
     </span>
    </p>

    <p class='ocr_par' dir='ltr' id='par_1_9' title="bbox 1497 1014 2460 2361">
     <span class='ocr_line' id='line_1_65' title="bbox 1552 1014 2456 1065; baseline 0 -13"><span class='ocrx_word' id='word_1_364' title='bbox 1552 1014 1846 1062; x_wconf 83' lang='lat' dir='ltr'>ROBERTUS,</span> <span class='ocrx_word' id='word_1_365' title='bbox 1876 1016 2118 1053; x_wconf 83' lang='lat' dir='ltr'>Francorum</span> <span class='ocrx_word' id='word_1_366' title='bbox 2144 1016 2225 1053; x_wconf 85' lang='lat' dir='ltr'>Rex</span> <span class='ocrx_word' id='word_1_367' title='bbox 2247 1046 2255 1062; x_wconf 80' lang='grc'>,</span> <span class='ocrx_word' id='word_1_368' title='bbox 2280 1015 2456 1065; x_wconf 86' lang='lat' dir='ltr'>Hugonis</span> 
     </span>
     <span class='ocr_line' id='line_1_66' title="bbox 1501 1076 2457 1126; baseline 0 -11"><span class='ocrx_word' id='word_1_369' title='bbox 1501 1077 1636 1126; x_wconf 82' lang='lat' dir='ltr'>Capeti</span> <span class='ocrx_word' id='word_1_370' title='bbox 1670 1076 1802 1123; x_wconf 84' lang='lat' dir='ltr'>iilius,</span> <span class='ocrx_word' id='word_1_371' title='bbox 1832 1086 1911 1114; x_wconf 82' lang='lat' dir='ltr'>sec.</span> <span class='ocrx_word' id='word_1_372' title='bbox 1942 1077 1991 1114; x_wconf 91' lang='lat' dir='ltr'>X.</span> <span class='ocrx_word' id='word_1_373' title='bbox 2022 1076 2184 1114; x_wconf 81' lang='lat' dir='ltr'>Relictis</span> <span class='ocrx_word' id='word_1_374' title='bbox 2211 1077 2360 1115; x_wconf 86' lang='lat' dir='ltr'>scholis</span> <span class='ocrx_word' id='word_1_375' title='bbox 2387 1078 2457 1116; x_wconf 83' lang='lat' dir='ltr'>Pa-</span> 
     </span>
     <span class='ocr_line' id='line_1_67' title="bbox 1503 1137 2458 1177; baseline 0.001 -1"><span class='ocrx_word' id='word_1_376' title='bbox 1503 1137 1740 1176; x_wconf 78' lang='lat' dir='ltr'>risiensibus</span> <span class='ocrx_word' id='word_1_377' title='bbox 1771 1138 1915 1176; x_wconf 80' lang='lat' dir='ltr'>Remos</span> <span class='ocrx_word' id='word_1_378' title='bbox 1944 1148 1987 1176; x_wconf 91' lang='lat' dir='ltr'>se</span> <span class='ocrx_word' id='word_1_379' title='bbox 2016 1138 2186 1177; x_wconf 89' lang='lat' dir='ltr'>contulit</span> <span class='ocrx_word' id='word_1_380' title='bbox 2213 1137 2261 1177; x_wconf 90' lang='lat' dir='ltr'>ad</span> <span class='ocrx_word' id='word_1_381' title='bbox 2291 1137 2458 1177; x_wconf 85' lang='lat' dir='ltr'>Gerber-</span> 
     </span>
     <span class='ocr_line' id='line_1_68' title="bbox 1505 1198 2451 1249; baseline 0.001 -12"><span class='ocrx_word' id='word_1_382' title='bbox 1505 1205 1589 1238; x_wconf 82' lang='lat' dir='ltr'>lum</span> <span class='ocrx_word' id='word_1_383' title='bbox 1623 1199 1864 1249; x_wconf 89' lang='lat' dir='ltr'>Episcopum</span> <span class='ocrx_word' id='word_1_384' title='bbox 1884 1229 1894 1247; x_wconf 88' lang='lat'><em>‚</em></span> <span class='ocrx_word' id='word_1_385' title='bbox 1925 1198 2044 1249; x_wconf 87' lang='lat' dir='ltr'>cujus</span> <span class='ocrx_word' id='word_1_386' title='bbox 2071 1210 2164 1238; x_wconf 87' lang='lat' dir='ltr'>cum</span> <span class='ocrx_word' id='word_1_387' title='bbox 2195 1200 2342 1239; x_wconf 83' lang='lat' dir='ltr'>Ottone</span> <span class='ocrx_word' id='word_1_388' title='bbox 2385 1200 2451 1238; x_wconf 88' lang='lat'>111.</span> 
     </span>
     <span class='ocr_line' id='line_1_69' title="bbox 1503 1261 2460 1311; baseline 0.001 -12"><span class='ocrx_word' id='word_1_389' title='bbox 1503 1261 1727 1311; x_wconf 89' lang='lat' dir='ltr'>discipulus</span> <span class='ocrx_word' id='word_1_390' title='bbox 1758 1262 1844 1300; x_wconf 83' lang='lat' dir='ltr'>fuit.</span> <span class='ocrx_word' id='word_1_391' title='bbox 1876 1262 2031 1301; x_wconf 83' lang='lat' dir='ltr'>Literas</span> <span class='ocrx_word' id='word_1_392' title='bbox 2062 1262 2099 1299; x_wconf 90' lang='lat' dir='ltr'>in</span> <span class='ocrx_word' id='word_1_393' title='bbox 2131 1261 2308 1300; x_wconf 86' lang='lat' dir='ltr'>scholam</span> <span class='ocrx_word' id='word_1_394' title='bbox 2353 1263 2460 1300; x_wconf 86' lang='lat' dir='ltr'>Pari-</span> 
     </span>
     <span class='ocr_line' id='line_1_70' title="bbox 1503 1322 2457 1374; baseline 0.002 -14"><span class='ocrx_word' id='word_1_395' title='bbox 1503 1324 1677 1360; x_wconf 81' lang='lat' dir='ltr'>sionscm</span> <span class='ocrx_word' id='word_1_396' title='bbox 1724 1324 1954 1371; x_wconf 86' lang='lat' dir='ltr'>revocavit,</span> <span class='ocrx_word' id='word_1_397' title='bbox 1999 1328 2040 1361; x_wconf 80' lang='lat' dir='ltr'>et</span> <span class='ocrx_word' id='word_1_398' title='bbox 2068 1322 2303 1374; x_wconf 83' lang='lat' dir='ltr'>dignitatem</span> <span class='ocrx_word' id='word_1_399' title='bbox 2349 1323 2457 1362; x_wconf 86' lang='lat' dir='ltr'>illius</span> 
     </span>
     <span class='ocr_line' id='line_1_71' title="bbox 1502 1383 2456 1436; baseline 0.003 -15"><span class='ocrx_word' id='word_1_400' title='bbox 1502 1385 1625 1422; x_wconf 82' lang='lat' dir='ltr'>auxit.</span> <span class='ocrx_word' id='word_1_401' title='bbox 1659 1383 1756 1434; x_wconf 78' lang='lat' dir='ltr'>Ejus</span> <span class='ocrx_word' id='word_1_402' title='bbox 1785 1389 1849 1422; x_wconf 86' lang='lat' dir='ltr'>est</span> <span class='ocrx_word' id='word_1_403' title='bbox 1877 1384 2090 1436; x_wconf 84' lang='lat' dir='ltr'>Sequentia</span> <span class='ocrx_word' id='word_1_404' title='bbox 2131 1384 2181 1423; x_wconf 87' lang='lat' dir='ltr'>de</span> <span class='ocrx_word' id='word_1_405' title='bbox 2226 1385 2374 1436; x_wconf 86' lang='lat' dir='ltr'>Spiritu</span> <span class='ocrx_word' id='word_1_406' title='bbox 2417 1385 2456 1424; x_wconf 91' lang='lat' dir='ltr'>S.</span> 
     </span>
     <span class='ocr_line' id='line_1_72' title="bbox 1501 1445 2456 1497; baseline 0.001 -13"><span class='ocrx_word' id='word_1_407' title='bbox 1501 1456 1602 1496; x_wconf 86' lang='lat' dir='ltr'>quae</span> <span class='ocrx_word' id='word_1_408' title='bbox 1635 1447 1795 1496; x_wconf 85' lang='lat' dir='ltr'>incipit:</span> <span class='ocrx_word' id='word_1_409' title='bbox 1833 1446 1928 1485; x_wconf 82' lang='lat' dir='ltr'>Veni</span> <span class='ocrx_word' id='word_1_410' title='bbox 1953 1447 2096 1486; x_wconf 85' lang='lat' dir='ltr'>Sancte</span> <span class='ocrx_word' id='word_1_411' title='bbox 2138 1445 2340 1497; x_wconf 81' lang='lat' dir='ltr'>Spiritus,</span> <span class='ocrx_word' id='word_1_412' title='bbox 2384 1447 2456 1486; x_wconf 82' lang='lat' dir='ltr'>Re-</span> 
     </span>
     <span class='ocr_line' id='line_1_73' title="bbox 1502 1506 2459 1556; baseline 0.002 -12"><span class='ocrx_word' id='word_1_413' title='bbox 1502 1506 1754 1556; x_wconf 82' lang='lat' dir='ltr'>sponsorium</span> <span class='ocrx_word' id='word_1_414' title='bbox 1773 1507 1824 1545; x_wconf 86' lang='lat' dir='ltr'>de</span> <span class='ocrx_word' id='word_1_415' title='bbox 1849 1507 1886 1545; x_wconf 86' lang='lat' dir='ltr'>S.</span> <span class='ocrx_word' id='word_1_416' title='bbox 1915 1510 2028 1547; x_wconf 84' lang='lat' dir='ltr'>Petro</span> <span class='ocrx_word' id='word_1_417' title='bbox 2050 1538 2057 1556; x_wconf 87' lang='lat'>‚</span> <span class='ocrx_word' id='word_1_418' title='bbox 2084 1507 2294 1548; x_wconf 82' lang='lat' dir='ltr'>Cornelius</span> <span class='ocrx_word' id='word_1_419' title='bbox 2317 1507 2459 1548; x_wconf 87' lang='lat' dir='ltr'>Centu-</span> 
     </span>
     <span class='ocr_line' id='line_1_74' title="bbox 1499 1568 2458 1618; baseline 0.004 -13"><span class='ocrx_word' id='word_1_420' title='bbox 1499 1568 1585 1605; x_wconf 80' lang='lat' dir='ltr'>rio·</span> <span class='ocrx_word' id='word_1_421' title='bbox 1617 1568 1664 1606; x_wconf 85' lang='lat' dir='ltr'>de</span> <span class='ocrx_word' id='word_1_422' title='bbox 1695 1571 1903 1608; x_wconf 82' lang='lat' dir='ltr'>nativitate</span> <span class='ocrx_word' id='word_1_423' title='bbox 1934 1571 2113 1618; x_wconf 88' lang='lat' dir='ltr'>Domini,</span> <span class='ocrx_word' id='word_1_424' title='bbox 2143 1569 2300 1609; x_wconf 86' lang='lat' dir='ltr'>Judaea</span> <span class='ocrx_word' id='word_1_425' title='bbox 2329 1574 2368 1609; x_wconf 86' lang='lat' dir='ltr'>et</span> <span class='ocrx_word' id='word_1_426' title='bbox 2392 1571 2458 1609; x_wconf 85' lang='lat' dir='ltr'>Je-</span> 
     </span>
     <span class='ocr_line' id='line_1_75' title="bbox 1500 1630 2455 1684; baseline 0 -14"><span class='ocrx_word' id='word_1_427' title='bbox 1500 1631 1704 1679; x_wconf 84' lang='lat' dir='ltr'>rusalem,</span> <span class='ocrx_word' id='word_1_428' title='bbox 1734 1630 1850 1671; x_wconf 80' lang='lat' dir='ltr'>nolite</span> <span class='ocrx_word' id='word_1_429' title='bbox 1874 1632 2038 1680; x_wconf 86' lang='lat' dir='ltr'>timere;</span> <span class='ocrx_word' id='word_1_430' title='bbox 2067 1636 2107 1670; x_wconf 84' lang='lat' dir='ltr'>et</span> <span class='ocrx_word' id='word_1_431' title='bbox 2138 1632 2231 1672; x_wconf 90' lang='lat' dir='ltr'>illud</span> <span class='ocrx_word' id='word_1_432' title='bbox 2261 1630 2455 1684; x_wconf 78' lang='lat' dir='ltr'>Alleluja,</span> 
     </span>
     <span class='ocr_line' id='line_1_76' title="bbox 1501 1693 2459 1747; baseline -0.001 -15"><span class='ocrx_word' id='word_1_433' title='bbox 1501 1695 1622 1747; x_wconf 86' lang='lat' dir='ltr'>Eripe</span> <span class='ocrx_word' id='word_1_434' title='bbox 1645 1706 1705 1733; x_wconf 88' lang='lat' dir='ltr'>me</span> <span class='ocrx_word' id='word_1_435' title='bbox 1728 1693 1774 1733; x_wconf 83' lang='lat' dir='ltr'>de</span> <span class='ocrx_word' id='word_1_436' title='bbox 1798 1693 1979 1733; x_wconf 77' lang='lat' dir='ltr'>inimicis.</span> <span class='ocrx_word' id='word_1_437' title='bbox 2011 1693 2258 1732; x_wconf 76' lang='lat' dir='ltr'>&#39;l&#39;rithemius</span> <span class='ocrx_word' id='word_1_438' title='bbox 2281 1693 2330 1732; x_wconf 85' lang='lat' dir='ltr'>de</span> <span class='ocrx_word' id='word_1_439' title='bbox 2355 1694 2459 1733; x_wconf 86' lang='lat' dir='ltr'>Scri-</span> 
     </span>
     <span class='ocr_line' id='line_1_77' title="bbox 1503 1754 2459 1807; baseline -0.002 -13"><span class='ocrx_word' id='word_1_440' title='bbox 1503 1761 1556 1807; x_wconf 89' lang='lat' dir='ltr'>pt.</span> <span class='ocrx_word' id='word_1_441' title='bbox 1586 1756 1741 1796; x_wconf 85' lang='lat' dir='ltr'>Eccles.</span> <span class='ocrx_word' id='word_1_442' title='bbox 1787 1755 1919 1794; x_wconf 84' lang='lat' dir='ltr'>Bulaei</span> <span class='ocrx_word' id='word_1_443' title='bbox 1967 1754 2069 1793; x_wconf 90' lang='lat' dir='ltr'>Hist.</span> <span class='ocrx_word' id='word_1_444' title='bbox 2102 1755 2285 1794; x_wconf 84' lang='lat' dir='ltr'>Univers.</span> <span class='ocrx_word' id='word_1_445' title='bbox 2318 1755 2459 1793; x_wconf 88' lang='lat' dir='ltr'>Parisi—</span> 
     </span>
     <span class='ocr_line' id='line_1_78' title="bbox 1504 1814 2456 1867; baseline -0.003 -10"><span class='ocrx_word' id='word_1_446' title='bbox 1504 1830 1577 1857; x_wconf 87' lang='lat' dir='ltr'>nae</span> <span class='ocrx_word' id='word_1_447' title='bbox 1608 1822 1714 1856; x_wconf 88' lang='lat' dir='ltr'>tomo</span> <span class='ocrx_word' id='word_1_448' title='bbox 1745 1818 1756 1855; x_wconf 93' lang='lat' dir='ltr'>l</span> <span class='ocrx_word' id='word_1_449' title='bbox 1790 1828 1830 1867; x_wconf 87' lang='lat' dir='ltr'>p.</span> <span class='ocrx_word' id='word_1_450' title='bbox 1858 1818 1946 1856; x_wconf 85' lang='lat'>636.</span> <span class='ocrx_word' id='word_1_451' title='bbox 1977 1815 2067 1855; x_wconf 81' lang='lat'>637.</span> <span class='ocrx_word' id='word_1_452' title='bbox 2100 1814 2276 1867; x_wconf 82' lang='lat' dir='ltr'>Epistola</span> <span class='ocrx_word' id='word_1_453' title='bbox 2298 1815 2387 1866; x_wconf 89' lang='lat' dir='ltr'>ejus</span> <span class='ocrx_word' id='word_1_454' title='bbox 2408 1815 2456 1854; x_wconf 89' lang='lat' dir='ltr'>ad</span> 
     </span>
     <span class='ocr_line' id='line_1_79' title="bbox 1503 1877 2459 1929; baseline -0.003 -11"><span class='ocrx_word' id='word_1_455' title='bbox 1503 1879 1742 1918; x_wconf 78' lang='lat' dir='ltr'>Gauzlinum</span> <span class='ocrx_word' id='word_1_456' title='bbox 1787 1889 1880 1917; x_wconf 88' lang='lat' dir='ltr'>cum</span> <span class='ocrx_word' id='word_1_457' title='bbox 1926 1877 2046 1929; x_wconf 83' lang='lat' dir='ltr'>hujus</span> <span class='ocrx_word' id='word_1_458' title='bbox 2087 1878 2290 1928; x_wconf 79' lang='lat' dir='ltr'>Responso</span> <span class='ocrx_word' id='word_1_459' title='bbox 2325 1880 2459 1916; x_wconf 83' lang='lat' dir='ltr'>exstat</span> 
     </span>
     <span class='ocr_line' id='line_1_80' title="bbox 1501 1937 2456 1980; baseline -0.005 0"><span class='ocrx_word' id='word_1_460' title='bbox 1501 1942 1579 1980; x_wconf 85' lang='lat' dir='ltr'>MS.</span> <span class='ocrx_word' id='word_1_461' title='bbox 1612 1942 1648 1978; x_wconf 92' lang='lat' dir='ltr'>in</span> <span class='ocrx_word' id='word_1_462' title='bbox 1683 1940 1777 1978; x_wconf 88' lang='lat' dir='ltr'>Bibl.</span> <span class='ocrx_word' id='word_1_463' title='bbox 1810 1940 1848 1979; x_wconf 90' lang='lat' dir='ltr'>S.</span> <span class='ocrx_word' id='word_1_464' title='bbox 1877 1941 1978 1978; x_wconf 84' lang='lat' dir='ltr'>Petri</span> <span class='ocrx_word' id='word_1_465' title='bbox 2006 1939 2296 1978; x_wconf 85' lang='lat' dir='ltr'>Eboracensis:</span> <span class='ocrx_word' id='word_1_466' title='bbox 2330 1937 2456 1978; x_wconf 84' lang='lat' dir='ltr'>Cano-</span> 
     </span>
     <span class='ocr_line' id='line_1_81' title="bbox 1498 2000 2454 2051; baseline -0.001 -12"><span class='ocrx_word' id='word_1_467' title='bbox 1498 2013 1565 2041; x_wconf 84' lang='lat' dir='ltr'>nes</span> <span class='ocrx_word' id='word_1_468' title='bbox 1596 2006 1729 2040; x_wconf 83' lang='lat' dir='ltr'>autem</span> <span class='ocrx_word' id='word_1_469' title='bbox 1768 2000 1855 2050; x_wconf 83' lang='lat' dir='ltr'>ejus</span> <span class='ocrx_word' id='word_1_470' title='bbox 1885 2001 2061 2050; x_wconf 88' lang='lat' dir='ltr'>excerpti</span> <span class='ocrx_word' id='word_1_471' title='bbox 2109 2002 2145 2037; x_wconf 88' lang='lat' dir='ltr'>in</span> <span class='ocrx_word' id='word_1_472' title='bbox 2192 2000 2290 2039; x_wconf 91' lang='lat' dir='ltr'>Bibl.</span> <span class='ocrx_word' id='word_1_473' title='bbox 2336 2000 2454 2051; x_wconf 82' lang='lat' dir='ltr'>Regis</span> 
     </span>
     <span class='ocr_line' id='line_1_82' title="bbox 1497 2061 2458 2102; baseline -0.004 0"><span class='ocrx_word' id='word_1_474' title='bbox 1497 2064 1660 2102; x_wconf 85' lang='lat' dir='ltr'>Galliae.</span> <span class='ocrx_word' id='word_1_475' title='bbox 1690 2062 1880 2101; x_wconf 80' lang='lat' dir='ltr'>Bernard.</span> <span class='ocrx_word' id='word_1_476' title='bbox 1910 2062 1959 2100; x_wconf 90' lang='lat' dir='ltr'>de</span> <span class='ocrx_word' id='word_1_477' title='bbox 1989 2061 2239 2100; x_wconf 81' lang='lat' dir='ltr'>Montfaucon</span> <span class='ocrx_word' id='word_1_478' title='bbox 2270 2061 2368 2100; x_wconf 87' lang='lat' dir='ltr'>Bibl.</span> <span class='ocrx_word' id='word_1_479' title='bbox 2395 2063 2458 2100; x_wconf 88' lang='lat' dir='ltr'>Bi-</span> 
     </span>
     <span class='ocr_line' id='line_1_83' title="bbox 1500 2122 2458 2174; baseline -0.002 -10"><span class='ocrx_word' id='word_1_480' title='bbox 1500 2126 1551 2164; x_wconf 92' lang='lat' dir='ltr'>bl.</span> <span class='ocrx_word' id='word_1_481' title='bbox 1583 2125 1691 2164; x_wconf 88' lang='lat' dir='ltr'>MSS.</span> <span class='ocrx_word' id='word_1_482' title='bbox 1725 2136 1759 2174; x_wconf 91' lang='lat' dir='ltr'>p.</span> <span class='ocrx_word' id='word_1_483' title='bbox 1791 2123 1870 2163; x_wconf 87' lang='lat'>673</span> <span class='ocrx_word' id='word_1_484' title='bbox 1916 2124 2030 2163; x_wconf 70' lang='lat'>⁴036.</span> <span class='ocrx_word' id='word_1_485' title='bbox 2063 2123 2179 2162; x_wconf 88' lang='lat' dir='ltr'>Plura</span> <span class='ocrx_word' id='word_1_486' title='bbox 2196 2122 2245 2161; x_wconf 87' lang='lat' dir='ltr'>de</span> <span class='ocrx_word' id='word_1_487' title='bbox 2266 2124 2351 2173; x_wconf 89' lang='lat' dir='ltr'>ipso</span> <span class='ocrx_word' id='word_1_488' title='bbox 2380 2124 2458 2162; x_wconf 88' lang='lat' dir='ltr'>Ma-</span> 
     </span>
     <span class='ocr_line' id='line_1_84' title="bbox 1500 2185 2460 2238; baseline -0.004 -12"><span class='ocrx_word' id='word_1_489' title='bbox 1500 2187 1696 2238; x_wconf 83' lang='lat' dir='ltr'>gnoaldus</span> <span class='ocrx_word' id='word_1_490' title='bbox 1740 2186 1968 2237; x_wconf 79' lang='lat' dir='ltr'>Ziegelbaur</span> <span class='ocrx_word' id='word_1_491' title='bbox 1998 2187 2035 2223; x_wconf 93' lang='lat' dir='ltr'>in</span> <span class='ocrx_word' id='word_1_492' title='bbox 2066 2185 2295 2236; x_wconf 84' lang='lat' dir='ltr'>Conspectu</span> <span class='ocrx_word' id='word_1_493' title='bbox 2331 2185 2386 2223; x_wconf 87' lang='lat' dir='ltr'>rei</span> <span class='ocrx_word' id='word_1_494' title='bbox 2415 2185 2460 2223; x_wconf 88' lang='lat' dir='ltr'>li-</span> 
     </span>
     <span class='ocr_line' id='line_1_85' title="bbox 1500 2244 2452 2296; baseline -0.003 -9"><span class='ocrx_word' id='word_1_495' title='bbox 1500 2249 1669 2288; x_wconf 74' lang='lat' dir='ltr'>tei-ariae</span> <span class='ocrx_word' id='word_1_496' title='bbox 1698 2248 1793 2288; x_wconf 90' lang='lat' dir='ltr'>Ord.</span> <span class='ocrx_word' id='word_1_497' title='bbox 1823 2248 1862 2286; x_wconf 89' lang='lat' dir='ltr'>S.</span> <span class='ocrx_word' id='word_1_498' title='bbox 1894 2246 2095 2286; x_wconf 81' lang='lat' dir='ltr'>Benedicti</span> <span class='ocrx_word' id='word_1_499' title='bbox 2119 2250 2218 2296; x_wconf 87' lang='lat' dir='ltr'>part.</span> <span class='ocrx_word' id='word_1_500' title='bbox 2244 2244 2274 2284; x_wconf 93' lang='grc' dir='ltr'>Ι.</span> <span class='ocrx_word' id='word_1_501' title='bbox 2294 2257 2332 2296; x_wconf 90' lang='lat' dir='ltr'>p.</span> <span class='ocrx_word' id='word_1_502' title='bbox 2363 2247 2452 2286; x_wconf 74' lang='lat'>⁴59.</span> 
     </span>
     <span class='ocr_line' id='line_1_86' title="bbox 1503 2307 2458 2361; baseline -0.002 -13"><span class='ocrx_word' id='word_1_503' title='bbox 1503 2322 1617 2361; x_wconf 76' lang='lat' dir='ltr'>seqq.</span> <span class='ocrx_word' id='word_1_504' title='bbox 1650 2311 1826 2349; x_wconf 84' lang='lat' dir='ltr'>Pictetus</span> <span class='ocrx_word' id='word_1_505' title='bbox 1857 2307 1961 2347; x_wconf 83' lang='lat' dir='ltr'>llist.</span> <span class='ocrx_word' id='word_1_506' title='bbox 1993 2307 2148 2348; x_wconf 88' lang='lat' dir='ltr'>Eccles.</span> <span class='ocrx_word' id='word_1_507' title='bbox 2177 2308 2302 2347; x_wconf 87' lang='lat' dir='ltr'>seculi</span> <span class='ocrx_word' id='word_1_508' title='bbox 2333 2309 2401 2347; x_wconf 89' lang='lat' dir='ltr'>Xl.</span> <span class='ocrx_word' id='word_1_509' title='bbox 2424 2320 2458 2359; x_wconf 93' lang='lat' dir='ltr'>p.</span> 
     </span>
    </p>
   </div>
   <div class='ocr_carea' id='block_1_8' title="bbox 1500 2369 2509 2422">
    <p class='ocr_par' dir='ltr' id='par_1_10' title="bbox 1500 2369 2509 2422">
     <span class='ocr_line' id='line_1_87' title="bbox 1500 2369 2509 2422; baseline -0.003 -12"><span class='ocrx_word' id='word_1_510' title='bbox 1500 2373 1591 2410; x_wconf 63' lang='lat' dir='ltr'>att.</span> <span class='ocrx_word' id='word_1_511' title='bbox 1624 2374 1691 2422; x_wconf 86' lang='lat' dir='ltr'>qui</span> <span class='ocrx_word' id='word_1_512' title='bbox 1723 2378 1857 2410; x_wconf 75' lang='lat' dir='ltr'>tamen</span> <span class='ocrx_word' id='word_1_513' title='bbox 1881 2383 1918 2421; x_wconf 91' lang='lat' dir='ltr'>p.</span> <span class='ocrx_word' id='word_1_514' title='bbox 1942 2371 2029 2409; x_wconf 75' lang='lat'>466.</span> <span class='ocrx_word' id='word_1_515' title='bbox 2054 2373 2216 2417; x_wconf 80' lang='lat' dir='ltr'>monet,</span> <span class='ocrx_word' id='word_1_516' title='bbox 2246 2369 2458 2419; x_wconf 84' lang='lat' dir='ltr'>hymnum,</span> <span class='ocrx_word' id='word_1_517' title='bbox 2508 2415 2509 2418; x_wconf 11' lang='grc' dir='ltr'><strong>Ἴ</strong></span> 
     </span>
    </p>
   </div>
   <div class='ocr_carea' id='block_1_9' title="bbox 1501 2429 2469 3343">
    <p class='ocr_par' dir='ltr' id='par_1_11' title="bbox 1503 2429 2462 2533">
     <span class='ocr_line' id='line_1_88' title="bbox 1510 2429 2462 2483; baseline 0 -13"><span class='ocrx_word' id='word_1_518' title='bbox 1510 2433 1602 2471; x_wconf 86' lang='lat' dir='ltr'>Veni</span> <span class='ocrx_word' id='word_1_519' title='bbox 1628 2435 1768 2473; x_wconf 82' lang='lat' dir='ltr'>Sancte</span> <span class='ocrx_word' id='word_1_520' title='bbox 1799 2432 1976 2483; x_wconf 84' lang='lat' dir='ltr'>Spiritus</span> <span class='ocrx_word' id='word_1_521' title='bbox 1993 2463 2003 2480; x_wconf 87' lang='lat'><em>,</em></span> <span class='ocrx_word' id='word_1_522' title='bbox 2034 2443 2055 2470; x_wconf 89' lang='lat' dir='ltr'>a</span> <span class='ocrx_word' id='word_1_523' title='bbox 2083 2430 2323 2482; x_wconf 88' lang='lat' dir='ltr'>quibusdam</span> <span class='ocrx_word' id='word_1_524' title='bbox 2361 2429 2462 2470; x_wconf 86' lang='lat' dir='ltr'>Her-</span> 
     </span>
     <span class='ocr_line' id='line_1_89' title="bbox 1503 2493 2059 2533; baseline -0.002 -1"><span class='ocrx_word' id='word_1_525' title='bbox 1503 2505 1650 2533; x_wconf 88' lang='lat' dir='ltr'>manno</span> <span class='ocrx_word' id='word_1_526' title='bbox 1680 2495 1897 2533; x_wconf 88' lang='lat' dir='ltr'>Contracto</span> <span class='ocrx_word' id='word_1_527' title='bbox 1925 2493 2059 2532; x_wconf 88' lang='lat' dir='ltr'>tribui.</span> 
     </span>
    </p>

    <p class='ocr_par' dir='ltr' id='par_1_12' title="bbox 1501 2554 2469 3343">
     <span class='ocr_line' id='line_1_90' title="bbox 1554 2554 2465 2604; baseline -0.003 -10"><span class='ocrx_word' id='word_1_528' title='bbox 1554 2554 1575 2577; x_wconf 64' lang='lat'>¹*</span> <span class='ocrx_word' id='word_1_529' title='bbox 1599 2557 1708 2594; x_wconf 88' lang='lat' dir='ltr'>Inter</span> <span class='ocrx_word' id='word_1_530' title='bbox 1726 2556 1948 2594; x_wconf 87' lang='lat' dir='ltr'>cantilenas</span> <span class='ocrx_word' id='word_1_531' title='bbox 1972 2554 2085 2602; x_wconf 75' lang='lat' dir='ltr'>illaS,</span> <span class='ocrx_word' id='word_1_532' title='bbox 2108 2564 2211 2604; x_wconf 85' lang='lat' dir='ltr'>quae</span> <span class='ocrx_word' id='word_1_533' title='bbox 2233 2554 2325 2604; x_wconf 83' lang='lat' dir='ltr'>Regi</span> <span class='ocrx_word' id='word_1_534' title='bbox 2346 2554 2465 2593; x_wconf 89' lang='lat' dir='ltr'>Fran-</span> 
     </span>
     <span class='ocr_line' id='line_1_91' title="bbox 1501 2615 2463 2666; baseline -0.002 -10"><span class='ocrx_word' id='word_1_535' title='bbox 1501 2628 1636 2656; x_wconf 80' lang='lat' dir='ltr'>corum</span> <span class='ocrx_word' id='word_1_536' title='bbox 1668 2618 1838 2656; x_wconf 86' lang='lat' dir='ltr'>Roberto</span> <span class='ocrx_word' id='word_1_537' title='bbox 1877 2617 1941 2655; x_wconf 88' lang='lat' dir='ltr'>hic</span> <span class='ocrx_word' id='word_1_538' title='bbox 1971 2616 2229 2664; x_wconf 88' lang='lat' dir='ltr'>tribuuntur,</span> <span class='ocrx_word' id='word_1_539' title='bbox 2260 2615 2323 2654; x_wconf 84' lang='lat' dir='ltr'>illa</span> <span class='ocrx_word' id='word_1_540' title='bbox 2361 2627 2463 2666; x_wconf 84' lang='lat' dir='ltr'>quae</span> 
     </span>
     <span class='ocr_line' id='line_1_92' title="bbox 1503 2677 2465 2730; baseline -0.002 -12"><span class='ocrx_word' id='word_1_541' title='bbox 1503 2685 1565 2718; x_wconf 88' lang='lat' dir='ltr'>est</span> <span class='ocrx_word' id='word_1_542' title='bbox 1593 2679 1643 2717; x_wconf 88' lang='lat' dir='ltr'>de</span> <span class='ocrx_word' id='word_1_543' title='bbox 1672 2680 1824 2730; x_wconf 84' lang='lat' dir='ltr'>Spiritu</span> <span class='ocrx_word' id='word_1_544' title='bbox 1863 2679 1900 2718; x_wconf 94' lang='lat' dir='ltr'>S.</span> <span class='ocrx_word' id='word_1_545' title='bbox 1933 2678 2151 2728; x_wconf 86' lang='lat' dir='ltr'>incipiens:</span> <span class='ocrx_word' id='word_1_546' title='bbox 2188 2677 2278 2715; x_wconf 79' lang='lat' dir='ltr'>Veni</span> <span class='ocrx_word' id='word_1_547' title='bbox 2319 2677 2465 2716; x_wconf 82' lang='lat' dir='ltr'>Sancte</span> 
     </span>
     <span class='ocr_line' id='line_1_93' title="bbox 1504 2737 2466 2793; baseline -0.004 -13"><span class='ocrx_word' id='word_1_548' title='bbox 1504 2740 1680 2793; x_wconf 82' lang='lat' dir='ltr'>Spiritus</span> <span class='ocrx_word' id='word_1_549' title='bbox 1715 2741 1827 2780; x_wconf 91' lang='lat' dir='ltr'>alteri</span> <span class='ocrx_word' id='word_1_550' title='bbox 1860 2744 1902 2778; x_wconf 88' lang='lat' dir='ltr'>ut</span> <span class='ocrx_word' id='word_1_551' title='bbox 1930 2739 2098 2777; x_wconf 89' lang='lat' dir='ltr'>arbitror</span> <span class='ocrx_word' id='word_1_552' title='bbox 2133 2739 2283 2777; x_wconf 85' lang='lat' dir='ltr'>auct-ori</span> <span class='ocrx_word' id='word_1_553' title='bbox 2313 2737 2466 2777; x_wconf 85' lang='lat' dir='ltr'>adiudi—</span> 
     </span>
     <span class='ocr_line' id='line_1_94' title="bbox 1503 2800 2465 2851; baseline -0.005 -10"><span class='ocrx_word' id='word_1_554' title='bbox 1503 2802 1628 2841; x_wconf 91' lang='lat' dir='ltr'>canda</span> <span class='ocrx_word' id='word_1_555' title='bbox 1672 2807 1756 2850; x_wconf 80' lang='lat' dir='ltr'>cst,</span> <span class='ocrx_word' id='word_1_556' title='bbox 1808 2812 1950 2851; x_wconf 80' lang='lat' dir='ltr'>nempe</span> <span class='ocrx_word' id='word_1_557' title='bbox 1987 2801 2213 2839; x_wconf 88' lang='lat' dir='ltr'>Hermanno</span> <span class='ocrx_word' id='word_1_558' title='bbox 2242 2800 2465 2840; x_wconf 86' lang='lat' dir='ltr'>Contracto.</span> 
     </span>
     <span class='ocr_line' id='line_1_95' title="bbox 1504 2860 2469 2912; baseline -0.004 -9"><span class='ocrx_word' id='word_1_559' title='bbox 1504 2864 1631 2910; x_wconf 90' lang='lat' dir='ltr'>Quam</span> <span class='ocrx_word' id='word_1_560' title='bbox 1656 2863 1767 2901; x_wconf 79' lang='lat' dir='ltr'>dedit</span> <span class='ocrx_word' id='word_1_561' title='bbox 1788 2862 2005 2908; x_wconf 74' lang='lat' dir='ltr'>Robortus,</span> <span class='ocrx_word' id='word_1_562' title='bbox 2026 2861 2089 2900; x_wconf 86' lang='lat' dir='ltr'>illa</span> <span class='ocrx_word' id='word_1_563' title='bbox 2110 2866 2199 2900; x_wconf 87' lang='lat' dir='ltr'>est:</span> <span class='ocrx_word' id='word_1_564' title='bbox 2223 2860 2364 2901; x_wconf 71' lang='lat' dir='ltr'>Sancti</span> <span class='ocrx_word' id='word_1_565' title='bbox 2381 2861 2469 2912; x_wconf 79' lang='lat' dir='ltr'>Spi-</span> 
     </span>
     <span class='ocr_line' id='line_1_96' title="bbox 1505 2921 2467 2973; baseline -0.003 -11"><span class='ocrx_word' id='word_1_566' title='bbox 1505 2926 1610 2963; x_wconf 81' lang='lat' dir='ltr'>ritus</span> <span class='ocrx_word' id='word_1_567' title='bbox 1633 2924 1739 2962; x_wconf 84' lang='lat' dir='ltr'>adsit</span> <span class='ocrx_word' id='word_1_568' title='bbox 1762 2921 1872 2962; x_wconf 83' lang='lat' dir='ltr'>nobis</span> <span class='ocrx_word' id='word_1_569' title='bbox 1894 2922 2035 2973; x_wconf 73' lang='lat' dir='ltr'>qratia</span> <span class='ocrx_word' id='word_1_570' title='bbox 2052 2953 2063 2972; x_wconf 86' lang='lat'><em>,</em></span> <span class='ocrx_word' id='word_1_571' title='bbox 2095 2927 2199 2962; x_wconf 88' lang='lat' dir='ltr'>teste</span> <span class='ocrx_word' id='word_1_572' title='bbox 2224 2922 2406 2961; x_wconf 80' lang='lat' dir='ltr'>Alberico</span> <span class='ocrx_word' id='word_1_573' title='bbox 2429 2923 2467 2960; x_wconf 90' lang='lat' dir='ltr'>in</span> 
     </span>
     <span class='ocr_line' id='line_1_97' title="bbox 1505 2983 2466 3036; baseline -0.002 -12"><span class='ocrx_word' id='word_1_574' title='bbox 1505 2986 1699 3024; x_wconf 86' lang='lat' dir='ltr'>Chronico</span> <span class='ocrx_word' id='word_1_575' title='bbox 1723 2985 1771 3024; x_wconf 88' lang='lat' dir='ltr'>ad</span> <span class='ocrx_word' id='word_1_576' title='bbox 1802 2997 1865 3024; x_wconf 92' lang='lat' dir='ltr'>an.</span> <span class='ocrx_word' id='word_1_577' title='bbox 1896 2984 1985 3023; x_wconf 83' lang='lat'>797.</span> <span class='ocrx_word' id='word_1_578' title='bbox 2017 2985 2084 3036; x_wconf 92' lang='lat' dir='ltr'>qui</span> <span class='ocrx_word' id='word_1_579' title='bbox 2113 2988 2154 3023; x_wconf 83' lang='lat' dir='ltr'>et</span> <span class='ocrx_word' id='word_1_580' title='bbox 2183 2983 2294 3024; x_wconf 90' lang='lat' dir='ltr'>addit</span> <span class='ocrx_word' id='word_1_581' title='bbox 2318 2984 2466 3023; x_wconf 81' lang='lat' dir='ltr'>foetum</span> 
     </span>
     <span class='ocr_line' id='line_1_98' title="bbox 1506 3045 2468 3098; baseline -0.001 -14"><span class='ocrx_word' id='word_1_582' title='bbox 1506 3049 1593 3086; x_wconf 71' lang='lat' dir='ltr'>cius</span> <span class='ocrx_word' id='word_1_583' title='bbox 1623 3058 1713 3086; x_wconf 88' lang='lat' dir='ltr'>esse</span> <span class='ocrx_word' id='word_1_584' title='bbox 1743 3049 1891 3098; x_wconf 83' lang='lat' dir='ltr'>pariter</span> <span class='ocrx_word' id='word_1_585' title='bbox 1934 3047 2054 3086; x_wconf 88' lang='lat' dir='ltr'>illud:</span> <span class='ocrx_word' id='word_1_586' title='bbox 2099 3048 2188 3085; x_wconf 73' lang='lat' dir='ltr'>Rem</span> <span class='ocrx_word' id='word_1_587' title='bbox 2228 3045 2468 3096; x_wconf 78' lang='lat' dir='ltr'>omnipotens</span> 
     </span>
     <span class='ocr_line' id='line_1_99' title="bbox 1507 3104 2467 3159; baseline -0.004 -12"><span class='ocrx_word' id='word_1_588' title='bbox 1507 3114 1547 3147; x_wconf 79' lang='lat' dir='ltr'>ct</span> <span class='ocrx_word' id='word_1_589' title='bbox 1577 3111 1901 3159; x_wconf 81' lang='lat' dir='ltr'>responsorium:</span> <span class='ocrx_word' id='word_1_590' title='bbox 1949 3119 1971 3148; x_wconf 94' lang='lat' dir='ltr'>o</span> <span class='ocrx_word' id='word_1_591' title='bbox 2013 3106 2122 3147; x_wconf 84' lang='lat' dir='ltr'>Juda</span> <span class='ocrx_word' id='word_1_592' title='bbox 2168 3111 2206 3147; x_wconf 89' lang='lat' dir='ltr'>et</span> <span class='ocrx_word' id='word_1_593' title='bbox 2243 3104 2467 3146; x_wconf 83' lang='lat' dir='ltr'>Jerusalem</span> 
     </span>
     <span class='ocr_line' id='line_1_100' title="bbox 1509 3167 2466 3221; baseline -0.004 -13"><span class='ocrx_word' id='word_1_594' title='bbox 1509 3172 1593 3214; x_wconf 74' lang='lat' dir='ltr'>(An</span> <span class='ocrx_word' id='word_1_595' title='bbox 1618 3172 1669 3209; x_wconf 89' lang='lat' dir='ltr'>sit</span> <span class='ocrx_word' id='word_1_596' title='bbox 1694 3171 1790 3209; x_wconf 84' lang='lat' dir='ltr'>baec</span> <span class='ocrx_word' id='word_1_597' title='bbox 1816 3182 1918 3221; x_wconf 87' lang='lat' dir='ltr'>quae</span> <span class='ocrx_word' id='word_1_598' title='bbox 1959 3170 2073 3209; x_wconf 90' lang='lat' dir='ltr'>modo</span> <span class='ocrx_word' id='word_1_599' title='bbox 2113 3170 2258 3220; x_wconf 81' lang='lat' dir='ltr'>legitur</span> <span class='ocrx_word' id='word_1_600' title='bbox 2283 3169 2320 3206; x_wconf 90' lang='lat' dir='ltr'>in</span> <span class='ocrx_word' id='word_1_601' title='bbox 2347 3167 2466 3206; x_wconf 83' lang='lat' dir='ltr'>Missa</span> 
     </span>
     <span class='ocr_line' id='line_1_101' title="bbox 1510 3230 2468 3282; baseline -0.006 -13"><span class='ocrx_word' id='word_1_602' title='bbox 1510 3233 1558 3270; x_wconf 81' lang='lat' dir='ltr'>(le</span> <span class='ocrx_word' id='word_1_603' title='bbox 1589 3234 1803 3272; x_wconf 83' lang='lat' dir='ltr'>Nativitatc</span> <span class='ocrx_word' id='word_1_604' title='bbox 1849 3233 2002 3271; x_wconf 90' lang='lat' dir='ltr'>Domini</span> <span class='ocrx_word' id='word_1_605' title='bbox 2032 3230 2211 3282; x_wconf 84' lang='lat' dir='ltr'>ambigo)</span> <span class='ocrx_word' id='word_1_606' title='bbox 2248 3230 2468 3277; x_wconf 79' lang='lat' dir='ltr'>Responso-</span> 
     </span>
     <span class='ocr_line' id='line_1_102' title="bbox 1514 3287 2465 3343; baseline -0.007 -11"><span class='ocrx_word' id='word_1_607' title='bbox 1514 3296 1613 3333; x_wconf 81' lang='lat' dir='ltr'>rium</span> <span class='ocrx_word' id='word_1_608' title='bbox 1632 3308 1638 3332; x_wconf 90' lang='lat'>:</span> <span class='ocrx_word' id='word_1_609' title='bbox 1664 3297 1694 3333; x_wconf 79' lang='lat'><em>0</em></span> <span class='ocrx_word' id='word_1_610' title='bbox 1703 3293 1923 3333; x_wconf 78' lang='lat' dir='ltr'>constantia</span> <span class='ocrx_word' id='word_1_611' title='bbox 1944 3297 2169 3343; x_wconf 80' lang='lat' dir='ltr'>martyrum</span> <span class='ocrx_word' id='word_1_612' title='bbox 2183 3287 2355 3328; x_wconf 80' lang='lat' dir='ltr'>alleluia.</span> <span class='ocrx_word' id='word_1_613' title='bbox 2374 3287 2465 3326; x_wconf 78' lang='lat' dir='ltr'>Eri-</span> 
     </span>
    </p>
   </div>
   <div class='ocr_carea' id='block_1_10' title="bbox 2531 234 2533 258">
    <p class='ocr_par' dir='ltr' id='par_1_13' title="bbox 2531 234 2533 258">
     <span class='ocr_line' id='line_1_103' title="bbox 2531 234 2533 258; baseline 0 0"><span class='ocrx_word' id='word_1_614' title='bbox 2531 234 2533 258; x_wconf 80' lang='lat' dir='ltr'>l</span> 
     </span>
    </p>
   </div>
  </div>
 </body>
</html>
