2517 4009
836 240 1284 282 RAIMUNDUS

117 317 274 368 Aquam
304 317 427 354 Terra
459 315 653 367 minorem
685 324 789 353 esse.

117 379 338 418 Florentiae
367 387 438 427 per
468 375 714 415 Bernardum
760 376 1017 415 Zucchettam

63 439 126 479 die
142 442 189 479 X.
207 439 368 479 Januari
394 438 556 477 MCCCCC
591 439 626 476 X
660 438 743 476 1111.
769 438 849 476 Λ-Β
868 437 1019 476 chartis

64 501 125 540 40.
156 502 335 540 Dicatum
368 500 486 538 Leoni
518 500 566 538 X.
598 500 646 537 ab
669 500 752 549 ipso
778 498 963 537 Auctore.

118 563 160 601 In
193 562 266 601 hoc
295 561 488 612 opusculo
518 562 791 599 continentur.

115 623 216 670 Quid
249 625 301 661 sit
326 624 524 674 proportio
549 628 588 661 et
611 627 708 672 quot
737 623 823 661 eius
853 621 1018 670 species.

118 686 204 732 Quo
222 685 426 724 intellectu
449 686 682 736 compositio
706 689 746 722 et
770 683 912 721 divisio
934 693 1020 732 pro-

65 748 292 799 portionum
323 748 539 797 accipiatur
569 751 609 785 et
640 747 742 785 male
771 746 1019 795 opinantium

65 810 376 850 confutationes.

113 872 223 918 Quae
243 873 365 910 maior
381 873 561 909 minorve
578 871 774 921 proportio
786 867 952 907 dicenda
969 868 1021 906 sit

114 932 216 980 Quid
248 934 524 984 propinquitas
554 938 594 971 et
624 933 804 970 remotio.

114 995 395 1035 Confutatores
407 999 736 1045 argumentorum
755 992 1020 1031 calculatoris.

113 1057 336 1095 Florentiae
366 1068 435 1107 per
476 1056 721 1095 Bernardum
763 1056 1020 1094 Zucchettam

61 1118 227 1158 MDXX.
257 1119 432 1157 Januarii
474 1119 556 1157 XV.
589 1117 673 1157 A·C
704 1119 832 1155 chart.
866 1117 927 1156 42.
966 1116 1024 1153 di-

59 1185 194 1220 catum
224 1181 366 1219 loanni
395 1179 511 1219 Card.
544 1179 592 1217 de
624 1179 812 1217 Salviatis
836 1179 884 1216 ab
902 1178 1022 1216 Auct.

114 1244 147 1281 J.
174 1243 333 1294 Nigrius
364 1241 518 1282 adludit
534 1240 582 1280 ad
604 1240 705 1278 duos
726 1240 845 1278 hosce
871 1239 1023 1277 libellos

63 1308 105 1343 at
130 1315 209 1342 non
250 1304 402 1342 vidisse
436 1308 546 1342 certe
580 1303 802 1341 coniicitur.
846 1302 1022 1339 Primum

64 1370 224 1404 tantum
251 1365 355 1404 vidit
378 1365 585 1405 Cinellius.
615 1365 715 1402 Hist.
746 1364 826 1401 MS.

113 1428 169 1465 De
194 1438 240 1466 eo
270 1428 355 1466 icon
386 1439 408 1465 a
438 1427 614 1477 Philippo
643 1425 753 1475 Lippi
798 1426 836 1461 in
880 1423 1024 1462 celebri

61 1488 243 1528 aedicula
270 1489 495 1527 Brancacci.

115 1550 211 1589 Vide
250 1551 384 1589 Vasari
431 1553 525 1587 tom.
556 1550 583 1587 l.
620 1548 694 1587 470
734 1545 839 1586 Edit.
864 1548 1026 1585 Romae.

62 1611 208 1651 Follini
231 1612 376 1662 Opusc.
401 1610 445 1649 di
465 1609 778 1661 Bory’oyniss.t
815 1609 900 1648 XV.
926 1610 1029 1647 Ban-

60 1675 142 1713 dini
163 1673 342 1723 Catalog.
359 1672 482 1711 Codd.
514 1672 654 1712 Medic.
674 1674 859 1711 Laurent.
892 1671 939 1709 ΙΙ.
963 1669 1027 1708 79.

64 1747 138 1775 nec
168 1747 249 1774 non
267 1734 466 1774 Ximenes
491 1736 530 1773 in
549 1735 622 1786 Op.
647 1733 720 1774 Del
748 1736 784 1774 V.
811 1745 830 1772 e
854 1734 901 1772 Ν.
928 1733 1029 1771 Gno-

59 1808 169 1836 mone
193 1796 419 1836 Fiorenci'no
445 1797 485 1835 in
506 1796 655 1835 Introd.
677 1798 686 1845 )

115 1859 318 1898 RAGUEL
330 1889 341 1907 ‚
355 1860 570 1910 Presbyter
584 1889 594 1906 ,
620 1859 719 1897 forte
735 1859 1020 1908 Cordubensis,

63 1922 224 1972 scripsit
257 1920 500 1973 Martyrium
531 1919 688 1971 Pelaqz'z·
715 1920 837 1959 Pueri
862 1932 896 1959 a.
928 1921 1021 1959 925.

62 1983 261 2029 coronati,
286 1986 326 2020 et
354 1994 401 2021 ea
430 1994 533 2033 quae
564 1988 724 2031 narrat,
754 1982 803 2021 ab
829 1984 899 2030 iis,
925 1993 1022 2032 quo-

66 2055 154 2082 rum
189 2045 225 2081 in
247 2054 407 2082 carcere
433 2044 580 2082 sodalis
607 2048 762 2093 martyr
793 2044 946 2091 suerat,
979 2055 1022 2082 se

63 2105 267 2144 audivisse
292 2106 434 2144 innuit.
466 2107 610 2154 Certe,
639 2107 732 2156 quia
762 2107 924 2154 scribit,
950 2117 1022 2144 suo

64 2171 242 2218 tempore
272 2178 339 2206 cor
369 2168 512 2219 Pelagii
544 2168 752 2208 Cordubae
785 2170 822 2206 in
853 2168 951 2206 aede
981 2169 1022 2207 S.

63 2228 251 2280 Cypriani
298 2231 579 2280 requiescere,
611 2241 758 2280 corpus
802 2234 939 2268 autem
984 2232 1021 2267 in

62 2291 242 2330 Ecclesia
265 2292 303 2330 S.
323 2292 484 2331 Genesii
504 2323 512 2341 ,
535 2292 682 2330 indicat
702 2304 745 2331 sc
761 2297 854 2330 ante
873 2303 906 2330 a.
933 2292 1023 2330 966.

64 2353 299 2403 scripsisse,
322 2365 400 2403 quo
419 2365 564 2404 corpus
593 2365 638 2392 eo
669 2354 908 2393 translatum
936 2354 1026 2392 fuit.

62 2412 227 2451 Editum
262 2417 325 2451 est
356 2414 428 2452 hoc
458 2416 695 2465 Martyrium
726 2416 775 2454 ab
812 2415 1024 2453 Ambrosio

61 2473 195 2513 Morali
225 2483 317 2512 cum
348 2474 549 2524 Operibus
581 2476 622 2513 S.
653 2477 836 2526 Eulogii,
867 2478 904 2514 in
939 2478 1027 2514 llis-

65 2535 180 2587 pnaia
197 2535 395 2574 illustrata
417 2541 496 2574 tom
525 2537 586 2575 lV.
611 2549 646 2588 p.
670 2538 761 2575 247.
783 2542 823 2576 et
849 2540 886 2575 in
913 2539 1025 2576 Actis

65 2597 302 2636 Sanctorum
325 2601 418 2635 tom.
446 2598 490 2635 V.
514 2599 620 2637 Junii
643 2611 679 2649 p.
705 2599 794 2637 206.
819 2599 914 2637 Vide
940 2600 1024 2637 Nic.

66 2658 228 2697 Antonii
272 2658 370 2696 Bibl.
400 2660 615 2710 Hispanam
650 2661 834 2698 Veterem
876 2661 922 2698 Vl
962 2662 1023 2699 44.

24 2720 28 2722 ’
66 2732 104 2758 n.
135 2719 224 2759 337.
255 2721 292 2758 8.
321 2725 362 2758 et
393 2722 705 2772 Papebrochium
742 2734 779 2773 p.
809 2723 898 2761 205.

121 2782 410 2830 RAHEWlNl,
443 2785 576 2822 nescio
607 2784 724 2833 cujus
755 2784 913 2834 (Codex
946 2785 1023 2823 MS.

68 2844 187 2883 habet
231 2843 410 2892 Rahew)
441 2845 488 2884 ad
522 2847 565 2884 H.
598 2848 740 2897 Papam
789 2845 1025 2894 mosomus,

67 2905 103 2944 id
134 2910 224 2954 est,
255 2906 344 2945 libri
374 2907 453 2946 duo
485 2908 888 2959 Rhytmici,quorum
922 2921 1026 2949 unus

69 2967 300 3006 Sententias
323 2968 580 3020 Theologicas
604 2970 652 3009 dc
683 2972 761 3010 Deo
786 2977 826 3009 et
853 2972 920 3011 SS.
944 2973 1028 3010 Tri-

70 3030 194 3068 nitate
210 3059 221 3077 ,
245 3030 346 3068 alter
365 3029 414 3069 de
438 3031 600 3082 Angelis
624 3033 929 3084 complectitur,
959 3045 1029 3072 ex-

68 3096 149 3131 stat
178 3093 215 3129 in
239 3091 478 3131 Bibliotheca
505 3095 732 3132 monasterii
754 3095 1025 3145 Tegernseen-

73 3155 157 3203 sis,
193 3158 296 3194 teste
334 3155 452 3193 Bern.
484 3156 596 3193 Pezio
628 3156 664 3193 in
696 3156 862 3194 Dissert.
900 3158 1029 3206 Isago-

68 3217 152 3268 gica
176 3215 224 3255 ad
256 3221 423 3256 tomum.
450 3218 478 3255 l.
508 3216 699 3256 Thesauri
725 3219 815 3256 novi
846 3216 1029 3257 Anecdo-

74 3282 205 3317 torum
239 3290 328 3330 pag.
374 3280 434 3318 44.
487 3279 600 3329 Opus
646 3282 683 3317 in
716 3279 861 3318 Codice
905 3291 1030 3318 mem-

71 3340 126 3379 br.
157 3341 466 3392 quingentorum
499 3353 692 3382 annorum
742 3344 809 3381 sic.
869 3345 1027 3394 incipit:

1097 310 1103 312 ⁷
1150 323 1258 352 instas
1276 345 1285 359 ,
1311 328 1408 360 urges
1425 344 1434 357 ‚
1458 317 1613 359 precibus
1628 343 1637 356 ‚
1663 319 1759 349 Pater
1782 317 1995 355 venerande,

1148 371 1315 402 Admones
1331 394 1340 408 ‚
1367 377 1458 401 nunc
1480 370 1572 402 acuis
1588 391 1597 406 ‚
1620 375 1712 399 nunc
1731 366 1896 399 hortando
1924 365 2056 398 blande.

1146 436 1404 476 BAlMlLlUS
1424 437 1466 475 in
1489 434 1723 486 Cataloyum
1742 432 1986 474 Mithridatis
2003 432 2051 471 ad

1093 501 1294 538 Nicolaum
1335 499 1377 537 V.
1407 502 1541 536 exstat
1573 498 1608 534 in
1641 496 1736 535 Bibl.
1771 497 1811 535 S.
1841 496 1944 534 Gatii
1975 496 2054 534 Tu-

1094 562 1288 599 ronensis.
1317 562 1433 599 Bern.
1462 559 1511 597 de
1537 559 1786 597 Montsaucon
1819 557 1917 596 Bibl.
1946 557 2051 596 MSS.

1095 634 1127 673 p.
1166 624 1282 662 4275.
1308 621 1384 661 Sed
1416 620 1605 671 quidnam
1637 621 1723 659 libri
1755 622 1828 666 sit,
1862 631 1937 658 non
1965 630 2055 670 pos-

1095 695 1184 723 sum
1210 684 1355 722 dicere.
1375 684 1558 720 Fortasse.
1575 682 1622 720 ad
1641 680 1907 720 Raimundum
1933 679 2056 720 Mich-

1095 745 1266 784 ridatem
1308 746 1506 795 pertinet,
1547 743 1596 782 de
1626 754 1704 793 quo
1734 754 1854 793 supra
1885 748 1981 780 tom.
2012 742 2055 781 V.

1096 820 1183 859 pag.
1214 808 1276 847 79.

1151 870 1392 909 RAlMlBUS
1423 867 1669 914 Gaditanus,
1699 866 1816 916 cujus
1845 865 2058 905 divinatio-

1095 944 1182 971 nem
1212 930 1425 971 sideralem
1456 931 1563 980 typis
1594 931 1830 979 impressam
1863 933 2057 967 memorat

1099 994 1319 1034 Gesnerus.

1151 1056 1447 1096 RAlMUiN'DUS
1477 1053 1523 1093 de
1547 1053 1687 1105 Aqeles
1731 1053 1794 1091 vel
1839 1052 2057 1103 Ayilaeus,

1098 1120 1322 1158 Canonicus
1349 1117 1553 1156 Podiensis
1574 1146 1582 1163 ,
1603 1121 1643 1154 et
1673 1116 1856 1165 Episcopi
1883 1117 1941 1154 sui
1962 1145 1970 1163 ,
1991 1116 2059 1164 qui

1099 1181 1218 1219 simul
1242 1182 1386 1219 Comes
1407 1179 1628 1216 Tolosanus
1653 1182 1737 1215 erat
1757 1206 1764 1223 ‚
1790 1176 2055 1227 Capellanus,

1098 1252 1190 1279 cum
1206 1253 1284 1290 quo
1300 1252 1336 1279 a.
1362 1241 1478 1279 4095.
1507 1241 1542 1276 in
1567 1243 1712 1276 terram
1741 1237 1928 1276 Sanctam
1950 1238 2056 1286 abiit,

1098 1308 1139 1341 et
1167 1313 1231 1341 res
1257 1303 1306 1341 ibi
1328 1314 1398 1352 per
1423 1302 1745 1351 quinquennium
1772 1305 1922 1350 gestas⁷
1942 1301 2058 1338 testis

1101 1359 1293 1405 κυτδπτης
1323 1363 1398 1401 sub
1428 1363 1543 1400 titulo
1587 1362 1790 1400 Historiae
1837 1361 2062 1413 Hierosoly—

1099 1426 1273 1464 mz'tanae
1307 1424 1533 1474 descripsit.
1574 1424 1722 1461 Exstat
1752 1423 1815 1460 illa
1854 1424 1890 1460 in
1926 1425 2061 1462 Gestis

1100 1489 1170 1527 Dei
1202 1499 1270 1538 per
1303 1488 1474 1524 Francos
1506 1489 1599 1522 tom.
1627 1485 1654 1521 Ι.
1688 1494 1773 1533 pag.
1807 1485 1896 1522 439.
1927 1484 2063 1523 Anno-

1101 1551 1275 1588 tationes
1305 1549 1343 1585 in
1374 1558 1461 1585 eam
1487 1545 1725 1584 Barthianas
1746 1556 1838 1584 cum
1870 1545 2002 1584 Indice
2024 1552 2063 1584 et

1102 1611 1303 1650 Glossario
1325 1608 1449 1648 edidit
1470 1609 1530 1646 Jo.
1550 1609 1694 1646 Petrus
1714 1617 1736 1645 a
1757 1606 1947 1658 Ludewig
1967 1612 2062 1645 tom.

1104 1674 1168 1711 Ill.
1192 1673 1464 1722 Reliquiarum
1494 1681 1581 1721 pag.
1613 1670 1705 1707 230.
1730 1679 1812 1719 seq.
1835 1668 1996 1707 Caveus
2022 1669 2064 1707 fi-

1104 1735 1194 1773 dem
1232 1734 1406 1773 auctoris
1435 1744 1485 1770 ex
1516 1731 1589 1770 bac
1621 1731 1777 1769 solenni
1811 1732 2064 1770 execratione

1104 1795 1394 1834 aestimandam
1426 1797 1588 1840 censet,
1622 1803 1724 1842 quae
1754 1803 1842 1843 pag.
1875 1793 2066 1843 46316ςί-

1097 1865 1187 1898 tur:
1207 1859 1284 1897 Oro
1316 1857 1441 1908 iyitur
1470 1858 1507 1893 et
1534 1853 1696 1893 obsecro
1724 1864 1867 1900 omnes,
1886 1855 1954 1904 qui
1970 1852 2065 1891 haec

1094 1919 1280 1958 audituri·
1303 1921 1415 1965 sunt,
1439 1920 1486 1955 ut
1514 1915 1680 1954 credant
1713 1915 1807 1954 haec
1841 1915 1896 1953 ita
1925 1913 2063 1966 fuisse.

1096 1981 1209 2032 Quod
1235 1981 1273 2020 si
1300 1980 1516 2033 quicquam
1545 1988 1613 2028 eqo
1638 1980 1806 2028 praeter
1835 1976 1988 2014 credita
2030 1979 2068 2014 ec

1095 2044 1184 2083 visa
1208 2043 1344 2082 studeo
1373 2041 1555 2094 referre,
1586 2039 1649 2080 vel
1676 2039 1762 2078 odio
1787 2038 1961 2077 alieuius
1994 2049 2064 2089 ap-

1094 2105 1237 2158 posui,
1279 2108 1454 2156 apponat
1481 2102 1579 2142 mihi
1607 2104 1713 2141 Deus
1743 2112 1875 2139 omnes
1919 2099 2066 2152 inferni

1091 2168 1270 2220 playas,
1309 2171 1347 2206 et
1383 2165 1510 2206 deleat
1544 2177 1604 2204 me
1633 2164 1680 2203 de
1710 2163 1812 2202 libro
1847 2164 1965 2203 vitae.
2004 2163 2064 2202 Ad

1100 2232 1195 2270 baec
1219 2230 1337 2268 verba
1359 2234 1494 2267 autern
1517 2228 1596 2266 duo
1617 2226 1835 2278 regerenda
1859 2237 1949 2264 esse
1973 2237 2066 2264 cen-

1100 2297 1162 2331 set
1192 2291 1391 2330 Barthius.
1427 2291 1631 2337 Primum,
1662 2287 1766 2337 quod
1796 2287 1843 2326 ad
1870 2288 1961 2326 visa
1979 2299 2067 2337 spc-

1099 2359 1193 2402 ctat,
1210 2356 1342 2392 virum
1361 2353 1511 2390 bonum
1536 2360 1825 2398 nonnunquam
1843 2350 2067 2399 praestigiis

1101 2418 1264 2456 illusum
1308 2416 1464 2462 fuisse,
1505 2425 1540 2464 p.
1580 2413 1673 2450 234.
1704 2411 1807 2460 quod
1839 2415 1973 2449 autem
2017 2410 2067 2448 ad

1101 2479 1283 2526 credita,
1334 2489 1410 2515 non
1457 2478 1543 2515 sine
1571 2475 1719 2525 judicio
1750 2473 1859 2512 addit
1903 2484 1939 2522 p.
1975 2472 2066 2510 268.

1105 2541 1272 2581 Credita
1297 2539 1378 2578 dici·
1393 2541 1564 2589 possunt
1592 2537 1711 2575 eliam
1738 2534 1972 2587 falsissima.
1996 2534 2069 2573 Ni-

1102 2601 1160 2640 hil
1184 2602 1285 2640 enim
1312 2605 1391 2638 tam
1416 2599 1535 2639 stulte
1557 2598 1657 2649 finyi
1681 2597 1766 2649 fere
1784 2596 1940 2648 potuit,
1965 2595 2070 2647 quod

1100 2663 1334 2714 superstitio
1364 2662 1529 2700 icle'oti'ca
1559 2671 1635 2698 non
1664 2659 1922 2710 aliquatenus
1943 2657 2069 2696 credi-

1105 2724 1226 2764 derit.

1153 2786 1449 2826 RAlMUNDUS
1478 2784 1694 2829 Albertus,
1734 2783 2063 2824 Barcinonensis.

1103 2850 1337 2900 praefectus
1367 2849 1577 2887 Generalis
1607 2846 1758 2885 ordinis
1783 2846 1821 2884 S.
1853 2845 1994 2883 Maria-³
2019 2844 2067 2881 de

1102 2910 1308 2959 Mercede,
1341 2911 1504 2949 tandem
1539 2921 1558 2947 a
1590 2911 1742 2947 Joanne
1774 2908 1899 2946 xxii.
1932 2905 2069 2945 Cardi—

1103 2974 1205 3012 nalis
1234 2978 1396 3011 creatus
1425 2972 1521 3010 obiit
1551 2983 1584 3010 a.
1619 2971 1737 3009 4330.
1766 2969 1976 3006 Ordinavit
2006 2978 2068 3005 so-

1102 3036 1261 3075 dalibus
1291 3037 1400 3082 suis,
1426 3036 1492 3084 qui
1527 3033 1749 3083 regularem
1775 3036 1814 3068 et
1845 3031 2066 3069 secularem

1105 3097 1226 3146 hujus
1253 3098 1423 3134 instituti
1456 3095 1642 3133 familiam
1671 3093 1745 3131 sub
1774 3103 1819 3130 eo
1850 3092 1968 3130 simul
2000 3090 2069 3129 ha-

1111 3160 1207 3197 bere
1251 3162 1469 3208 coeperunt
1493 3184 1502 3197 .
1548 3154 1830 3200 Breviarium,
1875 3151 2067 3199 Missale,

1114 3218 1413 3260 Ceremom'ale:
1454 3220 1545 3256 item
1590 3215 1923 3263 Constituti‘ones,
1965 3225 2067 3265 quae

1108 3285 1144 3321 in
1176 3282 1429 3333 generalibus
1446 3282 1536 3318 anni
1560 3278 1672 3317 4327.
1689 3279 1860 3317 comitiis
1884 3278 2067 3317 Barcino-

1109 3343 1307 3382 nensibus
1338 3342 1609 3392 promulgatae
1641 3341 1758 3378 etiam
1791 3352 1895 3379 nunc
1931 3339 2065 3377 obser-
