2517 4009
1073 250 1214 291 ODO

201 325 326 372 ODO,
355 321 402 361 de
428 320 640 369 Cerilona,
667 322 764 361 infra
792 322 871 362 Odo
900 322 1073 363 Skirton.

201 385 384 426 ODONIS
412 382 459 423 de
502 383 706 434 cicestre,
734 385 850 437 cujus
893 387 1100 425 Summam

148 449 197 489 de
226 448 497 496 poenitentia,
532 448 568 485 in
600 449 695 488 Bibl.
726 449 1102 499 Sangermanniensi

147 510 240 552 Cod.
271 510 361 549 323.
391 509 542 548 evolvit
571 510 769 562 (langius,
800 511 902 550 idem
935 512 1103 550 fortasse

146 585 238 614 cum
271 572 409 613 Odone
438 573 761 613 Morimundensi.

200 635 302 674 ODO
333 634 634 683 Cisterciensz's,
667 636 759 676 vide
795 635 875 676 Odo
911 636 1105 677 castillio-

144 708 242 738 neus
257 729 269 748 ,
296 697 377 737 Odo
406 697 649 738 morimundi·
675 704 715 737 et
742 698 821 738 Odo
849 699 1012 740 Shz'rton

198 760 236 799 S.
266 759 367 800 ODO
396 762 430 810 a)
462 759 762 810 Cluniacensis,
792 762 841 802 dc
867 775 945 813 quo
968 763 1104 802 audire

145 825 257 863 iuvat
285 823 485 863 Labbeum
528 830 624 863 tom.
653 825 688 864 2.
721 825 769 864 de
800 826 838 864 S.
870 826 916 864 E.
947 837 982 876 p.
1016 827 1103 865 129.

132 887 207 927 ,cui
237 887 537 926 observationes
567 899 677 926 meas
706 887 884 927 adiunxi.
906 888 1002 937 odo,
1025 891 1107 928 Mu-

145 951 277 998 sicus‚
307 961 354 989 ex
401 950 600 989 Canonico
629 955 669 989 et
711 951 1022 990 Archi-Cantore
1066 954 1104 991 S.

143 1014 297 1052 Martini
328 1014 593 1061 Turonensis,
622 1014 863 1059 Monachus,
889 1025 933 1053 ac
963 1013 1105 1053 deinde

147 1076 424 1117 Cluniacensis
466 1075 670 1115 secundus
713 1076 870 1124 Abbas,
914 1078 1106 1116 Bernonis

144 1138 310 1178 Abbatis
335 1139 448 1190 primi
476 1149 686 1178 successor
709 1139 757 1178 ab
777 1151 841 1178 an.
867 1139 957 1178 927.
980 1151 1105 1191 usque

146 1201 195 1241 ad
224 1212 375 1240 annum
406 1201 499 1239 942.
529 1213 607 1252 quo
638 1202 672 1249 b)
702 1202 798 1240 obiit
836 1202 940 1253 apud
985 1204 1108 1242 Turo-

150 1275 224 1303 nes
253 1263 316 1302 die
347 1264 409 1303 18.
439 1264 697 1310 Novembris,
727 1269 766 1303 et
797 1265 833 1302 in
864 1265 1042 1304 Ecclesia
1067 1265 1106 1304 S.

148 1326 294 1365 Juliani
339 1323 523 1377 sepultus
567 1331 642 1365 est.
679 1327 733 1366 De
763 1338 808 1365 eo
840 1332 996 1378 praeter
1024 1327 1109 1366 NA—

147 1387 356 1428 GOLDUM
387 1387 436 1427 de
465 1399 544 1438 quo
567 1400 689 1440 supra
720 1400 806 1440 pag.
851 1390 914 1427 89.
960 1394 1000 1427 et
1037 1390 1111 1428 Jo-

147 1451 321 1491 ANNEM
356 1451 392 1500 c)
435 1451 608 1499 Italum,
654 1452 940 1491 Cluniacenses
980 1453 1111 1490 Mona-

149 1515 249 1553 chos
263 1513 414 1552 Odonis
435 1512 663 1565 discipulos,
688 1516 756 1564 qui
782 1516 906 1552 vitam
932 1515 1109 1564 magistri

157 1578 219 1616 sui
266 1575 437 1615 diversis
488 1575 596 1614 libris
645 1575 918 1626 descripsere,
949 1575 1109 1614 videndi

152 1637 346 1678 Floardus
375 1650 412 1676 m
443 1637 637 1678 Chronico
657 1638 704 1677 ad
731 1649 879 1677 annum
908 1638 997 1676 942.
1023 1638 1113 1677 Gla-

154 1702 225 1741 ber
252 1700 444 1740 nadulfus
462 1732 472 1748 ,
503 1705 542 1738 et
571 1700 796 1740 Ademarus
820 1700 1109 1749 Cabannensis,

149 1765 382 1815 Sigebertus
413 1765 449 1801 in
481 1763 675 1802 Chronico
704 1762 754 1801 ad
796 1774 923 1802 annos
953 1764 1042 1803 912.
1072 1768 1112 1801 et

150 1827 244 1866 937.
272 1831 313 1865 et
342 1826 515 1877 Catalogi
547 1825 596 1864 de
627 1826 665 1864 S.
698 1826 742 1864 F..
765 1837 797 1864 c.
828 1827 914 1864 121.
943 1827 1004 1865 ubi
1031 1827 1110 1865 ele-

151 1891 259 1941 ganti
291 1890 447 1940 ingenio
477 1887 727 1938 praeditum,
755 1888 794 1926 in
818 1887 986 1928 homiliis
1008 1889 1109 1928 scri-

151 1951 286 1992 bendis
304 1983 313 2000 ,
358 1955 397 1991 et
431 1950 728 1999 declamandis,
766 1963 813 1990 ac
843 1952 1021 1990 mam-ime
1068 1952 1108 1991 in

148 2013 420 2068 componendis
441 2015 483 2052 in
503 2013 686 2053 honorem
711 2015 948 2053 Sanctorum
983 2015 1109 2053 canti-

152 2076 250 2127 bus,
281 2078 507 2130 praedicat3
538 2078 746 2116 Airnoinus
776 2077 873 2115 libro
903 2078 938 2115 2.
966 2078 1013 2116 de
1039 2080 1106 2117 Mi-

147 2143 294 2181 raculis
331 2143 369 2181 S.
414 2140 642 2187 Benedicti,
680 2139 824 2189 aliique
871 2141 1105 2190 praesertim

149 2205 422 2250 recentiores,
453 2205 508 2242 JO.
534 2202 779 2241 Trithemins
810 2201 857 2239 de
889 2204 928 2241 S.
955 2203 997 2240 E.
1021 2213 1110 2253 cap.

145 2267 237 2306 292.
268 2271 309 2305 et
340 2267 384 2305 ll.
423 2267 484 2304 51.
531 2265 671 2303 illustr.
717 2264 960 2302 Benedictin.
984 2294 992 2310 ‚
1041 2266 1106 2315 qui

149 2331 314 2381 Remigii
346 2328 710 2368 Autissiodorensis
747 2327 924 2365 Monaclii
956 2326 1110 2366 audito-

150 2405 235 2432 rem
266 2393 388 2432 fuisse
419 2395 634 2438 memorat,
663 2390 856 2429 Baronius
885 2389 933 2428 ad
964 2391 1111 2440 Marty-

149 2455 268 2506 rolog.
299 2456 411 2494 Rom.
442 2454 504 2493 18.
536 2454 634 2493 Now
665 2456 704 2490 et
735 2452 1004 2500 Possevinus3
1039 2452 1106 2502 qui

148 2518 358 2568 multapro
377 2526 484 2554 more
498 2526 548 2554 ex
569 2515 693 2553 variis
714 2514 930 2564 congessit,
954 2525 1004 2552 ex
1029 2524 1107 2553 uno

145 2580 247 2620 duos
274 2577 435 2617 Odones
466 2577 556 2616 facti
599 2576 777 2616 Abbates
820 2576 1108 2615 Cluniacenses

146 2644 174 2683 l.
206 2647 247 2682 et
270 2643 316 2680 ll.
343 2642 394 2680 At
420 2640 672 2680 Duchcsnius
692 2638 846 2678 collatis
869 2640 999 2689 operis
1013 2649 1105 2676 cum

144 2708 189 2746 l).
217 2706 386 2745 Martino
414 2704 578 2743 Marrier
608 2704 646 2741 in
678 2702 934 2742 Cluniaccnsi
965 2701 1107 2740 Biblio-

146 2770 261 2809 theca
289 2777 394 2807 anno
420 2765 541 2806 1614.
560 2766 623 2805 fol.
647 2766 806 2804 Parisiis
830 2774 991 2811 excusa,
1018 2768 1107 2814 post

147 2833 258 2872 varia
287 2830 412 2881 elogia
442 2830 481 2869 S.
512 2828 664 2869 Odonis
692 2827 888 2878 quaedum
915 2826 1104 2878 opusculo

199 3002 232 3041 a)
251 3004 287 3033 ln
311 3000 396 3032 Bibl.
431 3000 648 3031 Cluniacensi
693 3008 725 3038 p.
764 2998 834 3030 125.
864 2998 967 3028 Reate·
1003 2996 1110 3033 Adae,

142 3053 238 3085 alias
265 3050 403 3083 odonis.
431 3052 605 3088 Anonymo
629 3048 809 3080 mellicensi
835 3057 911 3088 cap.
934 3048 986 3079 75.
1014 3050 1106 3079 (1110.

139 3101 354 3137 venerabilis
371 3099 486 3132 Abbas
504 3099 808 3135 cluniacensium,
834 3099 893 3138 qui
917 3097 1111 3129 Monac-ho-

139 3163 220 3187 rum
232 3159 382 3194 aemma,
396 3149 657 3189 discipulorum
681 3157 825 3178 suorum
849 3148 968 3187 aleria
985 3147 1067 3186 suit.

201 3205 237 3242 b)
260 3202 362 3234 Paulo
386 3205 462 3233 ante
481 3199 609 3231 obitum
633 3197 826 3236 designatus
849 3197 952 3228 abbas
965 3197 1111 3228 floria-

142 3254 259 3287 censis
297 3251 378 3284 Vide
401 3251 545 3282 caveum
564 3271 572 3286 ,
600 3253 632 3279 et
660 3246 744 3278 Bibl.
783 3247 1027 3278 Florincenscm
1061 3249 1113 3277 Jo-

140 3307 239 3338 annis
263 3313 282 3336 a
303 3305 419 3334 Bosco.

201 3355 233 3394 c)
260 3357 364 3393 Supra
384 3356 465 3383 tom.
494 3349 511 3380 4
530 3357 605 3389 pag.
631 3348 700 3378 185.
719 3347 897 3385 Prologum
936 3348 968 3376 in
1007 3347 1112 3376 vnum

139 3409 171 3439 S.
195 3406 320 3438 Odonis
344 3401 386 3434 ad
410 3403 581 3440 nugonem
606 3400 769 3430 Abbatem
792 3400 822 3429 S.
848 3398 939 3428 Petri
979 3397 1112 3427 edidere

2058 258 2133 298 1Ιι9

1177 323 1313 362 edidit.
1345 325 1447 362 llaec
1476 324 1687 364 dumtaxat
1720 332 2132 376 occurruut,‘recusu

1178 386 1295 423 etiam
1318 387 1353 423 in
1378 386 1471 424 llibl.
1494 389 1650 425 l‘atrum
1670 389 1806 427 Colon.
1835 394 1863 428 t.
1884 392 1932 429 X.
1956 392 2078 443 Lugd.
2107 398 2133 432 t.

1178 449 1296 486 XVll.
1321 449 1452 487 ls'z'cas'.
1469 449 1634 488 Ger-alaz?
1648 450 1951 492 Aurelianensis
1969 455 2133 494 Comitis

1178 508 1273 547 libri
1290 514 1464 562 quatuor
1493 512 1546 549 ad
1568 512 1779 564 slymonem
1802 512 2007 565 Abbatem,
2033 519 2130 556 Bibl.

1178 573 1428 612 Cluniacens.
1459 586 1544 625 pag.
1576 576 1639 614 65.
1669 581 1709 615 et
1738 576 1885 617 Gallice
1917 580 2134 618 Bertrando

1177 634 1226 673 de
1257 636 1498 687 Compaigne
1526 638 1753 688 interprete,
1772 641 1958 680 Aurillaci
1978 643 2080 682 1715
2097 644 2133 682 8.

1237 697 1445 737 Tractatus
1469 699 1506 748 dj
1532 699 1578 738 {le
1617 702 1851 741 nevers-ione
1890 704 1932 741 B.
1970 704 2134 744 Martini

1184 759 1422 800 Turonensis
1445 762 1472 800 ὰ
1496 763 1755 814 Buryundia,
1779 767 1842 804 cui
1873 769 2137 816 praemittun-

1182 827 1246 862 tur
1270 825 1434 874 epistola
1467 826 1651 865 Fulconis
1680 828 1801 876 Boni,
1827 828 2133 880 Andegavorum

1180 886 1345 924 Comitis
1375 887 1422 926 ad
1453 887 1632 927 Odonem
1662 890 1855 928 Abbatem
1887 896 1925 929 et
1954 892 2132 931 eiusdem

1179 947 1226 986 ad
1259 948 1469 987 l‘ulconem
1502 962 1770 1001 responsum,
1803 965 1887 1003 pas-⁷.
1921 956 2006 993 113.

1238 1011 1446 1050 Tractatus
1471 1012 1644 1064 ejusdem
1668 1014 1810 1053 odonis
1828 1046 1836 1062 ,
1863 1015 1968 1067 quod
1990 1018 2135 1057 Beatus

1181 1073 1389 1113 Martinus
1409 1087 1490 1126 par
1509 1075 1657 1114 (licitur
1693 1077 1887 1128 Apostolis
1924 1091 2009 1131 pag.
2048 1082 2135 1119 123.

1180 1137 1249 1174 llic
1295 1141 1334 1175 et
1381 1137 1624 1187 praecedens
1670 1141 1744 1178 iam
1796 1141 1952 1180 fuerant
1998 1145 2136 1181 excusi

1181 1197 1326 1237 edente
1363 1200 1510 1238 Jodoco
1548 1201 1781 1241 Clichtoveo
1813 1215 1890 1242 una
1920 1216 2010 1244 cum
2049 1206 2138 1244 Sul—

1182 1263 1276 1312 pitio
1307 1263 1454 1300 Severo
1485 1263 1532 1301 de
1563 1265 1643 1302 vitu
1683 1266 1833 1304 Martini
1865 1272 1905 1304 et
1951 1270 2136 1318 Gregorio

1182 1325 1275 1362 Tur.
1321 1325 1440 1362 Paris.
1484 1327 1599 1365 1511.
1639 1328 1660 1365 4
1704 1333 1823 1379 atque
1855 1330 1891 1366 in
1922 1330 2018 1368 Bibl.
2052 1331 2134 1369 Yet.

1184 1388 1372 1434 Petrum,
1401 1390 1518 1426 Paris.
1552 1390 1667 1428 1589.
1694 1392 1809 1429 1624.
1839 1396 1932 1430 tom.
1964 1393 2042 1431 Vll.

1237 1452 1448 1489 Sermones
1468 1455 1641 1502 quatuor
1665 1454 1691 1490 1.
1719 1454 1758 1491 ln
1786 1455 1982 1493 Catliedra
2009 1457 2046 1494 S.
2071 1457 2138 1494 Pe-

1185 1514 1258 1563 tri,
1288 1515 1319 1551 si
1351 1518 1483 1552 tamen
1515 1520 1577 1552 est
1605 1515 1780 1564 odonis,
1805 1527 1896 1555 cum
1922 1520 1973 1555 sit
1997 1529 2138 1557 consu-

1184 1580 1252 1614 tus
1280 1588 1328 1614 ex
1355 1576 1510 1616 duobus
1535 1578 1574 1616 S.
1595 1579 1735 1617 Leonis
1760 1580 2011 1618 sermonibus
2028 1611 2036 1627 ,
2061 1587 2138 1619 tei·-

1188 1639 1240 1677 tio
1261 1639 1412 1677 scilicet
1437 1641 1473 1677 in
1496 1639 1558 1679 die
1582 1643 1854 1680 anniversario
1871 1653 1968 1681 suae
1985 1654 2140 1682 assum-

1186 1703 1330 1747 tionis,
1361 1707 1402 1740 et
1431 1705 1559 1753 primo
1591 1705 1627 1741 in
1672 1705 1814 1743 natulis
1844 1705 1881 1744 S.
1913 1708 2013 1745 Petri
2054 1718 2138 1759 pag.

1187 1764 1274 1803 127.
1302 1766 1348 1803 ll.
1375 1766 1415 1804 ln
1438 1767 1694 1805 veneratione
1718 1772 1880 1806 sanctae
1901 1770 2041 1808 Mariae
2063 1771 2138 1808 Ma-

1184 1827 1376 1878 gdalenae
1400 1829 1435 1875 e)
1466 1840 1552 1879 pag.
1584 1830 1671 1867 131.
1702 1829 1768 1868 Ill.
1791 1829 1839 1868 de
1865 1830 1901 1868 S.
1926 1831 2136 1869 Benedicto

1183 1890 1335 1929 Abbate
1364 1902 1448 1941 pag.
1482 1892 1569 1930 138.
1601 1893 1661 1930 lv.
1692 1892 1740 1930 de
1769 1893 2042 1932 combustione
2072 1895 2138 1933 ba-

1183 1954 1317 1992 silicae
1335 1956 1375 1992 B.
1396 1956 1548 1992 Martini
1566 1956 1877 1993 'rui-ononsfis..2t.
1901 1956 1975 1994 903
1995 1969 2029 2006 p.
2053 1956 2134 1995 lhb'.

1241 2016 1503 2057 Collacionum
1526 2030 1595 2057 seu
1618 2019 1923 2070 occupationum
1947 2018 2043 2058 libri
2065 2020 2134 2057 III.

1184 2080 1233 2118 ad
1262 2081 1501 2131 Turpionem
1533 2082 1771 2132 Episcopum
1802 2084 2137 2121 Lemovicensem.

1184 2155 1272 2194 pag.
1305 2144 1381 2183 159
1413 2145 1433 2182 a
1463 2144 1608 2182 celebri
1648 2145 1790 2183 Jacobo
1838 2144 2045 2183 Sirmondo
2073 2145 2141 2183 So-

1184 2207 1342 2245 cietatis
1370 2207 1476 2245 JEsu
1507 2208 1803 2246 communicati.
1835 2207 2036 2247 Monachis
2067 2210 2142 2246 uti-

1186 2269 1362 2306 lissimos
1381 2274 1493 2306 voest
1517 2270 1755 2318 Anonymus
1776 2270 2011 2308 Mellicensis
2027 2282 2058 2308 e.
2078 2272 2139 2308 75.

1238 2329 1485 2382 Antiphonae
1508 2331 1573 2369 ΧΗ
1607 2330 1654 2368 de
1683 2329 1794 2369 beato
1826 2331 1997 2369 Mar-cino
2021 2334 2142 2370 'suro-

1187 2404 1328 2432 norum
1361 2392 1664 2444 Archiepiscopo
1695 2405 1718 2442 p
1748 2393 1838 2431 262.

1238 2454 1428 2506 EJ‘usdem
1445 2465 1587 2493 versus
1604 2454 1803 2506 etHymm',
1821 2454 1869 2493 de
1884 2455 2142 2493 Sacramento

1184 2518 1368 2567 Corporis
1398 2522 1438 2556 et
1468 2518 1682 2567 Sanguinis
1718 2518 1897 2561 Domini,
1927 2517 1976 2555 de.
2023 2519 2141 2555 Maria

1182 2579 1412 2631 Magdnlena
1437 2584 1476 2617 et
1501 2580 1550 2617 de
1575 2579 1711 2617 eodem
1745 2580 1782 2617 S.
1809 2581 1973 2617 Martino
1995 2592 2018 2630 p
2052 2580 2139 2617 263.

1239 2641 1428 2681 Eiusdem
1475 2643 1514 2680 S.
1558 2640 1709 2679 Odonis
1740 2641 1783 2678 ll.
1816 2641 2140 2680 Cluniacensium

1183 2705 1348 2743 Abbatis
1393 2704 1478 2742 libri
1524 2704 1684 2742 XXXV.
1729 2704 1932 2741 Moralium
1979 2705 2014 2740 in
2044 2703 2138 2750 Job,

1183 2767 1315 2805 studio
1345 2772 1385 2805 ct
1415 2767 1617 2815 diligentia
1649 2766 1828 2804 eiusdem
1861 2767 1999 2804 Domni
2042 2767 2142 2805 Mur-

1184 2831 1255 2868 tini
1307 2831 1493 2878 Mari-ier,
1536 2830 1758 2868 Monasterii
1809 2832 1847 2865 S.
1896 2829 2047 2866 Martini
2091 2828 2139 2866 dc

1173 2999 1268 3031 Edm.
1294 3002 1439 3031 martene
1463 3004 1494 3030 et
1517 3001 1653 3030 Ursinus
1678 3001 1802 3029 Durani
1827 2998 1859 3028 in
1879 2998 1999 3027 itinere
2017 2996 2147 3028 littera-

1175 3051 1224 3081 rio
1249 3051 1336 3089 quoi}
1364 3051 1485 3090 prodiit
1510 3050 1632 3080 Gallice
1658 3051 1761 3079 Paris.
1792 3046 1880 3077 1717.
1908 3046 1938 3076 ’1.
1959 3051 2031 3086 hp.
2057 3047 2123 3076 177»Δ

1234 3101 1269 3137 (Ι)
1311 3103 1526 3140 suppositum
1567 3099 1767 3130 contendunt
1795 3097 1952 3128 Claudius
1987 3096 2147 3127 &inlinens

1175 3152 1205 3178 ct
1231 3147 1334 3178 Guldo
1358 3148 1485 3178 Alexim
1505 3146 1669 3176 Lebineau
1688 3146 1768 3176 diss.
1784 3146 1813 3174 ἵ).
1831 3154 1888 3176 <ur
1907 3145 1935 3174 ln
1958 3152 2143 3175 mouvsncc

1173 3199 1212 3230 de
1233 3200 1405 3237 Bretagne,
1441 3195 1679 3227 §sentientibus
1698 3197 1797 3225 etiam
1813 3193 2006 3226 auctoribus
2024 3195 2144 3225 Memo-

1175 3251 1251 3280 riar.
1278 3248 1324 3278 lit.
1352 3247 1532 3277 ὙτυνιιΙιίιι.
1556 3250 1613 3276 An.
1642 3244 1731 3275 1712.
1762 3255 1793 3284 p.
1814 3246 1887 3276 litio.

1242 3302 1272 3332 e‘·
1297 3302 1408 3331 Exstat
1436 3302 1463 3327 et
1489 3299 1625 3329 joannis
1649 3294 1665 3326 ἐι
1692 3299 1794 3327 nosco
1819 3297 1899 3328 Bibl.
1936 3296 2145 3327 Floriacensi

1186 3356 1215 3384 ct
1244 3354 1276 3383 in
1302 3352 1389 3383 scus
1413 3353 1561 3381 senemr.
1588 3353 1612 3380 t.
1637 3351 1658 3378 V
1695 3348 1772 3379 Julli
1798 3348 1850 3379 ⁹22.
1876 3356 1906 3387 p.
1926 3347 1999 3377 218.
