2533 4009
474 267 550 305 228

474 335 531 372 lV.
559 334 676 370 libros
701 326 990 367 meteororum,
1021 320 1069 356 de
1101 328 1238 354 somno
1262 322 1299 353 et
1327 316 1422 365 vigi-

474 397 548 433 lia.
574 393 620 430 do
652 385 892 435 longitudine
921 387 961 418 et
992 381 1194 417 brevitate·
1213 379 1342 422 vitae,
1373 376 1421 413 de

471 455 689 492 juventute
733 451 768 482 ot
816 445 1029 481 Senectute
1049 471 1058 486 ‚
1089 439 1137 477 dc
1167 438 1423 488 respiratione

470 522 505 552 ot
539 510 787 560 inspiratione
809 536 817 550 ‚
845 504 892 541 de
920 507 1045 540 morte
1067 506 1105 539 et
1129 501 1208 538 vita
1226 530 1235 546 ,
1267 498 1314 536 de
1337 507 1418 534 mo-

470 576 571 612 tibus
600 568 842 607 animalium.
874 566 915 602 ln
948 563 1034 602 Xll.
1066 563 1185 600 libros
1217 558 1423 609 Metapliy-

468 638 648 673 sicarum.
682 630 809 678 Super
848 632 970 665 totam
1006 626 1185 671 Logicam
1230 627 1421 659 veterem.

471 695 562 742 iijus
593 696 659 730 ant
703 689 917 738 superioris
960 677 1191 734 Quodlibeta
1234 685 1320 721 sive
1351 692 1421 719 sex

467 754 728 802 Quaestiones
752 750 801 788 de
821 748 995 799 quolibet
1020 746 1243 797 disputatas
1262 774 1268 789 .
1287 745 1422 782 Mann-

471 819 638 864 scriptas
669 816 862 850 memorat
892 808 1096 848 Sanderus
1127 819 1162 857 p.
1192 806 1281 844 200.
1312 807 1353 841 et
1382 814 1419 853 p.

472 878 547 914 205
578 874 623 912 <Ie
644 872 761 912 varia
781 871 1064 922 si'9nificateone
1090 866 1314 907 verbor-nm.
1345 866 1419 902 Do-

469 935 634 975 ctrinnle
676 946 762 973 cum
793 932 962 983 gylossi's,
993 931 1163 969 lacobus
1192 927 1336 974 Quetif.
1375 938 1411 976 p.

470 1000 556 1037 490.
583 997 773 1036 Libellum
805 994 851 1032 (le
882 993 982 1031 bona
1004 991 1168 1042 fortuna
1194 998 1423 1028 memorans

470 1061 705 1098 'l‘omasinus
731 1059 766 1093 in
794 1055 1071 1103 Manus-criptis
1102 1051 1308 1090 Patavinis
1340 1060 1426 1099 pag.

469 1122 530 1158 37.
567 1119 675 1158 addit
707 1120 808 1155 inter
837 1116 924 1165 ejus
954 1125 1069 1165 opera
1100 1113 1276 1151 Venonis
1308 1110 1422 1150 4507.

468 1183 570 1220 edita
597 1181 705 1218 illum
730 1190 806 1216 non
833 1177 1070 1215 enumerari.

523 1242 712 1281 l'liTRL’S
735 1238 879 1278 A-metii
900 1238 949 1276 de
975 1239 1149 1275 Bronaoe
1171 1235 1310 1274 Gallus
1331 1235 1421 1273 Ele-

468 1306 642 1349 ‹·tcnsis,
675 1304 758 1340 sive
790 1300 1039 1345 Alectensis,
1071 1309 1119 1336 ex
1150 1298 1314 1335 eremita
1344 1298 1424 1334 Au-

470 1367 694 1412 :sastiniano
713 1363 855 1401 Urbani
882 1361 924 1398 V.
947 1361 1118 1399 Sacrista
1136 1390 1145 1405 ‚
1168 1358 1311 1396 deinde
1328 1358 1424 1395 Gre—

470 1414 562 1474 uorii
581 1427 647 1465 ΧΙ.
670 1423 1000 1463 l'oenitentiarius
1020 1431 1064 1459 ac
1085 1419 1424 1465 Bibliothecarius,

475 1474 608 1539 postea
639 1485 948 1535 Senogalliensis
977 1483 1198 1532 Episcopus
1226 1479 1427 1529 Arcbiepi-

473 1561 617 1600 scopus
647 1548 910 1591 Tarentinus,
941 1550 1026 1582 tum
1068 1542 1291 1581 Patriarcha
1330 1542 1427 1579 Gra—

475 1612 610 1648 densis
652 1614 689 1647 et
734 1606 1028 1646 Alexandrinus
1063 1610 1182 1653 atque
1225 1603 1425 1641 Ecclesiae

472 1673 671 1721 Aquensis
683 1670 999 1708 Administrator.
1013 1666 1123 1706 Sedit
1142 1670 1184 1704 ut
1199 1663 1423 1703 Patriarclia

473 1730 1042 1780 ints.·1·CardinalesEpiscopos
1058 1729 1226 1778 primum
1239 1726 1284 1764 A.
1306 1727 1420 1764 4394.

474 1803 509 1832 Μ
550 1797 585 1831 in
623 1795 726 1830 vivis
755 1792 883 1830 adhuc
916 1791 987 1829 fuit
1016 1790 1060 1828 Α.
1094 1790 1206 1828 4398.
1237 1787 1333 1826 vide
1362 1789 1419 1825 Jo.

472 1856 735 1893 minimulum
759 1859 851 1892 torn.
877 1854 899 1891 2
927 1853 1051 1891 musei
1079 1852 1198 1890 italici
1221 1861 1307 1900 pag.
1330 1850 1418 1887 443.

471 1917 531 1954 ubi
563 1915 686 1953 edidit
715 1925 801 1963 ejus
832 1915 972 1952 librum
1005 1912 1051 1951 (le
1083 1911 1319 1952 Cerimonit‘s
1345 1911 1419 1948 Ec-

470 1976 611 2015 clesiae
633 1978 829 2014 Romanae
853 1987 938 2025 pag.
966 1976 1041 2013 448
1062 1975 1149 2013 544.
1171 1977 1421 2012 constantem

478 2038 681 2088 Capitibus
704 2038 886 2075 CLXVll.
913 2041 952 2074 ot
971 2037 1135 2075 aliorum
1158 2034 1423 2074 additionibus

473 2099 710 2149 quandoque
732 2098 1026 2148 interpolatum.
1045 2097 1238 2147 Ejusdem
1257 2096 1425 2135 Itinera-

470 2172 576 2197 rium
595 2159 780 2209 Greyorii
793 2159 856 2197 XI.
873 2161 986 2208 quasi
1010 2158 1211 2204 versibus
1230 2159 1422 2206 scriptum

472 2223 677 2260 Avenione
707 2222 868 2258 Romam
888 2251 897 2267 ,
924 2219 1082 2257 edidere
1115 2220 1283 2257 Bzovius
1308 2218 1354 2256 ad
1380 2217 1426 2255 Α.

474 2275 588 2313 4376.
608 2285 715 2312 num.
735 2275 796 2311 34.
821 2278 861 2309 et
884 2272 931 2310 ad
951 2273 995 2310 A.
1021 2271 1133 2311 4377.
1159 2276 1198 2309 et
1219 2273 1425 2309 Massonus

471 2342 590 2385 atque
622 2335 855 2373 Ciacconius
886 2336 924 2371 in
956 2336 1035 2372 vita
1067 2333 1242 2382 Gregorii
1279 2333 1346 2370 XI.

524 2396 714 2433 PETRUS
742 2394 788 2432 de
811 2394 1051 2433 Ancharano
1081 2395 1117 2441 a]
1149 2394 1425 2432 Farnesiorum

468 2457 655 2498 castello,
686 2456 793 2494 Baldi
821 2456 867 2494 Λ.
900 2457 1014 2494 4400.
1046 2455 1224 2494 defuncti
1256 2454 1430 2503 discipu-

474 2520 561 2565 lus,
591 2519 714 2557 JCtus
743 2518 911 2555 celebris
941 2518 1230 2563 Bononiensis,
1262 2519 1430 2565 scriptor

469 2581 854 2618 Commentariorum
893 2581 929 2617 in
974 2579 1228 2625 Decretales‚
1269 2581 1429 2614 sextum

469 2646 507 2679 et
547 2642 843 2687 Clementinas,
882 2640 1137 2678 consiliorum
1182 2639 1430 2687 aliarumque

472 2703 806 2741 lucubrationum.
838 2702 934 2739 Vide
958 2702 1223 2739 Trithemium
1248 2711 1332 2749 cap.
1364 2699 1430 2736 75.

475 2765 706 2802 Forsterum
733 2765 769 2800 in
798 2763 958 2800 historia
983 2763 1092 2801 Juris
1116 2762 1254 2801 Civilis
1278 2772 1314 2810 p.
1341 2760 1430 2798 664.

468 2824 690 2862 tividonem
719 2824 981 2862 Pancirollum
1009 2825 1072 2862 ΙΙΙ.
1099 2825 1162 2861 26.
1187 2823 1255 2872 qui
1279 2826 1320 2860 et
1344 2821 1430 2860 Col-

470 2887 614 2935 legium
648 2888 869 2934 Pauperum
903 2885 1181 2923 Studiosorum
1209 2884 1256 2922 ab
1285 2894 1330 2921 co
1360 2884 1432 2920 Bo-

475 2949 613 2985 noniae
654 2948 881 2984 institutum
926 2946 1126 2984 celebrat:
1173 2945 1370 2984 Labbeum
1403 2947 1428 2979 t.

472 3009 506 3044 2.
528 3008 576 3043 dn
597 3010 636 3046 S.
656 3009 700 3046 E.
716 3019 751 3057 p.
777 3008 864 3046 483.
885 3007 1151 3045 Warthonurn
1171 3006 1217 3044 ad
1237 3007 1429 3050 Cavcuin,

472 3069 669 3107 (tudinum
702 3074 796 3107 tom.
831 3071 866 3107 3.
900 3081 985 3119 pag.
1021 3069 1135 3107 4239.
1167 3072 1243 3105 ctc.

533 3133 549 3150 '⁶
584 3132 667 3168 JCti
695 3131 813 3169 liuius
855 3136 1009 3180 praeter
1051 3131 1155 3167 edita
1186 3129 1299 3178 plura
1337 3129 1432 3165 sunt

477 3191 663 3237 opuscula
691 3192 728 3226 in
753 3191 955 3230 codicibus
972 3193 1079 3231 MSS.
1097 3201 1264 3241 quorum
1287 3189 1431 3237 aliqua,

529 3325 555 3352 af
579 3318 714 3347 Aurora
730 3320 822 3351 luris
845 3322 919 3352 inde
937 3323 1044 3353 dictus
1066 3324 1098 3353 in
1116 3320 1319 3360 Epliitaphio
1334 3322 1438 3350 Bono-

1310 242 1601 283 PE'rnUs,

1495 324 1596 362 quae
1621 313 1724 351 MSS.
1749 312 1916 351 Codices
1949 313 2147 351 Ecclesiae
2179 310 2334 360 Majoris
2370 312 2445 350 Lu-
2485 353 2490 358 ,

1497 375 1629 412 censis
1645 378 1821 420 servant,
1846 374 1908 412 hic
1925 374 2096 412 indicare
2116 383 2257 423 operae
2275 373 2444 422 pretium

1499 434 1646 484 judico.

1550 496 1591 532 ln
1624 493 1780 544 regulas
1803 495 1905 531 sexti
1947 496 2231 534 commentaria
2269 493 2447 545 subtilis-

1499 557 1596 594 sima
1623 555 1842 604 Incipiunt3
1867 554 1989 592 solent
2009 554 2104 594 Jcct.
2128 556 2170 593 ln
2193 555 2270 593 fine
2294 555 2446 606 primae

1504 616 1768 667 praefationes
1797 615 1966 664 legitur.
1991 615 2214 666 Repetitum
2238 615 2316 667 fuit
2339 613 2449 654 istud

1501 683 1621 728 caput
1641 686 1712 727 per
1731 687 1791 714 me
1814 675 1980 714 Petrum
2002 674 2047 714 de
2066 676 2310 716 Ancharano
2333 674 2451 713 41ήηί-

1502 750 1612 777 mum
1630 737 1747 777 Juris
1770 737 1981 787 utriusque
2005 737 2213 776 Ductorem
2237 738 2280 777 in
2304 737 2377 776 hac
2397 735 2451 788 se-

1505 800 1696 838 licissima
1718 798 1877 837 civitate
1900 797 2105 836 Bononiae
2127 798 2349 838 studiorum
2371 808 2452 836 ma·

1500 868 1558 900 tre
1588 860 1687 912 1597
1713 859 1773 897 die
1793 859 1830 897 5.
1852 859 2061 898 Ianuarii.

1555 921 1745 960 Eiusdem
1771 921 1952 970 repetitio
1984 921 2105 960 altera
2131 921 2292 971 incipit:
2318 932 2455 972 peeca-

1504 990 1588 1023 tum
1612 993 1693 1021 non
1728 982 1950 1021 dimittitur
1978 983 2016 1020 in
2041 982 2144 1030 fine,
2174 980 2334 1021 Publice
2370 993 2456 1021 eom

1499 1045 1625 1096 repeti
1640 1043 1747 1082 Pisis
1763 1043 1830 1082 ubi
1849 1048 1937 1082 erat
1947 1042 2038 1095 jam
2054 1053 2215 1082 sacrum
2232 1041 2455 1083 Concilium

1501 1112 1785 1157 conyreqatum
1800 1111 1836 1144 ec
1856 1105 1898 1143 in
1921 1105 2081 1156 scriptis
2096 1110 2234 1156 postea
2252 1103 2458 1144 Bononiae

1503 1167 1635 1218 redeyi
1658 1167 1761 1206 4442
1785 1166 1846 1205 die
1867 1168 1904 1206 3.
1928 1165 2054 1206 Iunii.
2256 1196 2258 1199 ,

1553 1230 1653 1268 Tum
1696 1233 1928 1278 sequuntur
1963 1228 2249 1279 praelectiones
2281 1227 2380 1266 aliae
2415 1228 2453 1264 in

1502 1289 1682 1328 eiusdem
1713 1290 1882 1340 regulas.
1908 1289 2122 1328 Praelectio
2139 1288 2317 1328 eiusdem
2341 1288 2390 1327 ad
2414 1290 2454 1326 Ι..

1503 1353 1538 1390 4.
1565 1351 1602 1390 ff.
1626 1349 1675 1389 de
1700 1351 1861 1401 poenis,
1888 1350 1953 1389 ubi
1977 1350 2056 1389 late
2081 1354 2224 1389 tractat
2246 1360 2457 1400 argumen-

1502 1418 1586 1451 tum
1613 1412 1662 1450 de
1689 1413 1879 1450 mixtione
1903 1411 1972 1450 fori
1995 1412 2083 1450 laici
2106 1416 2148 1450 et
2174 1411 2456 1450 Ecclesiastici.

1503 1474 1544 1512 ln
1573 1474 1649 1512 fine
1685 1473 1826 1524 prioris
1849 1472 2150 1524 praelectionis,
2171 1483 2272 1522 quae
2296 1473 2454 1523 incipit:

1506 1535 1650 1573 Latous
1679 1533 1838 1585 quidem
1875 1534 1973 1573 haec
2007 1534 2219 1583 leguntur:
2255 1532 2458 1585 disputata

1494 1596 1574 1647 fuit
1595 1596 1702 1633 dicta
1725 1596 1904 1646 quaestio
1922 1606 1994 1646 per
2026 1594 2193 1634 Petrum
2225 1594 2271 1634 de
2302 1595 2460 1634 Ancha-

1501 1669 1605 1695 rano
1629 1656 1669 1695 J.
1700 1656 1742 1695 U.
1767 1657 1815 1694 D.
1842 1657 1885 1694 in
1900 1656 2009 1694 alma
2029 1655 2190 1694 civitate
2210 1655 2455 1694 Bononiensi

1502 1717 1733 1757 studiorum
1753 1717 1932 1755 omnium
1959 1723 2086 1756 matre
2105 1745 2118 1764 ‚
2143 1717 2186 1755 in
2208 1728 2287 1768 quo
2299 1716 2457 1767 publice

1497 1779 1549 1817 ad
1573 1785 1793 1830 utramque
1813 1776 1971 1830 partem
1994 1777 2174 1817 omnibus
2201 1777 2459 1829 arquentibus

1503 1839 1704 1891 respondit
1738 1850 1906 1890 maynae
1934 1840 2119 1878 scientiae
2147 1845 2185 1878 et
2213 1839 2376 1878 subtilis
2398 1839 2460 1878 in-

1509 1902 1618 1952 qenii
1639 1901 1703 1940 vir
1728 1902 1776 1939 D.
1800 1900 1992 1941 Nicotaus
2013 1901 2238 1940 Monachus
2262 1899 2337 1940 SS.
2362 1912 2461 1952 qua-

1500 1971 1592 2001 tuor
1612 1992 1621 2010 ,
1645 1963 1714 2014 qui
1750 1963 1964 2001 materiam
1996 1961 2186 2013 praebuit
2219 1961 2455 2014 disputandi

1499 2025 1697 2063 dictorum
1719 2024 1933 2062 dubiorum
1953 2023 2076 2063 tacius
2091 2053 2101 2068 ‚
2125 2035 2246 2075 quam
2261 2035 2335 2075 per
2357 2023 2460 2061 alios

1495 2086 1645 2136 sactum
1670 2085 1946 2124 inveniebatur
1969 2084 2047 2123 An.
2074 2086 2176 2125 4442
2196 2085 2257 2124 die
2281 2086 2331 2125 23
2353 2095 2460 2136 men-

1503 2147 1558 2185 sis
1577 2146 1731 2197 aprilis.
1758 2148 2037 2185 Famosissima
2061 2151 2101 2185 et
2125 2147 2316 2185 solemnis
2352 2157 2464 2196 repe-

1501 2210 1585 2246 titio
1602 2210 1642 2247 D.
1670 2209 1771 2247 Petri
1796 2208 1843 2246 de
1869 2208 2103 2247 Ancharano
2122 2209 2159 2246 in
2183 2209 2345 2247 materia
2365 2209 2454 2247 Sta-

1500 2274 1689 2307 tutorum.
1714 2269 1888 2307 Consilia
1928 2270 2032 2307 illius
2071 2280 2181 2307 num.
2213 2268 2303 2307 432.
2332 2268 2449 2319 plane

1502 2330 1662 2368 diversa
1697 2330 1746 2368 ab
1783 2329 1900 2368 editis
1933 2331 2114 2368 continet
2148 2329 2336 2369 volumen
2371 2330 2460 2369 405.

1504 2392 1580 2430 MS.
1613 2393 1648 2429 in
1677 2390 1856 2429 Biblioth.
1881 2391 2025 2429 Felina.
2045 2389 2065 2413 ³*

1558 2453 1752 2491 PETRUS
1776 2451 1823 2490 de
1847 2450 1996 2499 Andlo,
2026 2451 2228 2490 Ecclesiae
2250 2451 2460 2492 Columba-

1505 2515 1648 2552 riensis
1668 2545 1676 2562 ‚
1727 2525 1799 2552 seu
1848 2513 2132 2552 Colmariensis
2153 2542 2161 2561 ‚
2209 2512 2462 2562 Canonicus,

1507 2577 1806 2614 Decretorumm
1838 2575 2006 2622 Doctor,
2036 2573 2083 2612 ad
2116 2573 2359 2613 Fridericum
2392 2575 2456 2614 ΙΙΙ.

1508 2638 1604 2687 lmp.
1635 2638 1702 2686 qni
1733 2637 1782 2675 ab
1813 2637 1856 2674 A.
1891 2637 2004 2675 4450.
2035 2635 2084 2673 ad
2115 2636 2231 2674 4494.
2263 2636 2459 2686 praefuit,

1507 2696 1630 2736 libros
1658 2697 1756 2736 duos
1779 2696 1826 2735 de
1855 2696 2025 2747 Imperio
2050 2698 2247 2744 Romano,
2277 2697 2394 2747 Regis
2421 2703 2463 2735 et

1507 2760 1675 2808 Augusti
1719 2759 1918 2796 creatione
1939 2785 1950 2801 ,
1979 2758 2305 2808 inauguratione,
2334 2757 2460 2796 adrni—

1508 2821 1740 2858 nistratione
1755 2850 1766 2866 ,
1784 2820 1911 2857 officio
1927 2824 1967 2857 et
1989 2823 2184 2868 potestate
2207 2818 2459 2868 Electorum,

1505 2882 1673 2930 aliisque
1699 2881 1854 2930 Imperii
1882 2880 2086 2929 partibus,
2107 2880 2269 2919 Juribus
2290 2909 2298 2928 ‚
2319 2880 2461 2919 ritibus

1505 2947 1544 2980 et
1560 2942 1809 2979 ceremoniis.
1832 2941 1967 2980 Edidit
1984 2942 2244 2992 Marquardus
2264 2941 2463 2981 Freherus

1505 3003 1666 3051 Argent.
1708 3003 1824 3041 4642.
1863 3004 1896 3040 4.
1940 3007 1980 3041 et
2008 3003 2150 3042 Tobias
2191 3002 2381 3041 Oelhafen
2419 3003 2458 3040 in

1505 3064 1654 3114 sylloge
1690 3064 1850 3114 vulgata
1889 3065 2064 3103 Norimb.
2095 3063 2208 3103 4647.
2245 3064 2280 3101 4.
2315 3063 2459 3103 Confer

1506 3125 1751 3164 llendreichii
1771 3124 1988 3175 pandectas
2004 3125 2300 3176 Brandenburg.
2313 3136 2349 3175 p.
2365 3123 2456 3163 468.
2510 3169 2521 3181 .

1561 3188 1750 3226 PETRUS
1779 3185 1964 3226 Andreas
1993 3186 2039 3226 de
2069 3187 2276 3227 Castaneis
2299 3186 2457 3225 Floren-

1504 3320 1579 3350 niae
1598 3320 1631 3349 in
1648 3317 1768 3356 templo
1783 3320 1813 3349 S.
1834 3319 2013 3350 Dominici.
