2533 4009
472 166 548 201 :220

474 231 687 272 litterariis
706 228 816 261 touio
840 220 886 254 ll.
909 216 1100 253 fasciculo
1122 213 1150 246 1.
1175 211 1300 247 Extat
1319 221 1419 257 quo-

474 307 548 344 que.
580 292 710 328 Codex
742 286 820 321 MS.
843 282 914 327 sat
932 279 1106 322 locuples
1127 275 1417 311 Heilsbrunnau

477 363 516 395 in
546 350 784 390 Frauconia,
814 344 918 379 teste
949 340 1128 375 noi-kero
1158 338 1199 372 in
1221 337 1420 382 Catalogo

476 414 732 454 Bibliotheca*
764 407 874 443 illius
908 400 1148 438 monasterii
1189 408 1287 444 pag.
1331 398 1420 434 122.

476 477 643 522 scripsit
687 471 886 517 praetorea
923 466 1055 501 Vitam
1098 462 1141 498 S.
1186 461 1421 502 Dominici,

475 549 594 588 quain
627 537 714 581 post
748 542 783 567 a.
820 528 931 564 1285.
962 526 1156 570 colligere
1186 524 1338 569 coepit,
1382 522 1423 557 et

473 606 634 638 «lenium
665 608 700 632 u.
735 592 847 630 1202.
875 590 924 626 ad
947 590 1068 624 finem
1093 585 1297 632 perduxit.
1321 584 1421 619 Eam

475 668 513 700 iu
546 644 690 697 collisa
724 655 1035 692 membranaceo
1059 649 1254 694 scriptam
1282 646 1425 683 habuit

475 730 514 762 et
559 721 755 760 memorat
795 714 1077 752 Heuschenius
1121 713 1159 747 in
1202 711 1317 746 Actis
1354 710 1423 745 SS.

472 794 570 825 toni.
603 786 630 820 1.
664 782 798 819 Martii
830 790 867 825 p.
891 777 979 812 656.
1002 775 1131 811 edidit
1156 782 1330 819 quoque,
1354 773 1423 808 sed

472 853 565 886 stilo
607 857 678 884 suo
721 845 868 888 ubique
912 837 1236 884 interpolatam,
1279 836 1423 871 Sui-ius

468 916 504 950 d.
528 914 563 948 5.
588 908 782 955 Augusti.
804 906 843 941 et
866 902 1029 939 nonnisi
1054 898 1292 945 fragmenta
1312 908 1425 944 quie—

469 978 563 1012 ‹lam
597 974 687 1009 libri
721 969 808 1004 VII.
839 968 881 1003 et
907 964 1014 999 VIII.
1039 963 1186 999 adfert.
1210 961 1422 1007 Integram

473 1048 565 1074 vero
596 1046 646 1071 ex
678 1033 822 1070 Codice
855 1025 1190 1064 Francofurtensi
1220 1023 1262 1059 et
1284 1023 1425 1059 Ultra—

467 1101 620 1145 jectino
640 1095 765 1132 edidit
786 1092 1030 1128 Guiliolmus
1046 1088 1229 1132 Cuperus
1252 1087 1293 1122 in
1307 1085 1424 1122 Actis

473 1163 713 1197 sanctorum
743 1157 843 1192 tom.
875 1154 903 1188 1.
926 1151 1107 1198 Augusti
1131 1160 1168 1196 p.
1193 1149 1285 1185 562.
1306 1149 1426 1194 cujus

471 1225 570 1260 adde
601 1229 756 1268 quoque
783 1215 1136 1253 Commentarium
1162 1214 1363 1259 praevium
1386 1222 1423 1258 p.

469 1287 558 1323 361.
591 1284 681 1320 370.
713 1281 804 1317 371.
836 1279 978 1315 Fidem
1009 1278 1098 1322 ejus
1133 1277 1260 1312 variis
1296 1285 1425 1322 argu-

475 1349 626 1386 mentis
658 1348 699 1382 in
728 1344 895 1380 dubium
940 1340 1058 1376 vocat
1096 1337 1426 1374 Phileleutherus

469 1412 681 1449 Helvetius
712 1408 760 1444 de
784 1404 1012 1448 miraculis,
1035 1411 1124 1447 quae
1149 1400 1361 1436 Dominico
1384 1400 1426 1435 et

474 1475 566 1510 aliis
597 1468 886 1508 adscribuntur
917 1465 1060 1512 (Duaci
1092 1463 1207 1499 1734.
1237 1461 1290 1509 8.)
1329 1472 1424 1509 pag.

477 1536 567 1572 345.
600 1543 711 1579 seqq.

582 1599 664 1632 Jac.
681 1593 831 1638 Quetis.
853 1592 902 1628 de
921 1589 1196 1635 scriptoribus
1209 1587 1304 1623 Ord.
1318 1589 1429 1624 Prae-

472 1662 697 1698 dicatorum
727 1658 825 1692 tom.
858 1654 885 1688 I.
930 1662 1026 1699 pag.
1069 1651 1161 1686 413.
1205 1649 1429 1686 Theoderi-

474 1734 566 1761 cum
603 1720 864 1765 Tlturiuqum
895 1719 938 1752 et
976 1725 1013 1761 p.
1057 1714 1148 1750 453.
1196 1712 1340 1750 Theou.
1380 1712 1428 1749 de

474 1786 643 1835 :ipoldia
672 1784 886 1827 tamquam
916 1778 1103 1813 diversos
1131 1775 1316 1820 exhibet,
1339 1776 1427 1820 ipse

474 1851 614 1885 tamen
643 1858 681 1893 p.
712 1845 802 1881 414.
834 1840 1136 1878 dubitationem
1173 1848 1291 1874 suam
1334 1847 1428 1883 pro-

477 1913 570 1955 fert,
601 1918 738 1946 annon
768 1915 874 1942 unus
903 1904 944 1940 et
974 1903 1082 1939 idem
1113 1911 1204 1938 esse
1234 1900 1426 1947 potuerit.

481 1975 558 2009 Sed
599 1980 743 2008 revera
782 1977 887 2003 unus
926 1967 992 2002 est
1033 1964 1307 2001 Theodericus
1332 1991 1342 2010 ,
1385 1964 1427 1999 id

480 2035 584 2082 quod
613 2036 777 2078 tempus
816 2030 858 2066 et
896 2027 1218 2065 circumstantiae
1263 2027 1427 2072 reliquae

477 2099 580 2133 satis
600 2094 834 2131 ostendunt.
860 2092 965 2128 Illud
985 2090 1115 2126 adhuc
1139 2099 1300 2134 moneo,
1323 2089 1429 2132 Que-

475 2161 609 2195 titium
641 2168 678 2203 p.
712 2156 801 2192 453.
830 2164 920 2190 curn
951 2154 1125 2201 Apolclae
1155 2162 1305 2188 nomen
1335 2161 1422 2187 me-

480 2223 608 2258 morat
631 2221 809 2265 adjicere
833 2227 970 2253 vocem
999 2216 1167 2258 Wilani,
1194 2225 1284 2260 quae
1307 2217 1426 2260 plane

480 2286 634 2320 nullum
667 2291 831 2318 sensum
874 2279 1025 2324 habet,
1069 2278 1111 2315 et
1151 2278 1428 2324 expungenda

477 2347 553 2381 est.
581 2346 643 2380 sic
665 2352 821 2389 quoque
843 2341 1024 2377 Oudinus
1046 2341 1157 2376 tomo
1180 2339 1249 2375 111.
1273 2350 1311 2385 p.
1335 2339 1427 2375 603.

477 2410 599 2444 libros·
629 2406 870 2443 Theoderici
901 2405 948 2442 de
976 2404 1150 2450 Vriberq
1171 2403 1267 2438 huic
1287 2401 1428 2438 nostro

474 2470 639 2513 tribuit,
671 2467 893 2503 tractatum
927 2467 973 2502 (le
1005 2465 1123 2503 Iride
1154 2465 1192 2501 et
1228 2464 1428 2501 Calenda-

479 2534 589 2568 re'um
623 2531 866 2573 metricum,
896 2539 986 2574 quie
1017 2529 1095 2563 duo
1125 2527 1222 2563 sunt
1251 2528 1294 2562 in
1323 2526 1425 2563 Bibl.

482 2594 663 2629 l‘aulliua
693 2592 911 2638 Lipsiensi.
933 2591 1086 2636 Dispici
1117 2589 1256 2626 autem
1287 2588 1429 2634 posset

477 2657 524 2691 ‹le
567 2655 695 2690 altero
736 2654 914 2689 tractatu
954 2654 1000 2690 cle
1043 2652 1232 2700 beatifica
1271 2652 1427 2688 visione

471 2726 548 2763 per
580 2717 815 2761 essentiam,
842 2717 910 2761 qui
933 2715 1180 2751 Theoderico
1204 2714 1425 2750 Teutonico

473 2780 566 2815 ord.
600 2779 910 2814 l‘rwslicutorum
945 2777 1205 2812 adscribitur.

533 2840 900 2877 'l'HlisllJliltli‘l‘S
931 2839 1174 2883 Ber-nensis,
1200 2837 1292 2873 Ord.
1320 2838 1428 2873 Prae-

482 2904 792 2939 iuoustratcusis
831 2904 870 2937 iu
904 2902 1151 2936 monasterio
1194 2901 1337 2936 Berua:
1377 2900 1428 2935 ad

482 2967 645 3000 Mosam.
678 2975 713 2999 a.
740 2964 853 2999 1160.
880 2964 1045 3008 scripsit
1068 2963 1269 2999 Hamillus
1289 2962 1330 2997 et
1353 2962 1427 2996 Ill-

476 3028 641 3062 storias.
667 3027 863 3061 sis-ertias·
888 3024 1256 3069 Athenissselgieis
1280 3033 1315 3068 p.
1336 3022 1427 3058 (385.

536 3087 899 3122 'l'llliODEliIClJS
925 3088 1249 3134 Burqoquouus,
1294 3085 1430 3131 patria

491 3150 680 3184 rurensis
710 3151 801 3186 ord.
834 3151 1171 3194 Pru-dicatorum,
1204 3150 1430 3195 Episcopus

489 3212 743 3254 ‹·‹·rs·iensis,
773 3213 873 3248 obiit
902 3223 936 3247 a.
974 3213 1087 3248 1298.
1119 3212 1256 3248 :etatis
1288 3211 1353 3247 93.
1383 3211 1430 3246 Ei

492 3272 613 3307 libros
643 3275 728 3310 tres
765 3274 1012 3321 Chia-armac
1052 3276 1264 3320 tribuunt,
1288 3273 1429 3310 Venet.

1298 138 1661 177 THEODERICUS

1494 211 1610 247 1499.
1642 208 1757 245 1513.
1789 207 1831 244 et
1864 207 1982 246 1519.
2013 210 2254 257 impressos,
2284 211 2357 249 sed
2376 213 2445 259 qui

1493 270 1630 316 potius
1651 268 1702 304 ad
1729 266 2028 306 Theodericum
2054 269 2316 314 Catalauum,
2334 272 2448 318 ejus—

1494 332 1588 367 dem
1617 329 1800 374 ordinis,
1831 330 2049 376 pertinent.
2082 331 2121 368 Is
2150 333 2290 369 autem
2322 335 2449 372 libros

1496 401 1590 428 suos
1619 391 1765 436 lingua
1794 391 1930 436 patria
1958 394 2229 441 conscripsit,
2259 396 2367 433 unde
2397 396 2449 434 ad

1497 464 1571 490 nos
1585 463 1665 490 non
1688 453 1877 499 pertinet.
1898 455 2000 491 Vide
2020 456 2104 492 Jac.
2122 456 2265 500 Quetif
2279 457 2327 494 de
2341 457 2448 494 Scri—

1498 517 1685 563 ptoribus
1702 515 1796 552 Ord.
1810 517 2128 555 praedicatorum
2144 519 2244 555 tom.
2259 519 2289 555 Ι.
2305 530 2342 567 p.
2357 519 2450 557 354.

1497 579 1588 616 355.
1619 579 1719 624 Ejus
1748 578 2070 617 Mulomedicina
2098 582 2186 618 sive
2221 581 2452 632 Chirurqia

1499 644 1717 688 Equorum
1746 641 1873 677 latine
1902 640 1983 677 MS.
2016 642 2134 679 adest
2163 645 2207 680 in
2235 645 2337 682 Bibl.
2370 647 2454 682 Va-

1499 705 1634 741 ticana
1663 703 1705 740 et
1735 703 1991 740 Taurinensi.
2023 704 2139 742 Bern.
2170 708 2219 744 de
2249 709 2452 745 Montfau-

1499 776 1574 802 con
1604 766 1705 802 Bibl.
1735 765 1837 802 Bibl.
1869 765 1982 801 MSS.
2013 776 2052 812 p.
2083 767 2148 804 23.
2179 769 2298 806 1402.
2340 770 2454 807 Adde

1498 829 1746 865 Lindenium
1778 828 2022 865 renovatum
2052 839 2148 877 pag.
2179 832 2271 869 993.

1553 890 1573 910 '¹
1602 892 1724 929 Liber
1755 892 1878 927 huius
1905 890 2139 940 Chirurqia
2162 902 2360 940 equorum
2380 905 2454 933 ex-

1498 956 1584 992 tare
1606 955 1772 1001 quidem
1795 954 1931 1001 potest
1955 955 1999 991 in
2017 955 2212 993 Biblioth.
2232 957 2450 1006 Vaticana,

1459 1012 1461 1017 '
1501 1028 1524 1053 a
1552 1018 1796 1054 Taurinensi
1827 1027 1921 1054 vero
1951 1018 2088 1064 abest,
2115 1028 2209 1055 cum
2229 1021 2373 1058 nullibi
2393 1023 2454 1058 le-

1501 1080 1627 1127 gatur
1658 1080 1700 1115 in
1723 1079 1922 1125 Catalogo
1942 1079 2073 1116 eiusd.
2095 1079 2362 1119 Bibliotheca>
2382 1092 2455 1129 per

1500 1143 1575 1178 hos
1606 1151 1734 1178 annos
1765 1141 1951 1188 vulgato.

1555 1204 1925 1241 THEODERICUS
1975 1205 2279 1254 Burqsdorstus
2301 1233 2312 1252 ,
2361 1207 2456 1244 aliis

1499 1267 1709 1315 Buadorfi
1731 1268 1866 1314 Eques
1891 1268 2079 1314 Silesius,
2104 1268 2264 1305 Jurium
2293 1268 2455 1316 Doctor,

1499 1332 1707 1368 Professor
1731 1331 1974 1377 Lipsiensis,
1996 1340 2032 1366 a.
2057 1330 2175 1367 14:39.
2198 1330 2351 1368 ibidem
2373 1332 2455 1369 Re—

1499 1395 1612 1440 ctor,
1644 1405 1680 1430 a.
1713 1393 1829 1430 1463.
1860 1393 2089 1439 Episcopus
2122 1393 2454 1440 Numburgensis

1499 1458 1603 1493 obiit
1631 1467 1667 1493 a.
1702 1456 1817 1493 1466.
1848 1455 2023 1502 Scripsit
2067 1456 2288 1494 Orationes
2327 1454 2455 1496 Scho-

1501 1520 1698 1565 lasticas‚
1736 1518 2060 1556 Commentarios
2091 1519 2136 1556 iu
2163 1518 2276 1557 Jura
2315 1521 2456 1557 muni-

1502 1583 1685 1630 cipalia,
1715 1582 1959 1619 Adclitioues
1992 1581 2036 1618 iu
2070 1580 2293 1628 Speculum
2325 1581 2459 1619 Saxo-

1504 1644 1644 1681 nicum
1663 1671 1674 1689 ,
1706 1644 2002 1691 Repertorz'um
2034 1641 2204 1690 Speculi
2234 1642 2458 1690 Saxonici,

1502 1716 1591 1752 quie
1618 1706 1772 1752 scripta
1792 1705 2012 1751 aliquoties
2033 1705 2151 1751 typis
2175 1704 2358 1752 antiquis
2379 1706 2459 1742 im—

1504 1778 1645 1816 pressa
1658 1768 1768 1805 sunt.
1791 1767 2071 1806 conciliorum
2089 1777 2248 1814 quoque
2268 1769 2460 1806 Volumeu

1503 1832 1653 1878 ingens
1676 1830 1862 1877 collegit.
1884 1830 2034 1868 Confer
2055 1830 2298 1869 Centuriam
2319 1831 2459 1868 Made-

1502 1896 1663 1932 rianam
1693 1905 1727 1931 c.
1757 1895 1823 1932 21.
1853 1894 2087 1930 Hanckium
2116 1894 2165 1931 de
2197 1895 2359 1931 Silesiis
2394 1895 2461 1940 in-

1499 1960 1669 2006 digenis
1699 1958 1885 1995 Eruditis
1915 1968 1952 2004 p.
1994 1956 2084 1995 150.
2129 1956 2350 2005 Sagittarii
2390 1956 2458 1993 hi-

1501 2023 1671 2058 storiam
1688 2021 1960 2068 Episcopatus
1975 2021 2306 2067 Numburgensis
2327 2019 2367 2067 ξ.
2388 2019 2455 2057 38.

1554 2084 1924 2120 THEODERICVS
1954 2083 2001 2120 ab
2032 2082 2284 2128 Homborclt‚
2317 2083 2455 2120 Abbas

1501 2147 1823 2194 Bursseltlcusis
1852 2147 1902 2183 ab
1932 2155 2039 2182 anno
2070 2144 2321 2182 1469-1487.
2343 2146 2455 2182 Scri-

1502 2209 1586 2254 psit
1614 2210 1763 2246 librum
1793 2209 1840 2246 cle
1872 2210 2071 2256 reliaioue
2097 2209 2398 2246 claustralium
2419 2209 2459 2246 et

1501 2273 1704 2310 exercitio
1725 2272 1991 2316 novitiorum,
2010 2280 2131 2317 quem
2149 2271 2211 2306 Jo.
2229 2269 2459 2307 Trithemio

1501 2335 1795 2380 perficiendum
1830 2334 1974 2380 dedit,
2015 2334 2090 2371 sub
2130 2332 2250 2379 cujus
2292 2333 2459 2370 nomine

1505 2397 1623 2433 adest
1654 2398 1695 2433 iu
1725 2398 1825 2433 Bibl.
1859 2397 2027 2432 Domini
2047 2396 2095 2433 de
2115 2396 2315 2433 Vauclerc
2335 2404 2459 2442 prope

1505 2460 1757 2506 Laodunum,
1778 2460 1863 2496 test
1882 2460 2000 2496 Bern.
2020 2460 2068 2496 de
2082 2459 2342 2496 Montfaucon
2354 2459 2458 2495 Bibl.

1501 2523 1604 2559 Bibl.
1635 2522 1748 2558 MSS.
1780 2533 1876 2569 pag.
1910 2522 2026 2559 1301.
2058 2521 2174 2558 Adde
2206 2520 2459 2558 Leuckfeldii

1503 2586 1788 2632 Antiquitates
1819 2585 2133 2623 Bursfeldenses
2168 2593 2265 2631 pag.
2296 2583 2361 2621 24.
2393 2581 2459 2620 25.

1558 2649 1941 2695 THEODERICUS,
1961 2647 2224 2685 Cassiueusis
2237 2645 2460 2682 monachus

1500 2714 1635 2749 seculo
1665 2712 1735 2747 XI.
1767 2711 1935 2757 scripsit
1959 2711 2094 2748 Vitam
2119 2709 2164 2748 S.
2186 2708 2397 2754 Firmani,
2420 2708 2460 2746 et

1501 2773 1700 2820 hymnum
1740 2776 1784 2811 iu
1825 2773 1993 2811 laudem
2033 2772 2076 2811 S.
2111 2771 2272 2810 Mauri.
2313 2770 2460 2808 Petrus

1503 2837 1711 2873 Diaconus
1735 2838 1777 2872 in
1799 2836 1999 2882 catalogo
2021 2836 2213 2872 Virorum
2234 2833 2461 2872 illustrium

1505 2901 1814 2936 Cassiueusiutn
1846 2909 1880 2935 c.
1915 2899 1977 2935 16.

1555 2961 1574 2981 't
1607 2963 1745 2998 Vitam
1773 2964 1812 2997 S.
1834 2962 2018 2998 Firmani
2039 2962 2090 2999 ab
2110 2960 2186 2998 hoc
2207 2959 2458 2997 Theoderico

1503 3025 1753 3071 descriptam
1785 3025 1912 3061 latine
1953 3033 2045 3060 cum
2089 3022 2234 3059 Italica
2269 3021 2458 3058 versione

1505 3098 1698 3124 excusam
1730 3087 1932 3124 habemus
1974 3087 2076 3132 tipis
2118 3085 2348 3122 Tarvisinis
2385 3093 2457 3121 seu

1506 3151 1642 3196 potius
1673 3151 1923 3186 Lucensibus
1964 3149 2038 3185 sub
2077 3146 2251 3184 mentito
2281 3146 2458 3183 Tarvisii

1503 3213 1668 3248 nomine
1698 3222 1763 3248 an.
1799 3210 1913 3248 1727.
1936 3211 1996 3246 Ex
2026 3212 2102 3247 hac
2126 3217 2223 3246 vero
2252 3209 2451 3246 discimus

1504 3277 1678 3319 egregie
1699 3274 1831 3320 decipi
1854 3273 2046 3309 Vossiuin
2068 3272 2117 3309 de
2139 3270 2354 3308 Historicis
2376 3270 2455 3306 La-
