2517 4009
718 221 786 259 DE
816 223 856 261 5.
885 223 1212 264 scute'rURAE
1246 226 1428 266 EXPOS.

78 300 180 341 quos
209 289 382 339 quisque
414 287 477 325 vel
508 291 651 336 antea,
678 291 740 328 vel
773 293 810 328 in
844 294 927 343 ipso
971 296 1041 334 Sa·
1074 299 1076 301 ·

76 351 252 392 cerdotio
297 350 550 399 conceperit,
585 352 698 400 quasi
746 354 932 393 viventes
978 357 1039 394 vel

77 414 362 461 ambulanteS,
393 411 629 450 ostenderit.
661 414 701 450 ln
727 426 806 464 quo
831 416 927 455 libro
958 422 1038 455 tam

77 476 203 516 multa
231 475 280 514 de
304 485 414 513 novo
444 479 484 512 ct
516 475 640 512 veteri
672 476 929 515 Testamento
975 490 1041 528 po-

77 539 186 587 suit,
215 541 256 576 et
284 537 497 586 exposuit,
525 540 568 575 ut
612 538 642 575 si
688 549 779 576 eum
826 541 1040 579 memoriae

79 597 453 646 commendaveris,
484 600 661 638 omnium
693 599 883 639 librorum
913 603 1041 640 scicn-

75 662 128 700 tia
159 661 332 699 refertus
376 671 465 699 esse
508 660 694 699 videaris.
737 662 796 699 Ex
843 663 916 700 hoc
945 674 1039 713 ergo

74 723 257 762 trutinari
288 721 436 770 debes,
467 728 507 761 et
537 725 784 770 examinari,
815 729 950 763 utrum
989 725 1038 763 ob

74 784 231 822 animae
247 787 340 822 tuae
364 784 536 823 salutem
561 784 836 824 Sacerdotium
863 785 1038 824 declina—

73 857 117 884 re
137 874 148 894 ,
177 850 218 884 et
246 856 383 884 eorum
416 846 665 896 periculum,
696 858 797 896 quos
841 849 1038 898 corrigere

73 909 330 959 nequiveris,
363 907 528 959 fugere,
575 909 637 946 vel
682 913 842 959 propter
881 912 938 949 tui
970 921 1039 949 cu-

73 969 271 1017 stodiam,
302 970 393 1020 quia
426 970 690 1008 ministerium
715 971 842 1020 ipsum
870 973 978 1010 vitiis
1000 976 1038 1010 te

74 1031 283 1082 subjacere
312 1031 523 1082 prohibet,
554 1036 594 1069 et
624 1042 788 1079 eorum,
819 1044 920 1082 quos
944 1044 1038 1071 con--

72 1097 233 1132 vertere
277 1094 455 1144 poteriS‚
486 1093 643 1132 lucrum
685 1093 818 1132 subire
862 1094 1035 1142 debeas,

75 1155 137 1193 vel
166 1155 344 1204 ambire3
375 1155 470 1193 licet
501 1155 574 1193 hoc
596 1155 763 1194 verbum
787 1157 1038 1206 periculosis-

73 1218 221 1256 simum
248 1218 299 1254 sit
319 1220 360 1255 et
385 1215 658 1254 foedissimum
676 1246 687 1264 ,
719 1216 889 1255 necdum
917 1218 1036 1256 etiam

73 1279 112 1315 in
141 1277 396 1316 efficientiam
443 1276 547 1327 apud
590 1277 842 1316 Christianos
872 1279 1035 1326 veniat,

70 1343 112 1378 et
155 1339 329 1378 maxime
371 1338 622 1377 Sacerdotes.
672 1340 799 1378 [labes
846 1340 1038 1379 EUCHE-

71 1401 221 1449 RlUM,
251 1401 386 1438 nescio
415 1404 552 1438 utrum
599 1401 757 1450 ipsum,
788 1412 908 1450 quem
948 1401 1040 1439 bea-

74 1463 258 1502 tissimus
302 1460 551 1512 Auquscinus
581 1462 864 1512 presbyterum
895 1474 945 1500 ex
976 1464 1040 1500 Hi-

77 1526 216 1576 spania
244 1525 370 1563 veteri
402 1524 538 1562 morbo
580 1524 719 1563 calculi
766 1524 1039 1570 laborantem,

80 1598 152 1638 per
180 1586 480 1626 sanctissimum
513 1586 762 1636 Stephanum
794 1586 831 1623 in
858 1586 956 1624 libro
985 1587 1043 1623 vi-

77 1650 229 1701 gesimo
258 1647 436 1687 secundo
465 1649 499 1697 a)
531 1647 580 1687 de
611 1649 783 1688 Civitate
825 1649 910 1686 DEI
955 1659 1044 1686 nar-

76 1715 138 1750 rat
179 1715 391 1760 curatum3
421 1721 470 1749 an
518 1710 642 1749 alium
687 1711 932 1761 Episcopum
976 1709 1041 1748 vel

74 1774 313 1822 Doctorem,
341 1774 409 1824 qui
442 1773 592 1812 multas
621 1777 662 1811 et
701 1773 938 1811 utilissimas
986 1772 1042 1809 in-

71 1837 405 1888 terpretationes,
436 1836 715 1886 Tropologias,
745 1840 786 1874 et
829 1835 1040 1885 Anagoges

73 1909 279 1937 sacrarum
310 1899 608 1949 scripturarum
638 1898 871 1948 proposuit,
897 1901 937 1935 et
961 1895 1041 1934 dis-

73 1959 205 1998 solvit.
235 1959 271 2004 b)
301 1959 564 2006 Quid..dicam
595 1959 645 1997 de
675 1958 891 2006 ALBINO,
923 1959 1040 2008 Magi-

71 2025 154 2059 stro
184 2021 312 2061 Caroli
343 2019 634 2072 Imperatoris?
676 2022 744 2071 qui
790 2025 833 2059 ut
877 2025 920 2059 tu
952 2021 1035 2070 ipse

71 2083 186 2121 fateri
215 2083 360 2122 solitus
389 2093 459 2130 eS,
490 2083 588 2122 nulli
614 2082 821 2121 secundus
846 2093 937 2120 esse
969 2092 1037 2119 vo-

69 2145 171 2192 luit,
199 2145 271 2184 sed
310 2146 348 2183 in
393 2145 610 2196 gentilibus
653 2148 694 2183 et
737 2146 862 2182 sacris
892 2144 1036 2181 litteris

69 2218 210 2247 omnes
226 2218 418 2258 superare
433 2206 652 2246 contendit.
672 2206 741 2245 llle
757 2206 877 2244 talem
895 2205 1034 2243 Gram-

70 2271 257 2309 maticam
288 2271 324 2318 c)
354 2268 560 2317 condidit,
590 2273 636 2307 ut
664 2268 930 2314 DONATUS,
970 2267 1037 2304 M-

70 2331 370 2379 COMACHUS,
399 2330 700 2376 DOSlTHEUS,
716 2333 757 2367 et
779 2333 917 2367 noster
941 2328 1038 2366 PRI-

70 2392 284 2432 SG1ANUS
314 2393 350 2429 in
382 2390 471 2440 ejus
500 2392 796 2441 comparatione
824 2390 920 2428 nihil
945 2399 1035 2427 csse

71 2453 296 2492 videantur.
329 2452 406 2492 Sed
438 2452 507 2490 tibi
538 2452 662 2494 stulto
693 2452 798 2489 idem
829 2451 878 2489 de
910 2450 1037 2489 Diale-

70 2517 200 2562 etica,
230 2514 351 2563 Fide,
382 2519 423 2553 et
452 2515 557 2565 Spe,
589 2518 629 2551 et
659 2513 863 2552 Charitatc
910 2512 1034 2550 multa

69 2577 316 2628 disputavit,
346 2576 445 2615 adeo
477 2580 519 2614 ut
550 2575 670 2613 etiam
698 2576 735 2612 in
768 2573 1033 2623 Evangelium

69 2640 233 2678 ,loannis
251 2649 414 2677 manum
441 2639 598 2675 mittere
621 2640 907 2686 praesumeret.
931 2634 1035 2672 Scri-

70 2702 151 2752 psit
178 2701 284 2740 enim
328 2699 376 2739 ad
418 2701 566 2738 amicos
595 2698 792 2747 plurima,
824 2697 1034 2746 praecipue

71 2761 120 2802 ad
151 2762 368 2801 Witonem.
399 2761 437 2809 d)
468 2758 668 2811 Epistolus
699 2769 794 2796 vero
835 2757 923 2806 ejus
966 2756 1034 2794 tibi

69 2823 351 2863 commendare
381 2834 459 2862 non
489 2822 643 2868 audeo,
675 2822 765 2870 qnia
797 2819 864 2856 tibi
892 2829 1035 2869 pueru—

69 2885 106 2924 lo
133 2897 227 2925 cum
257 2878 471 2937 supercilio
515 2884 687 2934 scriptae
725 2881 928 2919 videntur.
958 2880 1035 2919 Sed

69 2957 142 2998 ego
171 2948 222 3001 ita
255 2959 332 2986 non
364 2947 521 2993 sentio,
553 2945 645 2994 quia
670 2943 732 2981 illa
755 2942 869 2993 juxta
895 2941 1037 2979 autho—

127 3041 161 3082 a)
176 3042 256 3082 Cap.
271 3042 303 3076 8.
319 3039 684 3082 §.15.ubiEncharius
700 3038 841 3070 ineditis
857 3037 1039 3076 appellatur

129 3091 165 3130 b)
179 3093 365 3126 Eucherius
382 3090 487 3130 Lugd.
504 3091 617 3129 Episc.
634 3088 674 3119 de
692 3090 784 3127 cujus
800 3087 895 3118 libris
912 3089 1040 3118 instru-

66 3145 218 3176 ctionum
233 3150 335 3183 supra
353 3146 434 3173 tom.
453 3141 485 3172 ἱ).
501 3147 576 3179 pag.
592 3138 668 3169 557.
685 3145 752 3176 seq.

129 3192 163 3231 c)
182 3194 274 3223 lnter
292 3191 424 3224 Alcuini
445 3192 552 3229 Opera
570 3195 646 3227 pag.
666 3186 757 3216 1255.
777 3194 849 3224 seq.

123 3241 160 3281 d)
178 3242 350 3273 widonem
369 3240 530 3271 Comitem
549 3262 558 3275 ,
579 3237 618 3268 ad
633 3243 733 3275 quem
752 3235 833 3265 liber
852 3234 892 3265 dc
909 3235 1039 3265 virtuti-

62 3293 124 3323 bus
142 3294 175 3323 et
194 3291 293 3321 vitiis
311 3298 390 3329 pag.
413 3288 505 3320 1250.

127 3339 159 3378 e)
181 3341 420 3378 Hieronymum
457 3336 620 3367 itliodium
638 3358 646 3371 ,
665 3333 867 3372 ‹iisvipulum
889 3334 1040 3363 Aristote-

2009 230 2085 269 297

1115 296 1271 334 ritatem
1303 309 1417 336 suam
1445 299 1536 350 (qua
1555 310 1696 338 omnes
1718 305 1805 351 post
1831 302 1977 353 Regem
2004 313 2070 353 po-

1114 360 1387 397 tentissimum
1421 361 1712 411 praecellebat)
1742 367 1782 401 et
1811 363 1968 403 locutus
1997 369 2072 411 est,

1114 424 1154 457 et
1184 422 1310 470 vixit,
1341 427 1381 459 et
1402 423 1574 473 scripsit.
1601 424 1849 463 Commendo
1875 424 2073 476 Epistolas

1114 481 1422 531 lllERONYMl,
1456 496 1531 522 non
1563 485 1670 524 illius
1699 485 1837 524 Graeci
1870 487 1903 535 e)
1934 489 2072 537 pagani

1114 543 1368 592 idololatrae,
1401 545 1471 584 sed
1504 548 1627 584 nostri
1655 548 1924 587 Ecclesiastici
1949 548 2074 587 culto-

1114 607 1168 644 ris
1200 607 1281 644 veri
1312 608 1426 655 ΒΕΓ,
1460 609 1496 645 in
1529 609 1675 658 quibus
1718 620 1877 648 omnem
1909 611 2073 648 serieta-

1113 671 1220 716 tem,
1253 669 1392 707 miram
1423 670 1734 718 joculationem,
1775 670 2070 721 Scripturarum

1113 739 1316 767 sacrarum
1360 731 1706 780 explanationem,
1753 733 1993 781 virginitatis
2034 737 2075 769 et

1113 790 1321 830 viduitatis
1370 793 1718 839 exhortationem,
1764 794 1964 843 lapsorum
2010 805 2077 832 su-

1112 853 1407 903 blevationem,
1439 855 1683 893 Clericorum
1714 860 1753 893 et
1793 855 2073 893 Monachoruni

1111 925 1156 953 ac
1186 915 1390 966 Virginum
1414 944 1422 960 ,
1456 917 1533 954 imo
1577 920 1616 953 et
1662 916 1961 954 fornicariarum
1995 928 2074 954 mo-

1112 975 1326 1016 dernarum
1352 979 1654 1017 insectationem
1682 983 1762 1016 tam
1789 978 2070 1016 vehementem

1112 1041 1309 1088 reperies,
1342 1045 1410 1088 ut,
1441 1041 1472 1078 si
1505 1045 1542 1078 te.
1574 1042 1702 1091 ipsum
1741 1040 1939 1079 Clericurn
1978 1051 2068 1077 esse

1113 1102 1369 1151 memineris,
1402 1114 1478 1140 non
1523 1103 1600 1149 sit,
1646 1101 1750 1151 quod
1795 1101 1996 1139 Monacliis
2032 1105 2072 1138 et

1113 1163 1488 1202 Sanctimonialibus
1505 1163 1673 1213 objicere
1691 1163 1832 1212 possis.
1852 1161 1927 1200 Sed
1952 1173 2071 1200 unam

1113 1224 1217 1262 illam
1248 1226 1395 1273 aetati,
1426 1225 1773 1276 progenitoribus,
1803 1229 1842 1262 et
1867 1225 2071 1275 proximis,

1111 1285 1260 1334 indoli,
1304 1290 1346 1323 et
1390 1287 1610 1324 ministerio
1654 1290 1722 1324 tuo
1762 1286 2074 1336 congruentissi-

1112 1357 1217 1384 mam
1242 1346 1478 1384 commendo
1493 1346 1696 1397 epistolam
1720 1346 1773 1385 ad
1797 1347 2069 1397 Nepotianum,

1111 1412 1326 1458 cognatum
1356 1408 1552 1446 Heliodori
1577 1409 1788 1458 Episcopi,
1814 1409 1881 1458 qui
1908 1408 2067 1446 futurus

1113 1474 1203 1520 post
1231 1471 1478 1509 avunculum
1511 1482 1629 1509 suum
1655 1470 1888 1521 sperabatur
1908 1471 2069 1519 Episco-

1114 1541 1216 1581 pus,
1247 1536 1287 1569 et
1316 1531 1447 1570 subita
1480 1536 1606 1570 morte
1637 1536 1875 1582 praereptus
1912 1536 1998 1568 est.-
2030 1535 2073 1568 ut

1116 1592 1339 1631 secundum
1371 1593 1492 1632 talem
1525 1594 1817 1640 istitutionem,
1848 1592 1952 1642 quali
1983 1602 2074 1630 eum

1116 1656 1338 1703 instruxit,
1383 1655 1520 1693 vivere
1563 1654 1755 1700 studeas,
1785 1660 1825 1693 et
1869 1666 1944 1692 non
1987 1657 2076 1703 post

1115 1718 1254 1755 matris
1295 1722 1387 1755 tuae
1429 1717 1710 1755 consobrinum
1743 1717 1782 1765 f)
1811 1716 1998 1755 anhelare
2027 1714 2076 1753 ad

1114 1778 1399 1828 Episcopatum
1422 1807 1429 1825 ,
1461 1779 1529 1816 sed
1557 1779 1698 1816 timere
1719 1783 1758 1816 et
1780 1788 2012 1829 praeparare
2039 1781 2076 1813 te.

1114 1846 1273 1890 satagas
1303 1840 1351 1879 ad
1382 1845 1644 1891 conspectum
1678 1841 1760 1879 DEl
1781 1870 1789 1885 ,
1820 1841 1938 1890 quia,
1970 1839 2073 1877 sicut

1113 1902 1323 1950 omnibus,
1356 1904 1504 1941 incerta
1535 1907 1596 1941 est
1617 1902 1686 1940 tibi
1705 1902 1798 1940 hora
1815 1903 1948 1939 exitus
1978 1901 2047 1938 tui.

1454 2008 1619 2049 CAPUT
1651 2009 1731 2046 Vll.

1158 2108 1214 2145 De
1238 2107 1479 2152 Meet-orum,
1509 2109 1782 2159 llymnormn,
1814 2107 2026 2159 Epz'yrwn-

1323 2172 1550 2220 malumque
1581 2168 1868 2208 conditoribus.

1165 2266 1205 2304 Si
1238 2277 1332 2304 vero
1375 2267 1495 2304 etiam
1540 2270 1665 2303 metra
1709 2266 1964 2314 requisieris,
1997 2275 2070 2300 non

1112 2331 1209 2365 sunt
1252 2327 1321 2365 tibi
1366 2328 1614 2365 necessariae
1644 2326 1860 2364 Gentilium
1893 2325 2070 2366 fabulae,

1111 2388 1180 2426 sed
1212 2389 1334 2427 habes
1378 2389 1414 2425 in
1459 2389 1761 2426 Christianitate
1807 2385 2069 2436 prudentissi—

1111 2461 1219 2488 mum
1252 2449 1577 2488 PRUDENTlUM
1620 2448 1668 2486 de
1713 2447 1843 2486 Mundi
1876 2445 2035 2484 exordio
2063 2475 2068 2487 ,

1109 2510 1157 2547 dc
1187 2511 1454 2560 Martyribus‚
1485 2510 1533 2547 de.
1565 2509 1749 2548 laudibus
1780 2509 1891 2553 l)l·]l,
1921 2507 1969 2544 de
2001 2508 2067 2543 l‘a-

1111 2572 1237 2610 tribus
1268 2574 1358 2610 novi
1389 2578 1429 2610 et
1460 2572 1607 2609 veteris
1638 2570 1883 2608 Testamenti
1921 2568 2068 2606 duleis-

1109 2634 1208 2670 sime
1247 2633 1540 2681 modulantem,
1582 2634 1777 2669 virtutum
1803 2635 1843 2667 et
1874 2631 2063 2666 vitiorum

1110 2696 1212 2731 inter
1248 2705 1292 2732 se
1335 2696 1544 2733 conflictus
1589 2693 1827 2743 tropologica
1857 2689 2067 2728 dulcedine

1109 2757 1348 2794 suavissime
1393 2757 1687 2806 proferentem.
1718 2758 1855 2791 eontra
1900 2751 2066 2789 haereti-

1108 2828 1175 2854 cos
1204 2822 1244 2855 et
1274 2829 1446 2868 paganos
1475 2818 1667 2855 acerrime
1693 2819 1950 2865 pugnantem.
1982 2811 2061 2849 Al„-

1109 2881 1260 2918 ClMUS
1289 2881 1324 2929 g)
1350 2891 1444 2916 vero
1475 2880 1633 2916 nomine
1659 2878 1865 2917 Avl'stjs,
1897 2875 1984 2911 licet
2011 2872 2064 2909 lut

1110 2942 1274 2980 storiam
1306 2940 1492 2979 Geneseos
1523 2939 1561 2989 Ιι)
1592 2940 1704 2988 qnasi
1748 2938 1870 2975 solam
1912 2946 2067 2973 assum-

1108 3037 1148 3067 lis
1168 3036 1302 3068 videtur
1321 3037 1459 3066 innuere
1474 3057 1483 3071 ,
1501 3033 1593 3065 cuius
1611 3033 1776 3072 Epistulae
1793 3031 1810 3061 a
1835 3034 1963 3064 Laertio
1981 3037 2010 3061 et
2031 3036 2067 3061 A·

1103 3087 1246 3116 thenaeo
1270 3084 1469 3123 allegantur.

1161 3135 1189 3173 s)
1204 3134 1408 3165 Salomonem
1429 3134 1467 3162 ΙΙ.
1486 3134 1685 3171 Episcopum
1703 3132 2001 3162 Constanticnsem.
2023 3132 2072 3160 Vi-

1102 3185 1142 3215 ci:
1166 3182 1528 3213 §ammai-thanestoni.
1552 3183 1582 3211 :L
1603 3180 1723 3219 p.;'»ii.

1163 3233 1196 3270 g)
1217 3234 1262 3262 lta
1284 3230 1459 3270 legendum
1479 3239 1537 3269 pro
1552 3230 1722 3261 Alruiiius.

1163 3282 1197 3311 m
1218 3280 1322 3311 Libris
1350 3282 1383 3309 V.
1401 3280 1440 3309 «le
1464 3281 1648 3318 spiritualis
1666 3280 1824 3310 historiae
1847 3281 1946 3317 gestis
1965 3277 2004 3307 ad
2027 3280 2073 3307 Si·

1104 3333 1242 3361 <iminium
1268 3329 1502 3367 Apollinarem.

1685 3402 1752 3435 18)
