2517 4009
820 249 1269 289 llllA'l'ERlUS

1962 253 2041 293 335

106 319 321 370 Procopius
350 315 396 354 (lc
427 313 523 353 bello
550 315 712 354 Persico
735 322 770 355 ec
799 319 1006 358 l'‹unlalico
1080 333 1128 359 ex
1150 322 1294 360 celebri
1312 323 1325 356 ί
1331 322 1585 361 laodensium
1611 322 1754 362 familia
1776 326 1902 368 ortuS,
1919 323 2044 363 Tlieo-

53 380 263 418 Latz'm'tate
309 377 507 424 donatae,
552 378 588 415 in
633 379 804 418 editione
841 392 1004 432 operum

55 442 226 492 Procopii
247 470 254 486 ,
273 439 389 478 Basil.
409 439 524 477 4534.
552 439 615 477 fol.
631 442 733 490 apud
754 443 1006 494 Hervagium.

109 501 329 541 Transtulit
361 505 567 550 praeterea
597 514 616 539 e
647 502 796 541 Graeco
829 503 1012 554 Greqorz't

53 562 305 602 Nazz'a‘nzeni
316 561 536 600 monodiam
553 591 562 599 .
581 563 724 602 Basilii
737 566 1012 605 oratiunculas

51 624 199 672 decem,
212 629 252 662 et
269 623 449 673 ejusdem
469 625 655 664 Instituta-
671 626 966 666 monachorum.

111 687 217 726 Vitae
238 685 352 726 Siaeti
379 686 449 724 JV
475 687 677 726 Innocenti
699 689 799 726 VIII.
833 688 1010 728 Alexan-

51 748 119 788 dri
163 749 223 789 VI.
267 752 306 786 et
351 748 413 786 Pii
456 749 527 787 III.
574 751 710 788 Venet.
761 750 877 789 1518.
909 751 1011 789 solio.

50 812 228 850 Meminit
261 810 356 848 Lud.
382 812 513 849 Jacob.
540 823 574 850 a.
602 813 640 850 S.
673 813 814 852 Carolo
848 813 883 849 in
911 813 1010 852 Bibl.

49 872 254 912 Pontificia
288 883 376 922 pag.
411 871 501 911 42⁷4.

109 933 196 973 Vita
231 934 277 971 B.
312 933 451 972 Jacobc·
490 934 536 972 de
574 934 788 982 Certalclo,
828 936 1009 975 monachi

51 995 401 1044 Camaldulensis,
428 996 477 1034 ab
503 996 727 1047 Augustino
743 999 931 1037 Fortunio
957 1000 1014 1036 in-

53 1058 244 1109 terpolata
274 1058 410 1096 exstat
442 1059 478 1096 in
510 1058 620 1097 Actis
650 1060 888 1098 Sanctorum
916 1064 1012 1098 tom.

53 1121 99 1159 11.
130 1120 277 1171 Aprilis
307 1132 343 1170 p.
377 1120 468 1159 453.

112 1182 197 1222 Vita
226 1183 269 1221 S.
302 1181 470 1220 Victoris
499 1181 694 1233 martyris
723 1194 814 1221 cum
846 1183 1017 1221 transla—

54 1245 158 1282 tione
183 1244 440 1293 reliquiarum
471 1242 559 1294 ejus
580 1248 813 1281 asservatur
838 1244 1016 1281 Volater-

54 1317 120 1344 rae
150 1306 188 1342 in
216 1305 363 1354 templo
388 1304 627 1342 Cathedrali.
659 1304 849 1355 Ughellus
881 1305 1016 1343 ltaliae

57 1359 200 1406 Sacrae
229 1371 324 1404 tom.
357 1367 383 1404 Ι.
415 1377 453 1416 p.
486 1366 602 1403 4439.

107 1430 128 1452 *
158 1429 412 1468 Praeteriisse.
431 1429 584 1479 pigeret
600 1428 776 1467 libellum
797 1428 1014 1478 quemdam

56 1494 279 1542 impressus
298 1491 458 1529 Parisiis
487 1502 548 1540 ap.
581 1489 791 1540 Aegidium
824 1491 873 1529 de.
889 1491 1016 1530 Gour-

57 1558 175 1592 mont-
200 1555 398 1592 incertum
423 1564 501 1603 quo
524 1564 641 1599 anno,
660 1553 696 1589 in
725 1564 804 1603 quo
829 1558 1017 1603 excerpta

57 1615 253 1666 quaedam
286 1626 336 1653 ex
366 1615 666 1653 commentariis
697 1614 866 1653 Urbanis
896 1614 1020 1665 Raph.

57 1678 302 1716 Volaterrani
334 1687 483 1715 excusa
504 1680 601 1714 sunt
621 1676 788 1715 authore
814 1677 1022 1715 Vincentio

60 1739 168 1778 Ralla
198 1739 289 1788 (290
308 1739 332 1777 f.
348 1739 455 1788 Bagli
475 1740 592 1777 cuius
608 1750 667 1789 op.
691 1740 748 1776 Jo.
771 1739 940 1776 Boccatii
971 1739 1026 1776 De

59 1803 153 1842 clar.
201 1802 355 1841 mulier.
398 1801 525 1839 italica
546 1801 688 1839 .versio
718 1812 781 1839 an.
813 1801 928 1839 4504.
961 1801 1025 1839 fol.

59 1864 195 1913 cusa.)
226 1864 329 1902 Sunt
361 1867 496 1902 autem
527 1867 717 1913 excerpta
747 1861 797 1901 de
828 1874 936 1901 more
966 1863 1025 1901 lu—

59 1927 200 1966 dorum
221 1931 261 1964 et
281 1936 510 1974 sacrorum3
532 1926 589 1963 De
610 1926 880 1964 Romanorum
903 1925 1024 1963 Grae-

60 1999 278 2039 corumque
309 1987 621 2038 magistratibus,
647 1986 696 2024 de
726 1988 805 2025 ritu
835 1987 1023 2037 antiquae

61 2051 248 2098 militiae3
265 2049 314 2088 de
334 2049 496 2098 templis
514 2052 554 2087 et
571 2049 668 2100 loeis
687 2048 798 2087 urbis
816 2048 976 2087 Romae.
992 2048 1014 2070 ἦ

113 2113 195 2163 (291
235 2111 320 2150 Vita
344 2109 409 2149 del
439 2108 632 2149 Venerab.
658 2109 850 2160 Raffaello
884 2110 1029 2160 Maffei

60 2173 158 2213 (letto
181 2173 211 2213 il
239 2172 471 2213 Volterrano
495 2172 638 2211 scritta
664 2171 717 2210 da
741 2172 911 2222 Monsz'9.
934 2171 1020 2211 Fal-

62 2236 213 2276 concini
237 2236 403 2275 Vescovo
421 2234 456 2273 d’
473 2234 643 2273 Arezzo.
663 2236 785 2273 Roma
803 2234 908 2277 4722
925 2236 962 2272 in
989 2235 1027 2273 4.

64 2298 200 2337 Lascrz'
213 2299 361 2337 Marco.
390 2296 524 2347 Eloqz'o
545 2295 589 2334 dz·
612 2299 654 2336 R.
686 2297 743 2336 M.
772 2299 809 2334 in
831 2308 892 2347 op.
914 2295 1027 2335 Serz‘e

64 2360 108 2399 di
133 2359 245 2410 Eloyi
269 2359 305 2397 d'
321 2359 481 2398 Illuscri
505 2359 672 2398 Toscani
690 2361 812 2398 Tomo
837 2360 910 2407 ΙΙ.)

116 2420 407 2460 RAPHAINUS
426 2420 472 2458 de
493 2420 705 2458 Zaccariz‘s
720 2451 730 2468 ‚
753 2422 904 2469 JCtus,
932 2421 1028 2460 Cre-

64 2484 293 2531 monensis,
319 2493 338 2520 a
370 2482 541 2521 Cabrino
570 2481 747 2519 Fondulo
770 2511 777 2529 ,
804 2482 1026 2521 Cremonae

63 2546 223 2585 domino
236 2575 246 2593 ,
263 2545 301 2582 in
319 2543 482 2583 consilia
500 2544 713 2581 secretiora
729 2545 881 2582 accitus
900 2574 907 2593 ,
923 2545 1028 2583 circa

62 2621 96 2648 a.
143 2607 259 2647 4379.
296 2606 457 2655 scripsit
490 2603 759 2644 Consiliorum
795 2604 871 2643 Vol.
915 2606 952 2643 3.
984 2610 1024 2643 et

60 2680 178 2720 opera
209 2669 328 2707 varia.
362 2667 461 2706 Arisi
489 2667 686 2707 Cremona
721 2668 897 2705 Literata
923 2672 1018 2705 tom.

68 2733 95 2770 l.
127 2744 164 2782 p.
196 2731 288 2770 481¹.

119 2790 440 2831 RAPULARIUS
474 2791 673 2841 allegatur
702 2802 723 2829 a
754 2791 1024 2841 Compilatore

65 2855 180 2903 libri,
224 2855 291 2904 qui
337 2854 472 2892 Flores
512 2855 722 2892 Poetarum
769 2853 1024 2899 inscribitur,

28 2916 31 2919 '
65 2919 151 2956 sine
177 2917 376 2955 notatione
400 2915 492 2953 anni
519 2920 559 2953 et
583 2915 656 2953 loci
689 2915 726 2952 in
756 2916 788 2952 4.
817 2916 1024 2965 impressi,

65 2981 131 3030 qui
163 2980 200 3017 in
225 2977 467 3017 Bibliotheca
492 2977 672 3015 Paullina
707 2977 859 3026 Lipsiae
890 2975 1027 3013 adser-

66 3046 197 3080 vatur.
243 3041 452 3079 Sermones
493 3037 667 3076 edidisse
709 3042 882 3076 testatur
925 3038 1026 3075 Dau-

66 3105 170 3142 mius
195 3104 232 3140 in
258 3101 497 3152 praefatione
519 3099 567 3138 ad
596 3099 887 3149 Hieronymum
907 3099 1026 3137 Grae-

63 3175 156 3204 cum
176 3163 224 3202 de
246 3164 438 3202 Trinitate
457 3175 464 3199 :
483 3158 688 3198 ανεκδοτον
705 3165 832 3199 vocat.
856 3161 964 3199 Idem
988 3162 1024 3198 in

66 3226 310 3278 praefatione
327 3224 375 3264 ad
388 3224 576 3263 Homilias
593 3225 630 3260 in
649 3223 905 3261 Nativitatem
918 3223 1028 3261 Chri-

66 3289 128 3327 sti.
152 3289 230 3328 Nec
261 3287 422 3325 memini
452 3286 500 3323 ab
527 3285 590 3323 illo
618 3288 795 3334 tempore
821 3284 1025 3334 prodiisse.

119 3351 247 3390 Raso
294 3335 596 3386 Bonus-‘vicinus
626 3347 711 3383 sive
744 3343 1016 3394 (Immemor,

1082 384 1206 433 logiae
1248 385 1490 422 Licentiatus
1521 385 1747 432 Parisinus,
1773 390 1813 422 et
1845 386 1880 422 in
1909 396 2045 424 mona-

1086 446 1208 483 sterio
1238 446 1521 485 Steinfeldensi
1545 447 1680 486 Colon.
1710 447 1832 485 dioec.
1860 448 2044 496 Magister

1088 509 1356 556 novitiorum,
1385 513 1567 546 mortuus
1592 508 1627 545 d.
1654 509 1714 546 48.
1739 508 1900 547 Ooctob.
1930 508 2046 548 ⁴509.

1088 570 1255 619 Scripsit
1299 570 1423 608 Vitam
1455 569 1677 607 Ilermctnni
1702 568 1883 620 Josepht,
1916 581 2049 608 mona-

1088 629 1150 667 chi
1197 631 1531 678 Steinfeldensis,
1564 643 1632 680 per
1665 631 1825 670 modum
1874 632 2049 682 Dialogi,

1091 693 1254 729 vivente
1295 692 1425 730 adhue
1465 696 1628 730 auctore
1660 694 1909 743 impressam.
1947 695 2050 732 Hen-

1090 752 1281 791 schenius
1326 755 1362 790 in
1395 754 1622 791 Comment.
1653 756 1813 804 praevio
1843 755 1891 793 ad
1923 758 2047 794 vitam

1089 816 1131 852 B.
1164 815 1375 853 llermanni
1406 815 1567 865 Josepbi
1601 817 1636 852 in
1669 815 1779 853 Actis
1809 817 2048 855 Sanctorum

1090 881 1184 913 tom.
1218 876 1244 914 l.
1276 876 1424 927 Aprilis
1450 888 1483 926 p.
1515 875 1593 915 683

1144 936 1481 976 RASTEDENSE
1522 938 1773 985 Chronicon,
1813 939 1916 988 quod
1956 940 2050 978 olim

1091 999 1164 1038 fuit
1196 1001 1483 1038 monasterium
1515 999 1709 1038 dioecesis
1735 1003 1989 1049 Bremensis,
2014 1014 2053 1040 a.

1091 1062 1206 1099 ⁴059.
1254 1061 1494 1111 fundatum,
1530 1061 1653 1100 edidit
1682 1063 1915 1101 Meibomius
1945 1068 2051 1101 tomo

1091 1123 1137 1159 11.
1169 1124 1312 1173 Script.
1346 1135 1479 1161 rerum
1510 1123 1841 1162 Germanicarum
1874 1136 1958 1174 pag.
1985 1124 2048 1162 87.

1147 1184 1436 1231 RATBODUS,
1468 1185 1559 1222 vide
1591 1196 1709 1234 supra
1742 1186 2025 1225 RADBODUS.

1145 1245 1458 1285 RATHERIUS.
1493 1248 1651 1285 natione
1684 1247 1974 1299 Lotharingus,
2006 1249 2051 1286 fi-

1092 1306 1169 1344 lius
1191 1307 1357 1345 Comitis
1381 1308 1648 1356 Viennensis,
1676 1310 1896 1348 monachus
1919 1312 1955 1348 in
1985 1312 2055 1349 Lo-

1091 1366 1217 1406 biensi
1269 1370 1536 1417 monasterio,
1585 1370 1746 1408 ditionis
1797 1372 2053 1420 Leodiensis,

1092 1429 1160 1467 sed
1181 1429 1375 1468 dioecesis
1400 1431 1703 1469 Cameracensis
1725 1444 1758 1469 a.
1785 1433 1876 1470 928.
1906 1435 1954 1472 ab
1979 1435 2058 1473 Hu-

1093 1502 1193 1541 gone
1218 1493 1322 1542 Rege
1345 1493 1569 1542 Episcopus
1594 1493 1835 1531 Veronensis
1850 1497 2058 1534 constitui-

1095 1557 1185 1603 tur,
1217 1555 1286 1593 sed
1320 1559 1409 1606 post
1447 1555 1598 1604 aliquot
1628 1565 1755 1592 annos
1785 1555 1844 1592 bis
1874 1555 2055 1604 ejicitur,

1098 1616 1204 1655 unde
1250 1618 1424 1667 primum
1455 1617 1639 1654 Ticinum
1671 1620 1759 1666 post
1807 1617 1844 1654 in
1889 1619 2058 1667 patriam

1099 1679 1307 1718 exulatum
1354 1679 1566 1716 concessit.
1607 1679 1652 1715 Α.
1698 1677 1788 1716 953.
1828 1679 1957 1718 sactus
1995 1685 2058 1717 est

1099 1742 1325 1792 Episcopus
1357 1740 1614 1788 Leodiensis,
1647 1741 1752 1779 unde
1782 1752 1944 1791 quoque
1983 1741 2062 1791 eje—

1103 1807 1194 1842 ctus
1223 1814 1258 1841 a.
1284 1802 1376 1841 944.
1409 1803 1446 1840 in
1479 1804 1721 1841 monasterio
1752 1814 1823 1842 suo
1848 1804 1939 1841 fatis
1968 1814 2061 1841 eon-

1100 1866 1235 1903 cessit.
1262 1865 1416 1914 Scripta
1447 1864 1536 1915 ejus
1566 1864 1724 1913 collegit
1754 1866 1881 1902 Lucas
1910 1864 2062 1903 Dache-

1100 1928 1184 1965 rius
1215 1927 1351 1976 Spicil.
1382 1930 1479 1964 tom.
1510 1927 1538 1964 Ι.
1571 1927 1643 1964 boc
1673 1926 1836 1964 ordine:

1154 1987 1345 2027 Volumen
1388 1987 1790 2039 Perpendiculorzcm,
1840 1987 1903 2026 vel
1944 1989 2057 2028 visus

1101 2050 1313 2102 cujusdam
1338 2050 1507 2101 appensi
1519 2062 1606 2088 cum
1625 2050 1717 2089 aliis
1736 2050 1868 2088 multis
1892 2051 1933 2088 z'n
1961 2050 2062 2102 lzyno

1103 2112 1293 2152 latronis:
1323 2114 1345 2151 f.
1372 2113 1418 2151 (le
1441 2114 1637 2152 Contenta
1660 2113 1879 2161 Canonum,
1909 2126 1942 2163 p.
1969 2116 2059 2152 345.

1158 2174 1367 2215 Conclusio
1387 2174 1652 2214 deliberativa
1674 2175 1936 2214 Leodiciacta
1955 2206 1961 2222 .
1980 2176 2064 2214 sive

1106 2235 1269 2275 Clima-”13
1312 2237 1510 2288 Syrmatis
1547 2236 1749 2288 ejicsdem‚
1799 2238 1871 2288 qai
1904 2241 2065 2276 caetera

1103 2309 1178 2336 non
1201 2297 1301 2336 adeo
1324 2299 1448 2349 parui
1470 2311 1506 2349 p.
1527 2299 1618 2337 356.
1645 2299 1720 2336 Est
1741 2299 1920 2336 defensio
1945 2301 2064 2337 actio-

1104 2372 1199 2399 num
1232 2371 1396 2399 suarum
1428 2360 1563 2398 Leodii
1591 2365 1631 2398 et
1658 2360 1848 2398 Veronae.

1157 2418 1370 2468 Qualicatt's
1394 2419 1624 2469 conjectura
1648 2417 1884 2469 cujusdam,
1910 2430 1945 2466 p.
1972 2418 2061 2456 357.

1101 2481 1295 2533 Ejusdem
1329 2483 1531 2520 materiae.

1156 2542 1369 2580 Discordia
1394 2542 1641 2593 interipsum
1658 2540 1896 2579 Ratlierizcm
1917 2544 1954 2579 ec
1978 2541 2064 2580 Cle<

1102 2603 1236 2651 ricos,
1269 2616 1302 2654 p.
1334 2604 1423 2641 363.
1767 2623 1771 2626 -

1156 2663 1428 2716 Apoloqeticus
1460 2663 1586 2710 liber,
1620 2677 1655 2715 p.
1688 2665 1779 2702 366.

1155 2728 1208 2765 De
1241 2726 1410 2766 Clericis
1435 2726 1515 2765 sibi
1540 2726 1755 2765 rebellibus
1772 2756 1794 2773 ,.
1822 2739 1844 2777 p
1875 2728 1962 2764 368.

1154 2789 1210 2826 De
1241 2793 1364 2840 nupta
1395 2789 1605 2840 cujusdam
1635 2788 1792 2835 illicite,
1820 2802 1854 2839 p.
1887 2788 1976 2827 370.

1156 2850 1355 2902 Epzstolae
1389 2851 1451 2888 VI.
1474 2863 1509 2902 p.
1536 2852 1632 2890 3711
1672 2852 1774 2888 inter
1806 2861 1905 2900 quos
1931 2851 2058 2895 tertia,

1102 2917 1243 2962 quarta
1270 2917 1310 2951 et
1328 2912 1562 2962 quintajam
1589 2912 1718 2950 editae
1746 2913 1902 2949 fuerant
1925 2922 1945 2948 a
1964 2910 2064 2949 Clio-

1101 2975 1284 3026 peavillio
1315 2979 1411 3012 tom.
1443 2976 1471 3012 1.
1502 2975 1748 3024 Scriptorum
1784 2972 2060 3010 Leodiensium

1102 3049 1138 3088 p,
1181 3036 1270 3076 ⁴79.
1311 3047 1424 3086 seqq.
1464 3041 1577 3073 sexta
1615 3037 1695 3085 agit
1736 3034 1782 3072 (le
1815 3034 1989 3084 Corpore
2031 3036 2068 3070 at

1104 3098 1307 3148 Sanquine
1338 3097 1515 3135 Domini:
1548 3097 1595 3134 de
1626 3108 1702 3146 qua
1736 3097 1950 3133 Reformati
1971 3106 2063 3133 cum

1102 3161 1317 3198 Pontiiiciis
1356 3160 1524 3207 litigant.
1564 3157 1658 3196 Vide
1690 3158 1900 3196 Mobillonii
1941 3158 2063 3195 Praei.

1102 3220 1148 3260 ad
1180 3222 1266 3259 Sec.
1298 3221 1362 3258 lV.
1390 3220 1536 3258 Bened.
1567 3226 1666 3270 part.
1698 3220 1734 3257 2.
1766 3231 1801 3269 p.
1837 3218 1900 3257 67.
1926 3219 2066 3257 Alber-

1104 3284 1229 3320 tinum
1257 3281 1305 3318 de
1342 3282 1614 3324 Eueliaristin,
1644 3283 1829 3319 Nostrum
1876 3291 1994 3331 supra
2037 3286 2062 3317 t.

1105 3346 1168 3382 ui.
1199 3355 1234 3394 p.
1272 3344 1356 3382 178.
