2517 4009
870 251 1266 295 NOTGERUS

71 322 281 376 perfertur
309 321 364 360 ad
391 333 460 361 nos
490 322 739 363 tristissimus
774 331 847 364 etc.
894 330 1031 381 ltaque

77 385 310 436 antiquioris
339 386 542 435 scriptoris
574 387 690 426 verba
723 388 817 428 haec
847 397 968 439 sunt,
997 397 1030 444 a)

75 459 205 498 neque
233 452 366 486 tamen
401 448 487 486 ideo
516 448 564 487 de
595 450 760 500 Notgero
789 453 923 504 aliquo
971 468 1034 495 se-

75 511 183 548 niore
207 509 346 548 horum
372 510 558 549 librorum
585 518 748 551 auctore
763 517 1028 565 cogitandum.

78 570 165 609 Vita
187 571 225 611 S.
249 570 467 611 Landoalcle·
482 573 824 625 Archipresbyteri
847 579 932 618 Sec.
953 582 1033 621 Vll.

71 634 698 685 RotganisociorumqueAmantii
714 639 882 688 niaconi,
897 641 1035 682 Adria-

73 697 113 734 ni
143 696 352 747 Martyris,
382 698 552 745 Juliani.
585 700 811 739 Vencianae
842 708 881 740 et
919 704 1036 745 Adel-

72 757 200 797 trudis
229 758 338 797 libris
369 760 414 798 ll.
447 762 593 812 scripta
625 761 742 811 jussu
783 762 941 812 Notgeri
963 768 1034 807 'ab

70 819 208 859 eodem
240 822 526 865 HARIGERO.
563 824 696 874 Atque,
748 814 922 877 Notgero
966 842 1034 870 au-

69 884 165 922 ctori
197 883 286 923 inde
314 885 460 925 tributa
491 886 607 938 cujus
638 889 757 926 etiam
790 890 965 940 Epistola
988 894 1032 932 A.

71 945 161 984 980.
192 945 239 985 ad
272 947 504 987 Womarum
542 948 740 988 Abbatem
782 951 1031 994 Gaudensem

69 1006 160 1046 data
189 1009 466 1059 praemittitur:
497 1015 607 1048 extat
635 1012 738 1061 apud
765 1014 925 1053 Surium
965 1018 1030 1056 49.

68 1070 219 1119 Martii,
250 1076 290 1109 et
318 1082 408 1110 cum
442 1072 686 1111 Henschenii
719 1076 822 1113 notis
854 1077 890 1114 in
920 1077 1032 1116 Actis

63 1131 244 1178 Sanctor.
274 1136 367 1172 tom.
399 1135 438 1173 3.
467 1136 594 1173 Martii
627 1146 713 1186 pag.
744 1137 876 1176 35-411.
907 1139 1030 1178 Vitam

67 1195 108 1234 S.
138 1193 324 1234 Hadelini
349 1196 581 1247 Presbyteri
618 1199 719 1236 circa
749 1198 825 1237 An.
859 1200 947 1240 690.
991 1204 1027 1240 in

65 1257 224 1307 Belgio,
253 1258 519 1298 eademActa
555 1260 630 1298 sub
668 1260 832 1311 Nodgeri
871 1266 1029 1302 nomine

64 1321 235 1360 offerunt
263 1325 358 1359 tom.
390 1323 404 1360 4
442 1322 628 1360 Februar.
661 1323 695 1360 3.
727 1334 812 1373 pag.
840 1324 1026 1364 372-376.

63 1386 104 1421 et
131 1382 378 1421 Mabillonius
408 1383 493 1421 Sec.
525 1384 560 1421 2.
584 1383 836 1422 Benedictin.
858 1397 893 1436 p.
911 1388 1025 1426 4043.

115 1444 385 1485 NOTGERUS
414 1443 632 1490 Balbulus,
661 1445 882 1496 discipulus
900 1449 1025 1488 Isonis

63 1511 105 1546 et
132 1509 249 1546 Marci
279 1508 365 1546 sive
393 1508 564 1546 Marcelli
607 1509 852 1558 scotigenae:
898 1512 1027 1550 Mona-

0 1561 6 1570 '
63 1569 164 1609 chus
187 1570 464 1621 Sangallensis
491 1570 584 1609 Ord.
605 1571 754 1609 Bened.
784 1576 824 1610 et
859 1573 1026 1623 Presby-

0 1655 1 1658 =
61 1638 124 1672 ter
152 1632 367 1672 defunctus
395 1633 468 1672 An.
501 1633 591 1672 942.
621 1634 777 1672 Sanctis
807 1635 924 1672 etiam
958 1635 1026 1673 ad-

62 1695 237 1746 scriptus
265 1693 342 1734 An.
376 1694 442 1734 454
456 1695 492 1733 4.
523 1694 572 1733 de
602 1706 679 1745 quo
698 1696 803 1733 vitae
821 1696 909 1747 ejus
930 1698 1025 1735 scri-

62 1762 152 1810 ptor
183 1756 443 1796 Ekkehardus
472 1758 658 1796 Minimus
679 1756 812 1807 junior
842 1760 1023 1798 Decanus

65 1820 106 1860 S.
133 1819 233 1859 Galli
262 1818 366 1871 apud
395 1819 630 1859 Goldastum
675 1824 770 1858 tom.
817 1821 831 1859 4
889 1832 1022 1860 rerum

61 1882 409 1922 Alemannicarum
448 1895 536 1934 pag.
577 1882 767 1923 226-247.
813 1883 1021 1922 Canisium

63 1949 159 1984 tom.
188 1945 237 1984 Vl
265 1945 460 1995 antiquar.
492 1945 583 1983 lect.
613 1956 701 1996 pag.
731 1946 820 1984 931¹..
854 1948 962 1995 (tom.
998 1948 1020 1986 3

63 2007 156 2047 edit.
187 2018 312 2047 novae.
342 2019 366 2058 p
409 2007 510 2056 552.)
535 2012 575 2046 et
599 2007 898 2047 Henschenium
926 2014 1021 2047 tom.

65 2072 82 2110 4
117 2069 204 2108 Act.
234 2070 412 2109 Sanctor.
444 2070 569 2121 April.
599 2071 635 2109 6.
666 2082 754 2122 pag.
783 2070 871 2109 579.
905 2073 1022 2110 Joan-

67 2142 162 2170 nem
196 2131 462 2171 Mabillonium
491 2137 588 2171 tom.
617 2133 662 2171 V.
691 2133 825 2172 Actor.
856 2133 1020 2172 Benedi-

66 2194 287 2234 ctin.·Vide
315 2199 356 2233 et
383 2194 675 2245 Gundlingiana
705 2195 849 2234 XXVI.
880 2197 916 2233 6,
945 2200 1018 2233 etc.

118 2256 217 2308 Ejus
239 2257 388 2305 *librum
404 2256 451 2295 de
474 2255 756 2308 interpretibus
780 2256 1018 2296 Divinarum

66 2319 374 2372 scripturarum
387 2319 748 2359 ediditBernardus
762 2321 835 2358 Pez
857 2321 895 2357 in
918 2321 1021 2358 limi-

64 2393 116 2421 ne
144 2383 240 2421 tomi
272 2384 286 2422 4
335 2381 658 2431 Anecdotorum,
700 2394 778 2421 una
821 2394 912 2421 cum
952 2383 1019 2421 Se-

65 2443 332 2496 quentiarium
362 2443 459 2482 libro
489 2446 524 2482 4.
554 2454 640 2493 pag.
674 2444 806 2483 47-44.

118 2507 231 2546 Hunc
258 2505 471 2545 Notkerum
501 2504 763 2544 Ekkchardus
792 2517 875 2555 cap.
907 2506 941 2542 9.
961 2517 1015 2542 re-

65 2569 141 2608 fert
155 2569 275 2606 ritum
294 2566 522 2606 modulandi
541 2569 579 2604 in
597 2568 774 2606 Ecclesia
791 2568 1016 2605 correxisse

65 2631 112 2671 ad
143 2629 333 2670 melodias
370 2630 489 2668 moris
529 2629 714 2675 Romani,
764 2634 803 2666 et
840 2629 1014 2678 Gregorii

64 2694 191 2745 Magni
219 2692 552 2743 antiphonarium:
575 2691 724 2730 Deinde
753 2702 836 2740 cap.
870 2692 931 2728 46.
963 2692 1016 2727 ait

67 2766 159 2796 eum
185 2756 310 2794 socios
331 2753 513 2793 docuisse
529 2754 777 2804 disciplinam
791 2752 1015 2801 Angelicnm

66 2830 108 2857 m
125 2814 269 2870 jubilis
296 2815 601 2868 sequentiarum
633 2814 851 2866 agendam,
882 2814 1017 2864 proba-

66 2882 120 2919 tis
146 2879 302 2920 Nicolao
328 2879 358 2918 Ι.
387 2880 524 2929 Papae.
554 2879 605 2916 Et
647 2888 730 2928 cap.
775 2877 838 2915 20.
883 2887 1018 2913 exem-

65 2943 198 2994 plasse
226 2942 313 2980 sive
340 2940 598 2991 descripsisse
628 2939 825 2989 Epistolas
854 2939 1019 2977 Canoni-

67 3016 135 3045 cas
162 3004 333 3043 Graecas
361 3004 383 3041 a
411 3001 639 3041 Luitwardo
670 3002 915 3040 Vercellensi
942 2999 1015 3037 sibi

67 3067 291 3118 praestitas:
320 3065 498 3114 Denique
525 3064 561 3112 b)
592 3063 808 3113 subjungit:
847 3064 1020 3099 transcu-

9 3144 13 3149 .
70 3127 114 3168 lic
142 3127 241 3167 idem
269 3129 430 3165 sanctus
456 3124 522 3164 vir
553 3123 792 3162 Psalterium
812 3123 857 3161 de
881 3123 1020 3161 Latina

69 3180 111 3229 in
138 3187 402 3229 Barbaricam
431 3187 705 3236 (Theotiscam)
736 3185 936 3235 linquam,
968 3185 1019 3223 si-

70 3256 138 3293 cut
163 3250 273 3291 hodie
301 3252 359 3289 est
386 3248 424 3287 in
451 3247 642 3287 armario.
680 3249 756 3286 lloc
799 3245 1018 3285 Ekkehardi

126 3386 160 3426 a)
176 3385 263 3418 Adde
286 3385 433 3417 vossium
454 3386 494 3416 11.
508 3383 560 3414 58.
580 3391 611 3422 p.
634 3381 707 3413 532.
726 3386 757 3414 et
774 3384 811 3412 ΙΙ.
835 3380 882 3412 il.
902 3388 932 3418 p.
949 3378 1021 3409 5135.

1988 261 2064 303 137

1107 327 1331 365 testimonio
1373 327 1531 367 adducti
1579 331 1650 367 viri
1705 329 1866 381 quidam
1918 329 2062 371 eruditi

1107 390 1328 428 versionem
1361 391 1604 429 Psalmorum
1623 392 1794 432 Notkero
1812 392 1973 432 Balbulo
1995 396 2064 432 tri-

1106 451 1297 500 buerunt,
1328 463 1446 502 quam
1485 453 1650 492 Notkero
1695 454 1862 493 Labeoni
1908 458 2056 496 rectius

1106 513 1272 552 adscribi
1312 525 1402 552 mox
1448 515 1682 554 videbimus.
1726 518 1767 555 ln
1812 512 1970 569 prologo
2013 520 2062 558 ad

1108 576 1393 624 Luitwardum,
1411 577 1702 616 vercellensem
1723 580 1978 630 Episcopum,
1994 593 2062 620 cu-

1102 638 1168 687 jus
1199 639 1378 676 meminit
1406 643 1445 676 et
1462 639 1697 689 Anonymus
1714 642 1949 680 Mellicensis
1972 654 2057 694 cap.

1107 702 1168 738 65.
1198 711 1396 750 quemque
1428 702 1677 750 integriorem
1720 703 1842 741 edidit
1885 704 2058 744 Mabillo-

1108 764 1196 800 nius
1225 763 1310 800 Sec.
1342 763 1385 799 V.
1414 762 1654 802 Benedictio.
1696 765 1888 805 Notkerus
1932 769 1985 805 ait
2016 779 2059 806 se

1107 825 1359 874 pertinaciter
1380 825 1561 862 insistere
1590 826 1826 865 elaborando
1857 834 1982 867 metro
2013 830 2059 869 rie

1106 886 1189 925 vita
1217 888 1256 925 S.
1284 884 1399 924 Galli.
1420 888 1461 925 lli
1493 892 1587 926 sunt
1617 888 1701 926 libri
1728 895 1808 927 tres
1851 902 1951 940 quos
1991 893 2057 930 he-

1109 950 1298 986 xametris
1329 949 1498 999 scriptos
1529 951 1711 988 versibus
1740 956 1896 990 exstare
1925 954 2058 993 ›lanu-

1107 1012 1274 1061 scriptos
1304 1013 1456 1049 notavit
1487 1011 1698 1051 vadianus.
1728 1014 1853 1051 Vitam
1885 1015 1922 1052 S.
1944 1015 2055 1055 Galli,

1105 1072 1244 1124 dialogi
1274 1075 1461 1124 scriptam
1494 1085 1600 1112 more
1643 1075 1791 1114 vidisse
1833 1087 1875 1114 se
1917 1078 2055 1115 uolda-

1104 1140 1192 1173 stus
1221 1136 1367 1174 retulit.
1400 1136 1592 1175 Nonnulla
1609 1136 1770 1175 Notkeri
1794 1138 1975 1176 carmina
1994 1150 2056 1177 sa-

1101 1207 1167 1235 cra
1196 1201 1353 1235 exstant
1387 1199 1487 1235 inter
1517 1200 1798 1248 epigrammata
1829 1204 1867 1237 et
1886 1199 2054 1249 hymnos

1104 1270 1236 1297 sacros
1282 1260 1494 1298 illustrium
1541 1262 1712 1298 virorum
1750 1263 1971 1300 {nonasterii
2014 1264 2052 1302 S.

1100 1322 1197 1359 Galli
1229 1321 1332 1371 apud
1363 1322 1567 1360 Canisium
1600 1327 1692 1360 tom.
1726 1323 1766 1360 V.
1799 1328 1907 1373 parte
1924 1325 1958 1362 Ξ.
1985 1337 2053 1362 an-

1099 1385 1242 1434 tiquar.
1266 1384 1370 1422 Lect.
1402 1395 1487 1434 pag.
1517 1384 1604 1422 728.
1637 1395 1719 1434 seq.
1764 1386 1866 1433 (edit.
1913 1398 2050 1425 novae.

1096 1447 1364 1494 Basnagianae
1394 1450 1489 1483 tom.
1519 1447 1554 1483 2.
1586 1452 1694 1496 parte
1711 1448 1745 1484 3.
1763 1450 2048 1498 pag.i90.seq.

1100 1514 1140 1545 et
1170 1509 1206 1545 in
1237 1508 1334 1546 Bibl.
1366 1510 1523 1546 Patrum
1551 1509 1672 1558 Lugd.
1693 1514 1786 1546 tom.
1811 1509 1874 1548 27.
1900 1522 1935 1560 p.
1962 1512 2048 1548 508.

1095 1581 1183 1620 seq.
1213 1570 1255 1607 ln
1289 1569 1350 1607 liis
1373 1581 1458 1620 pag.
1477 1571 1565 1609 543.
1585 1572 1702 1608 etiam
1736 1577 1948 1610 occurrunt
1964 1583 2050 1609 ver-

1100 1643 1168 1670 sus
1197 1632 1245 1670 ad
1285 1632 1433 1681 Regem
1477 1632 1686 1671 CHristum
1729 1633 2049 1683 suscipiendum,

1097 1705 1197 1745 quos
1226 1707 1275 1732 ex
1306 1693 1590 1744 Antiphonario
1632 1696 1825 1733 Manuscr.
1869 1696 2048 1734 Biblioth.

1097 1756 1425 1796 Helmstadiensis
1454 1755 1576 1794 edidit
1593 1757 1832 1807 Polycarpus
1851 1758 2046 1807 Leyserus

1098 1821 1136 1857 in
1162 1819 1324 1857 historia
1354 1823 1517 1868 poeseos
1548 1818 1662 1856 medii
1695 1819 1779 1856 aevi
1830 1830 1914 1869 pag.
1959 1820 2046 1857 274.

1097 1881 1316 1932 Incip.Ave
1335 1879 1439 1918 beati
1462 1880 1665 1930 yerminis.
1696 1880 1754 1919 Ad
1787 1881 1879 1919 illud
1910 1887 2042 1919 autem

1096 1944 1216 1983 breve
1246 1945 1460 1994 scriptum,
1492 1942 1594 1992 quod
1618 1943 1721 1993 apud
1743 1943 1914 1981 eundem
1933 1944 2047 1982 Cani-

1096 2009 1198 2046 sium
1230 2007 1374 2057 legitur
1394 2034 1402 2050 ‚
1436 2010 1475 2043 et
1506 2007 1543 2042 in
1576 2010 1668 2042 tom.
1695 2005 1757 2042 97.
1776 2006 1868 2043 Bibl.
1888 2006 2042 2044 Patrum

1094 2082 1178 2120 pag.
1211 2069 1302 2108 514.
1343 2069 1517 2107 dicatum
1565 2069 1775 2105 Lautberto
1817 2068 1954 2113 fratri,
2000 2073 2040 2104 et

1094 2131 1416 2182 siqnificationem
1453 2128 1678 2167 litterarum
1715 2127 1916 2179 alphabeti
1944 2129 2045 2168 Can-

1094 2193 1220 2233 tilenis*
1248 2193 1614 2244 superscriptarum
1643 2192 1874 2241 explicans,
1919 2191 1964 2228 ad
2002 2192 2045 2229 il—

1092 2256 1190 2304 lud,
1221 2257 1412 2304 inquam,
1463 2256 1655 2303 scriptum
1703 2253 1905 2291 refovenda
1950 2258 2043 2291 sunt

1093 2330 1168 2356 non
1200 2317 1313 2355 modo
1342 2327 1442 2366 quae
1465 2315 1582 2352 habet
1603 2315 1831 2361 Sigebertus
1847 2325 1930 2364 cap.
1957 2315 2039 2353 408.

1092 2379 1160 2417 sed
1191 2380 1309 2417 etiam
1342 2377 1437 2415 haec
1467 2376 1712 2424 Eckoliaiui,
1745 2379 1779 2412 ii.
1813 2375 1960 2414 Balbuli
1987 2378 2041 2412 vi-

1094 2447 1131 2479 ta
1161 2452 1245 2490 cap.
1275 2441 1341 2478 lx.
1381 2439 1425 2476 In
1467 2439 1548 2489 ipso
1591 2449 1743 2489 quoqne
1782 2437 1938 2487 primus
1978 2436 2039 2475 ille

1094 2505 1306 2552 (Romanus
1335 2502 1532 2547 Metensis)
1559 2498 1711 2537 litteras
1743 2496 1953 2548 Alphabeti
1986 2499 2037 2536 si-

1086 2563 1336 2614 qmficativas
1360 2561 1524 2605 notulis,
1548 2559 1690 2610 quibus
1716 2559 1839 2598 visum
1864 2563 1950 2606 est,
1971 2569 2036 2596 su-

1088 2637 1174 2664 sum
1197 2627 1268 2662 aut
1286 2624 1456 2674 jusum.
1487 2625 1577 2659 wate
1605 2624 1676 2658 unt
1710 2624 1816 2658 retro
1857 2630 2035 2669 assiqua·

1089 2687 1120 2726 ti·
1144 2685 1381 2735 eaecoyitavit
1400 2716 1407 2723 .
1428 2694 1528 2735 quus
1560 2687 1694 2731 postea
1735 2681 1889 2719 cnidum
1926 2683 2034 2718 Lani-

1091 2750 1198 2787 berto
1222 2758 1345 2784 (muce
1365 2745 1576 2797 quaerenti
1598 2745 1637 2780 B.
1666 2741 1856 2781 Numerus
1892 2740 2033 2780 Bulbu-

1090 2811 1150 2849 lus
1179 2808 1426 2852 (lancinavit,
1443 2818 1531 2845 cnm
1549 2809 1584 2843 et
1599 2804 1816 2843 muci-xx
1827 2806 1902 2841 [S.
1919 2815 2031 2854 quem

1089 2874 1134 2910 (le
1164 2871 1307 2922 nuptiis
1332 2871 1550 2914 miramur,
1583 2867 1747 2904 vlrtutes
1772 2877 1906 2903 eornm
1932 2864 2030 2902 stri-

1093 2934 1183 2973 berc
1211 2932 1367 2971 molitus
1395 2932 1457 2970 sit.

1146 2998 1246 3035 [Isos
1275 2995 1466 3034 Noti-orus
1496 2991 1780 3040 antiquioribus
1807 2988 2031 3037 Mai-tyrole-

1089 3060 1160 3110 giis
1190 3058 1349 3102 Adonis,
1382 3055 1552 3093 lilinlmni
1584 3058 1657 3088 vic.

1145 3117 1472 3170 martyr-olumnam
1499 3114 1699 3159 vulgatum
1731 3112 1778 3149 ab
1807 3111 1943 3149 eodem
1960 3114 2032 3150 Ca-

1092 3183 1189 3219 nisio
1219 3186 1323 3216 tomo
1355 3179 1414 3216 Vl.
1446 3188 1529 3226 pag.
1558 3174 1647 3211 7151.
1677 3178 1804 3210 exstat
1852 3175 1888 3210 in
1930 3183 2030 3210 nova

1091 3242 1258 3281 editioni:
1287 3240 1521 3288 llusnugiunu
1552 3241 1645 3272 tom.
1676 3235 1710 3272 Ξ.
1733 3241 1841 3285 parte
1863 3235 1897 3272 3.
1915 3245 1948 3284 p.
1968 3235 2030 3271 89.

1145 3373 1180 3411 b)
1204 3375 1286 3405 Edit.
1313 3371 1577 3403 “ensem-ninom:
1601 3376 1672 3407 cap.
1696 3368 1748 3399 57.

1669 3439 1736 3475 ltin
