2533 4009
453 231 529 269 342

509 303 544 338 2.
576 300 628 336 De
657 294 812 344 Viryine
843 290 992 329 Maria.
1018 288 1138 325 Paris.
1162 287 1404 326 1¹538.1†ane

453 359 824 407 contemplationem
869 351 918 389 ab
956 349 1232 387 haereticis-in
1264 348 1406 386 Ortho-

453 419 791 468 doxograpliorum
824 412 996 450 editione
1021 411 1209 447 omissam
1234 419 1325 446 esse
1351 410 1408 445 in-

458 484 640 521 difflatur
663 476 905 523 Mai-garinus
929 472 978 509 de
1006 472 1038 509 13
1063 472 1210 519 Bigne,
1242 469 1407 519 ideoque

457 522 720 579 »ifindicibus
750 535 935 572 editionis
966 530 1167 570 secundae
1198 531 1409 569 Bibliothe-

454 614 520 640 cae
540 603 696 648 ηοω-010
716 609 735 635 a
755 608 797 634 se
813 596 943 633 editae
962 593 1213 631 inserendam
1236 593 1405 631 censuit.

505 664 540 699 3.
574 661 626 698 De
654 662 761 697 statu
785 656 967 705 reliqioso
999 653 1095 693 libri
1123 655 1195 692 III.

508 726 540 760 1.
574 722 626 759 De
658 719 776 759 oculo
807 717 1035 770 spirituali,
1069 719 1153 754 sive
1181 714 1300 754 Oculo
1325 727 1407 766 my-

452 783 571 829 stico,
601 783 741 820 joanni
771 781 973 819 Guallensi
1001 779 1199 818 tribuitur.
1222 777 1318 816 Vide
1341 788 1406 816 su-

452 857 516 895 pra
549 849 574 881 t.
607 845 669 881 ΙΙΙ.
702 855 740 893 p.
771 843 856 880 403.

505 905 673 955 Reyulae
705 903 977 944 Christianam
1006 902 1129 941 vitam
1153 899 1406 951 complecten-

453 975 531 1017 tes,
558 973 595 1007 et
622 966 896 1018 Paraphrasis
921 965 958 1002 in
978 962 1184 1002 Psalmum
1209 962 1286 1000 XV.
1312 965 1409 1000 sunt

451 1032 614 1070 ,loannis
641 1030 715 1068 Pici
738 1027 1014 1073 Mirandulani,
1042 1026 1143 1062 inter
1172 1023 1288 1073 cujus
1317 1034 1409 1073 ope-

453 1106 493 1133 ra
523 1097 684 1131 exstant
728 1090 822 1128 Vide
853 1100 972 1138 supra
1004 1093 1030 1125 t.
1062 1087 1122 1124 tv.
1150 1098 1184 1136 p.
1219 1086 1307 1123 401.

505 1152 795 1194 RAIMUNDUS
826 1150 990 1194 Lullus‚
1022 1160 1141 1199 supra
1174 1148 1237 1185 lib.
1272 1148 1333 1185 lV.
1367 1158 1403 1196 p.

456 1218 543 1256 572.
574 1218 670 1254 Tres
698 1212 898 1265 Epistolae
930 1213 1033 1250 illius
1063 1210 1110 1250 ad
1144 1212 1288 1259 negem
1321 1209 1410 1247 Gal-

454 1281 551 1326 liac,
587 1278 635 1317 ad
679 1279 879 1322 amicum,
912 1280 952 1312 et
981 1273 1236 1312 Academiam
1272 1271 1411 1309 Parisi—

456 1353 544 1380 nam
563 1372 572 1388 ,
616 1340 761 1390 quibus
804 1337 851 1376 ad
897 1335 1145 1375 fundandum
1191 1334 1407 1381 Collegium

455 1405 677 1453 linguarum
716 1399 966 1439 orientalium
1003 1397 1215 1442 hortatur,
1247 1399 1409 1432 exstant

457 1468 492 1503 in
524 1467 697 1504 Mai-tono
727 1468 767 1499 ot
797 1459 957 1499 l)u1·and
988 1459 1104 1496 Thes.
1140 1469 1240 1495 novo
1283 1457 1411 1495 Auec—

454 1528 533 1565 dct.
566 1528 591 1564 l.
624 1538 661 1574 p.
694 1526 809 1563 1315.

510 1590 530 1610 *
555 1589 728 1637 Operum
755 1585 1004 1635 quorundam
1038 1583 1134 1621 Lulli
1167 1582 1267 1619 tituli
1301 1580 1412 1618 exhi-

457 1653 602 1689 bentur
635 1661 655 1687 a
689 1649 723 1686 cl
777 1649 907 1685 Lamio
934 1648 968 1683 in
993 1645 1179 1693 Catalogo
1214 1644 1308 1681 MSS
1351 1644 1411 1681 Bi—

457 1713 592 1750 bliotb.
614 1710 890 1749 Riccardianae
915 1719 1000 1757 pag.
1025 1707 1116 1743 ⁶270.
1141 1716 1309 1754 quorum
1337 1705 1412 1742 sal-

458 1779 537 1811 tom
569 1772 848 1811 nonnullorum
867 1770 1036 1818 cognitio
1053 1766 1230 1805 eruditos
1249 1766 1413 1815 fugerat.

459 1838 518 1875 En
550 1836 657 1873 illos:
684 1832 941 1883 Soliloquium
966 1827 1240 1879 Philosophiae
1263 1826 1407 1877 majus.

459 1896 574 1937 Liber
597 1896 693 1934 lucis
719 1893 1023 1934 illercuriorum.
1065 1892 1117 1928 De
1147 1888 1411 1927 accertatione

460 1959 616 2009 lapidis.
645 1959 697 1996 De
719 1956 848 2006 lapide
868 1954 1020 2006 phisico
1043 1950 1236 1990 minorati.
1259 1950 1338 1988 Ars
1357 1950 1412 1987 in-

460 2019 691 2060 tellectualis
715 2030 785 2057 seu
815 2016 947 2066 Massia
976 2026 1121 2066 parua.
1144 2013 1170 2050 A
1181 2013 1285 2050 nima
1311 2012 1412 2050 artis

461 2081 787 2120 trasmutatoriae
812 2076 1072 2116 metallorum.
1115 2076 1166 2112 De
1206 2074 1412 2123 investiya-

463 2146 562 2182 tione
594 2144 711 2181 vilae.
748 2139 968 2178 Elueiclatio
1017 2138 1134 2176 totius
1170 2135 1412 2174 Testamenti.

464 2210 569 2256 Opus
608 2203 925 2253 margyaritarum
980 2199 1078 2238 Vade
1121 2209 1273 2236 mecum
1312 2197 1414 2234 artis

462 2265 766 2316 compemliosae.
785 2265 839 2301 De
863 2262 1040 2300 terminis
1056 2259 1202 2298 militis.
1218 2260 1250 2296 E
1251 2257 1416 2310 pistolae

462 2334 542 2366 tres
577 2327 622 2364 (le
646 2332 734 2364 arte
758 2324 974 2363 Alchimiae
1017 2323 1300 2361 Testamentum
1323 2320 1416 2359 ulti-

464 2403 567 2428 mum
592 2403 614 2427 a
644 2387 872 2433 Ιίαιήιαηιίί7
893 2389 992 2436 nesse
1019 2383 1175 2424 Carolo.
1210 2383 1268 2421 De
1292 2383 1415 2421 mira-

463 2451 606 2490 bilibus
626 2450 745 2489 rebus
769 2449 898 2489 versio
923 2461 977 2487 eae
994 2457 1138 2498 ,qraeco
1177 2445 1214 2483 in
1250 2444 1417 2482 latinum

462 2527 536 2565 per
562 2514 604 2553 C.
635 2515 670 2550 V.
695 2513 741 2550 I).
768 2514 905 2563 [taym.
934 2509 1088 2549 Lullum
1113 2537 1122 2545 .
1151 2536 1158 2544 .
1185 2536 1194 2544 .
1221 2536 1228 2543 .
1257 2507 1310 2544 De
1348 2505 1417 2543 mi-

463 2574 661 2614 rabilibus
686 2572 807 2612 rebus
836 2572 890 2610 art
922 2570 1009 2609 hob.
1034 2574 1070 2608 et
1091 2569 1245 2608 doctum
1269 2580 1306 2607 v.
1330 2568 1419 2606 Hie-

464 2651 551 2676 ron.
579 2638 855 2686 Ccittasstzetum
894 2632 1175 2683 Compendium
1198 2631 1252 2669 act
1270 2642 1417 2681 compo-

468 2701 642 2740 sitionem
666 2699 704 2736 in
728 2697 897 2749 lapidem
934 2694 1260 2745 Philosophorum
1285 2692 1420 2731 Astro-

468 2762 595 2813 lossia,
635 2764 670 2799 et
708 2762 859 2797 secreta
897 2757 951 2794 ait
994 2755 1228 2794 Eduarclum
1269 2757 1423 2804 Jeeyem.

473 2823 610 2862 oratio
635 2821 688 2859 ad
710 2822 744 2858 .l.
770 2819 972 2859 Christum
1006 2822 1096 2855 ante
1119 2816 1419 2866 descriptionem

473 2896 626 2936 aequae
645 2885 753 2922 vitae
776 2880 997 2919 recitanda.
1023 2881 1123 2916 11300
1151 2880 1186 2915 in
1216 2875 1425 2916 Coclz'cz‘bus

473 2945 713 2997 quibusdam
744 2943 1010 2982 [ticeni-diariis
1040 2940 1190 2978 servati
1223 2939 1324 2976 idem
1356 2941 1424 2976 La-

474 3011 576 3046 10105
603 3007 743 3045 ibidem
770 3009 955 3043 testatur.
978 3002 1077 3041 Alibi
1101 3012 1195 3039 vero
1221 3002 1257 3038 in
1283 2999 1421 3037 eodem

476 3070 580 3118 operi
610 3068 756 3106 indicat
779 3067 899 3105 alium
940 3063 1145 3109 codicem,
1173 3064 1208 3099 in
1249 3072 1327 3111 quo
1363 3065 1425 3098 est

477 3131 653 3179 ciusdem
690 3129 915 3180 Raymundi
954 3138 1054 3178 opus
1083 3125 1362 3174 Theologicum
1386 3128 1427 3162 et

481 3191 790 3240 philosophicum
824 3191 1083 3240 inscriptum<
1111 3186 1425 3225 Fundamentum

482 3252 582 3288 artis
601 3251 795 3296 qeneralis
820 3251 872 3288 ad
892 3251 964 3289 Dei
987 3249 1153 3296 laudem,
1173 3248 1422 3296 manitionem

485 3316 518 3349 ‘fl
543 3323 726 3347 tristiorem.
758 3314 771 3331 '‘

1220 215 1664 256 RAIMUNDUS

1534 285 1828 324 RAIMUNDUS
1860 284 2108 333 Marlianus,
2140 285 2302 332 Gallus,
2332 286 2434 324 vixit

1481 346 1727 396 temporibus
1764 347 1889 385 Caroli
1921 348 2019 386 Vlll.
2049 352 2090 385 et
2121 346 2307 385 Ludovici
2349 347 2436 386 xli.

1483 408 1650 457 Scripsit
1668 407 1976 459 Descriptionem
2002 412 2180 447 veterum
2205 406 2359 446 Galliae
2383 405 2438 446 lo-

1482 479 1643 517 corum,
1672 466 1834 506 urbium
1856 499 1864 516 ,
1891 467 2152 519 populorum,
2177 467 2366 507 montium
2385 479 2435 507 ac

1478 529 1696 579 fluviorum
1714 559 1721 575 ,
1743 539 1910 579 quorum
1936 529 2038 579 apud
2063 532 2276 569 Caesarem
2297 535 2338 568 et
2359 531 2434 568 Ta-

1483 593 1606 630 citum
1642 585 1791 629 mentio
1823 591 1892 638 fit,
1922 591 2059 629 ordine
2082 592 2352 642 Alphabetico.
2377 592 2434 630 Ea

1482 652 1721 691 editionibus
1751 652 1842 690 Julii
1873 651 2054 689 Caesaris
2083 654 2239 691 annecti
2258 653 2371 699 solet,
2395 656 2438 692 ut

1481 716 1654 753 Venetae
1698 725 1766 764 per
1809 713 2001 751 Theodor.
2045 712 2094 751 de
2131 715 2433 765 Ragazonibus,

1486 777 1599 814 1190.
1633 776 1694 814 fol.
1725 775 1806 815 Sub
1838 775 1958 813 verbo
2003 774 2090 824 Bojz·
2117 780 2275 825 tempus
2315 787 2434 815 suum

1482 839 1643 883 innuit,
1673 838 1736 878 ubi
1781 842 1908 875 terras
1958 836 2164 883 meminit,
2193 847 2292 887 quas
2322 836 2434 876 hodie

1482 899 1760 949 Sigyismunclus
1806 899 1902 937 Dux
1945 897 2134 936 (lustriae
2158 896 2345 948 possidet.
2376 899 2441 936 Vi-

1484 964 1540 999 xit
1571 962 1688 1011 igitur
1717 966 1932 1011 antequam
1959 959 2242 1010 sigismundus
2270 959 2438 1010 dignita-

1485 1028 1563 1061 tem
1597 1023 1896 1072 imperatoriam
1929 1023 2241 1060 nancisceretur.
2271 1021 2439 1060 Caetera

1484 1084 1572 1134 ejus
1603 1084 1680 1123 huc
1710 1084 1804 1123 dum
1837 1085 2036 1133 incognita
2067 1087 2175 1121 sunt.

1538 1146 1829 1185 RAlMUlNDbS
1859 1145 2036 1192 Martini,
2057 1145 2342 1192 Subiratensis,
2361 1145 2441 1195 (ho-

1485 1209 1546 1247 dic
1571 1207 1758 1248 Subirats
1787 1209 1932 1246 dicitur
1955 1238 1963 1255 ,
1995 1207 2090 1246 urbs
2119 1207 2357 1257 Cataloniae)
2379 1219 2440 1246 or-

1489 1271 1592 1309 dinis
1627 1270 1943 1309 l‘raedicatorum
1970 1270 2007 1306 in
2029 1272 2232 1307 conventu
2261 1269 2443 1307 Barcino-

1489 1335 1613 1371 nensi.
1658 1335 1862 1380 Fuerunt,
1894 1332 1962 1381 qui
1994 1333 2124 1381 ipsum
2161 1330 2440 1369 Ex-Judaeum

1487 1397 1821 1446 pronunciarent,
1865 1395 1985 1432 etiam
2030 1404 2079 1431 ex
2123 1391 2442 1442 antiquioribuS,

1487 1458 1556 1496 sed
1589 1463 1695 1496 recte
1741 1468 1809 1495 eos
1852 1456 1983 1505 arguit
2011 1456 2107 1493 ReV.
2139 1454 2308 1494 Wolfius
2344 1453 2443 1492 Bibl.

1488 1519 1600 1558 liebr.
1633 1524 1727 1557 tom.
1760 1520 1810 1557 111
1844 1530 1878 1569 p.
1911 1518 2002 1555 989.
2033 1528 2144 1567 seqq.
2176 1517 2357 1567 Suspicio
2378 1527 2444 1567 po-

1488 1585 1567 1619 tius
1615 1580 1864 1630 quorundam
1898 1581 2000 1628 fuit,
2030 1581 2122 1629 quia
2166 1579 2203 1616 in
2251 1578 2438 1617 librorum

1487 1642 1790 1680 Rabbinicorum
1816 1642 2009 1689 lectione,
2039 1642 2071 1679 si
2103 1642 2316 1691 quisquam
2342 1640 2444 1678 alius
2515 1628 2522 1634 ’

1488 1705 1561 1742 fuit
1579 1705 1890 1742 versatissimus.
1914 1703 1982 1741 1110
2008 1704 2113 1741 enim
2136 1708 2314 1752 tempore
2339 1702 2440 1752 Ray-

1487 1765 1657 1803 mundus
1682 1765 1728 1803 de
1754 1763 1996 1816 Pennaforti,
2026 1764 2233 1803 Generalis
2256 1763 2341 1802 ord.
2370 1764 2445 1802 Do-

1489 1829 1805 1875 minicanorum,
1850 1838 1944 1865 5005
1983 1826 2031 1865 ad
2078 1827 2174 1865 haec
2217 1825 2443 1864 studiorum

1487 1901 1631 1939 genera
1650 1888 1856 1927 tractanda
1870 1887 1986 1938 jussu
2005 1889 2109 1938 regio
2130 1888 2334 1926 excitarat.
2354 1887 2443 1936 lpse

1487 1961 1645 2000 quoque
1667 1950 1930 1999 Raymundus
1947 1937 2084 1988 noster
2100 1960 2192 1988 cum
2210 1948 2328 1988 Paulo
2345 1958 2444 1998 quo-

1489 2011 1578 2050 dam
1611 2012 1840 2050 Ex-Judaeo
1869 2011 2026 2049 codices
2056 2010 2261 2050 hebraicos
2290 2020 2359 2060 per
2388 2013 2445 2048 to-

1490 2077 1568 2111 tam
1590 2075 1833 2123 provinciam
1856 2073 2102 2122 conquisitos
2124 2073 2161 2110 in
2187 2081 2303 2110 usum
2322 2081 2440 2109 suum

1490 2137 1701 2173 convertit.
1746 2137 1923 2173 Mortuus
1952 2138 2014 2172 est
2045 2138 2134 2184 post
2163 2144 2198 2171 3.
2228 2132 2346 2172 1286.
2383 2132 2446 2171 Ex

1491 2198 1649 2247 scriptis
1680 2196 1766 2246 ojus
1797 2201 1887 2234 nota
1917 2200 2025 2234 sunt.

1546 2261 1579 2297 ¹1.
1615 2259 1738 2309 Pugsio
1759 2258 1853 2309 fidei
1873 2258 2071 2297 adversus
2102 2256 2273 2296 Mauros
2312 2261 2349 2296 et
2376 2257 2447 2294 Ju-

1491 2319 1635 2368 dacos,
1665 2323 1775 2371 Opus
1823 2321 2028 2371 quantivis
2058 2321 2171 2370 pretii
2190 2360 2198 2368 ,
2235 2319 2309 2358 hac
2338 2329 2449 2369 prae-

1493 2385 1606 2433 cipue
1636 2383 1684 2420 de
1714 2394 1883 2428 caussa,
1913 2384 2005 2432 quia
2037 2382 2184 2421 multos
2205 2381 2370 2420 exhibet
2393 2385 2451 2418 te·

1494 2450 1589 2483 34105
1612 2444 1799 2483 Codicum
1825 2444 2107 2493 Judaicorum,
2132 2454 2233 2494 quos
2258 2443 2450 2494 posterio-

1493 2518 1579 2545 rum
1611 2512 1834 2556 temporum
1865 2505 2004 2545 Judaei
2037 2506 2073 2543 in
2105 2504 2343 2544 editionibus
2374 2505 2446 2542 im-

1496 2571 1646 2619 pressis
1675 2570 1911 2607 omiscrunt.
1936 2568 2105 2618 Scripsit
2135 2578 2227 2606 eum
2249 2566 2392 2605 librum
2418 2576 2453 2604 3.

1494 2632 1536 2670 C.
1569 2630 1684 2670 4278.
1714 2635 1756 2670 ut
1787 2631 1868 2680 ipse
1899 2631 2029 2668 innuit
2062 2632 2160 2679 part.
2191 2629 2242 2667 11.
2269 2639 2354 2678 cap.
2386 2627 2448 2667 10.

1497 2706 1534 2731 n.
1582 2695 1645 2732 11.
1688 2692 1830 2731 Editus
1873 2695 1935 2729 est
1974 2692 2143 2742 primum
2174 2701 2196 2730 a
2226 2691 2309 2729 Jac.
2353 2689 2448 2728 Phil.

1495 2756 1701 2793 Maussaco
1730 2758 1770 2791 et
1799 2752 1971 2802 Josepho
1999 2752 2048 2790 de
2079 2752 2212 2791 Voisin
2232 2781 2240 2796 ,
2263 2763 2356 2791 cum
2378 2751 2452 2790 hu-

1494 2816 1561 2865 jus
1590 2814 1961 2861 observationibus,
1988 2814 2108 2852 Paris.
2136 2814 2250 2853 1651.
2276 2813 2341 2852 fol.
2361 2816 2452 2863 post

1499 2880 1580 2928 Lip.
1613 2876 1727 2916 1687.
1770 2876 1833 2913 sol.
1874 2885 1968 2913 cura
1998 2875 2056 2912 Jo.
2086 2876 2181 2913 Ben.
2213 2873 2450 2925 Carpzovii,

1498 2940 1562 2988 qui
1595 2937 1931 2976 Introductionem
1961 2935 2010 2974 ad
2040 2935 2291 2986 Theologiam
2318 2935 2452 2974 ,101131-

1497 3011 1582 3038 cam
1616 2999 1830 3049 praemisit.
1876 2998 1980 3036 Usus
2019 3001 2083 3035 est
2127 2997 2189 3035 illo
2232 2997 2450 3036 Porchetus

1499 3062 1749 3108 salvaticos,
1782 3064 1898 3110 prout
1927 3070 2046 3110 supra
2092 3060 2345 3107 monuimus,
2376 3069 2448 3097 nec

1502 3134 1576 3160 non
1609 3124 1748 3161 Petrus
1772 3122 2007 3169 Galatinus,
2031 3130 2149 3170 cujus
2175 3120 2347 3171 plagium
2372 3130 2448 3157 non

1500 3190 1562 3222 051
1586 3185 1860 3223 excusandum

1552 3247 1587 3283 2.
1619 3247 1805 3285 Summae
1846 3246 1985 3283 contra
2027 3241 2296 3289 Alcoranum,
2343 3240 2446 3290 quod

1501 3319 1599 3357 opus
1631 3307 1804 3346 nondum
1837 3310 1899 3343 cst
1927 3305 2091 3343 editum.
