2533 4009
467 242 544 281 110

518 313 767 353 NlCOlAt's
807 300 1034 358 Euboicus,
1065 311 1150 347 sive
1186 311 1418 362 Euriponti—

466 388 564 422 nus,
604 376 664 425 (di
696 373 967 422 Negroponte)
1000 383 1074 409 non
1109 372 1353 421 Saguntinus
1381 374 1414 419 a)

463 440 610 488 patria,
643 447 768 485 noque
797 435 1042 482 Saguntinus
1060 435 1096 470 in
1117 435 1299 484 Hispania
1325 436 1416 485 Epi—

463 510 631 549 scopus.
663 499 696 543 b)
728 495 795 533 sed
843 495 1093 545 Sagudineus
1137 496 1416 545 (Se-gundinus

464 558 732 598 Sncnmlinus‘,
763 560 917 607 proprio
950 560 1135 605 nomine,
1165 558 1213 596 de
1250 570 1327 608 quo
1356 571 1418 598 ac-

461 618 594 660 curate
612 625 795 658 auctores
817 621 933 658 Diarii
956 621 1198 660 eruditorum
1231 621 1363 659 ltaliae
1394 625 1419 659 t.

461 682 602 722 xxiv.
634 694 719 733 pag.
750 682 838 721 375.
870 693 952 732 seq.
986 684 1052 720 liic
1082 687 1144 720 est
1173 694 1194 720 o
1225 683 1420 721 Matthaco

459 746 648 783 Palmerio
677 745 724 782 ad
754 745 801 782 A.
832 747 845 783 4
860 746 947 783 439.
981 745 1141 784 Latinae
1171 750 1210 784 et
1241 746 1418 785 Graecae

458 807 634 857 Liugyuae
662 811 780 859 atque
810 806 1026 858 elegyantiae
1050 808 1237 859 princeps
1280 808 1418 847 lauda—

459 869 633 908 tissimus
652 902 662 917 ,
693 870 762 920 qui
790 868 989 921 frequenti
1033 869 1205 909 Concilio
1236 871 1417 919 (Floren-

458 934 564 980 tino)
603 931 755 970 medius
784 932 1000 980 assistens7
1025 931 1160 970 multis
1188 936 1225 969 ct
1251 932 1417 971 eruditis

458 994 560 1032 viris
588 992 866 1039 audientibus,
896 1005 956 1032 me
985 1005 1138 1045 quoque
1169 997 1260 1032 teste
1290 993 1417 1032 viseu-

459 1060 493 1094 [ε
521 1055 808 1106 audienthue.
841 1055 1126 1106 disputantium
1151 1054 1274 1094 verba
1304 1059 1422 1107 atque

457 1118 667 1156 sententias
697 1121 779 1156 tum
806 1118 956 1155 Graece
987 1122 1069 1156 tum
1108 1119 1243 1156 Latine
1281 1117 1415 1169 prola-

459 1185 520 1219 tas
538 1213 546 1228 ,
593 1181 696 1218 mira
751 1180 949 1219 celeritate
993 1181 1098 1219 ultro
1147 1182 1327 1233 citroque
1378 1182 1417 1220 itt

456 1247 669 1295 utramque
714 1242 889 1293 linquam
915 1243 1143 1295 fidelissime
1187 1249 1224 1283 et
1266 1257 1416 1283 summo

456 1309 599 1344 ornatu
622 1304 823 1344 reddebat.
852 1309 1091 1345 Graecorum
1126 1306 1416 1359 Confessionem

456 1367 502 1406 de
521 1367 985 1417 verbis‚consecrationis
1007 1373 1044 1407 et
1059 1368 1417 1408 transsubstantia-

458 1430 572 1469 tionis
598 1433 618 1469 ἐι
645 1432 881 1469 Bessarione
913 1433 948 1470 in
982 1433 1044 1470 illo
1075 1433 1249 1470 Concilio
1281 1445 1418 1483 propo-

459 1495 576 1532 sitam
609 1505 655 1531 ex
689 1495 824 1532 Latina
855 1495 999 1532 Nicolai
1043 1495 1290 1544 Euripontini
1329 1507 1418 1533 ver-

458 1558 567 1595 sione
597 1555 719 1593 edidit
747 1556 993 1595 Mabillonius
1024 1561 1118 1594 tom.
1151 1558 1164 1595 4
1196 1558 1317 1595 Musei
1343 1558 1417 1595 lta-

454 1619 516 1656 lici
545 1630 631 1669 pag.
662 1619 750 1657 2⁷43.
781 1620 985 1669 professus
1014 1632 1101 1671 pag.
1132 1620 1220 1657 246.
1264 1621 1416 1658 nescire

454 1692 496 1717 so
531 1693 625 1719 num
659 1680 763 1718 idem
797 1681 860 1719 ille
891 1683 943 1719 sit
973 1693 1063 1720 cum
1094 1682 1249 1720 Nicolao
1273 1682 1418 1720 Euboi--

455 1754 524 1784 co.
555 1743 602 1781 de
633 1754 709 1793 quo
733 1755 809 1781 non
837 1749 898 1782 est
928 1743 1220 1782 dubitandum:
1252 1743 1415 1795 perinde

455 1807 511 1843 uti
542 1810 698 1843 constat
728 1806 832 1844 hunc
857 1817 945 1844 esse
968 1806 1166 1844 Nicolaum
1184 1803 1418 1854 spoenvianwv

456 1866 619 1915 Γραικων
666 1867 782 1917 cujus
832 1869 1054 1906 versionem
1107 1868 1297 1907 Graecam
1341 1869 1420 1906 dis-

456 1933 682 1969 sertationis
711 1930 930 1978 JULIAM,
961 1930 1183 1970 Cardinalis
1209 1933 1246 1970 S.
1274 1931 1412 1982 Angeli

456 1993 504 2031 de
533 1994 765 2043 quaestione
797 1994 858 2031 illa
889 2004 942 2030 aiz
972 1992 1088 2031 liceat
1129 1992 1310 2044 Symbolo
1351 1993 1414 2032 Fi-

457 2054 522 2093 dei
546 2054 700 2105 aliquid
740 2054 887 2093 addere
932 2054 1048 2094 etiam
1079 2055 1117 2094 si
1142 2067 1307 2101 verum,
1338 2058 1415 2095 Ma-

459 2119 703 2167 nuscriptam
753 2118 790 2154 in
835 2117 931 2155 Bibl.
973 2118 1170 2156 Caesarea
1222 2124 1414 2157 memorat

458 2179 692 2217 Lambecius
717 2184 812 2217 tom.
843 2180 873 2217 V
905 2191 992 2230 pag.
1024 2181 1112 2219 453.
1145 2180 1344 2219 Laudatur
1367 2181 1414 2219 ab

457 2241 586 2280 AEnoa
617 2241 753 2291 Sylvio
784 2242 822 2279 in
854 2242 1162 2293 Cosmographia
1207 2254 1292 2294 pag.
1325 2244 1412 2282 452.

457 2309 496 2341 et
528 2315 611 2353 pag.
656 2303 744 2341 307.
789 2316 867 2354 quo
911 2306 1127 2355 posteriore
1172 2306 1255 2343 loco
1294 2307 1413 2344 etiam

458 2364 605 2401 mentio
630 2363 714 2402 libri
739 2362 785 2401 cle
809 2363 958 2414 orissiue
982 2368 1018 2402 et
1034 2363 1193 2416 familia
1219 2365 1414 2403 Ottoman·

456 2436 616 2473 uorum,
642 2437 762 2476 quem
788 2426 936 2465 AEneae
956 2426 1182 2474 dedicavit.
1208 2428 1413 2466 laudatum

455 2489 566 2525 .lovi0
596 2500 640 2526 ac
670 2489 938 2539 CuspinianO,
960 2490 1136 2540 alatque
1167 2490 1243 2529 luci
1274 2490 1411 2530 datum

459 2552 618 2590 Lovanii
649 2551 791 2590 edente
808 2554 864 2590 Jo.
884 2553 1004 2590 Ramo
1033 2551 1077 2590 A.
1110 2553 1224 2592 4553.
1249 2555 1284 2590 in
1310 2554 1345 2591 8.
1376 2558 1415 2592 et

460 2625 552 2651 cum
585 2615 751 2652 Laonico
780 2613 1050 2664 Chalcondyla
1096 2616 1270 2654 Basileae
1301 2616 1414 2668 4566.

459 2676 518 2713 fol.
563 2675 659 2713 Vide
697 2675 903 2714 laudatum
945 2677 1122 2715 Diarium
1167 2677 1412 2717 eruditorum

455 2737 588 2775 Italiae
619 2742 713 2775 tom.
746 2738 793 2776 48
824 2750 911 2788 pag.
939 2739 1027 2777 449.
1054 2739 1248 2778 lneditam
1280 2745 1413 2779 autem

457 2798 503 2836 (le
533 2798 823 2848 eocpuqnatione
868 2800 1297 2852 Constantinopolitana
1326 2815 1416 2842 nar-

458 2861 677 2907 rationem,
709 2872 826 2910 quam
861 2862 982 2900 fuisso
1013 2863 1116 2913 apud
1161 2865 1414 2903 Franciscum

459 2924 724 2961 Sansovinum
757 2922 926 2960 traditur
969 2924 1005 2960 in
1049 2923 1187 2962 codem
1230 2926 1357 2964 Diario
1387 2931 1413 2963 t.

457 2985 547 3023 xiv
576 2995 662 3034 pag.
695 2984 784 3021 384.
809 2984 1027 3023 MCOLAO
1054 2986 1247 3034 Fulginati
1278 2987 1415 3025 tribuit

459 3046 653 3091 Allatius.
681 3046 748 3095 qui
779 3057 865 3083 eam
896 3045 1013 3084 edere
1043 3047 1169 3085 voluit.
1198 3047 1294 3085 libro
1325 3060 1415 3099 συμ-

517 3179 548 3214 a)
579 3181 627 3208 ita
650 3180 718 3211 Nic.
743 3181 916 3211 Antonius.
943 3184 966 3210 t.
990 3179 1008 3209 Ξ.)
1042 3180 1123 3213 Bibl.
1154 3182 1290 3220 Hispan.
1319 3185 1417 3213 veter.

454 3237 486 3266 p.
512 3227 582 3257 194.
605 3229 633 3266 S,
657 3227 731 3259 2380.

515 3277 612 3313 1))113
632 3279 764 3308 vossius
795 3287 868 3319 pag.
893 3278 965 3310 001.
991 3281 1059 3319 (cui
1098 3281 1219 3311 vitiose
1256 3281 1413 3311 Joarmes

1269 239 1656 280 NICOLAUS

1489 326 1626 363 μικτον
1655 319 1808 364 quarto,
1835 316 2014 356 Nondum
2040 317 2158 355 etiam
2184 316 2313 354 lucem
2339 315 2449 364 vidit,

1489 377 1519 414 si
1558 386 1737 425 unquam
1782 379 1938 416 exstitit
1981 380 2112 417 versio
2155 377 2343 416 librorum
2390 389 2452 417 se-

1489 443 1595 488 ptem
1628 438 1798 476 Arriani
1828 439 1875 477 de
1905 440 2119 479 Alexandri
2148 442 2194 479 M.
2226 439 2348 478 rebus
2384 451 2450 491 geae-

1491 504 1590 550 stis,
1635 500 1863 552 Segundino
1906 508 2091 551 auctore,
2136 503 2201 553 qui
2247 501 2449 541 Bartholo-

1494 576 1605 603 maeo
1623 565 1734 602 Facio
1755 563 1914 602 eosdem
1941 563 2059 602 libros
2083 566 2254 604 vertenti
2280 575 2357 602 non
2382 563 2450 603 de—

1495 628 1579 666 fuit.
1608 628 1742 676 Neque
1772 627 1984 676 quisquam
2014 627 2051 663 in
2081 627 2210 666 lucem
2248 626 2444 665 hactenus

1495 689 1658 740 protulit
1687 686 1903 740 Epistolam
1930 686 1984 724 ad
2010 686 2276 728 Andronicum
2326 686 2448 728 Calli-

1493 755 1596 790 stum
1630 749 1906 801 Philosophum
1937 749 2090 788 Labbeo
2117 751 2153 800 h)
2185 756 2445 791 memoratam

1491 826 1536 854 ac
1562 815 1769 863 Sylburgio
1798 815 1831 862 c)
1862 813 1910 851 dc
1939 813 2142 852 Michaelis
2169 813 2357 864 Apostolii
2380 814 2448 853 ad-

1491 887 1634 915 vorsus
1664 874 1915 914 Theodorum
1947 876 2093 914 Gazam
2125 875 2255 914 libello
2285 876 2445 916 Viterbii

1490 940 1636 988 scripto
1666 938 1740 976 An.
1780 939 1897 977 4462.
1925 939 2030 988 stylo
2061 939 2159 976 satis
2202 938 2367 989 eleganti
2397 940 2446 979 de

1488 1000 1700 1039 Aristotele
1742 1004 1778 1038 ct
1826 1001 1997 1039 Platone.
2041 1001 2176 1050 Neque
2207 1000 2445 1040 Consolatio-

1489 1073 1573 1100 nem
1616 1061 1663 1100 ad
1709 1062 1898 1101 Jacobum
1945 1061 2163 1102 Antonium
2192 1063 2447 1112 Marcellum,

1489 1126 1700 1164 Patricium
1730 1125 1928 1164 Venetum
1957 1125 2006 1164 de
2035 1125 2145 1164 obitu
2173 1125 2316 1164 Valerii
2346 1125 2414 1164 filii
2438 1139 2446 1165 :

1490 1199 1619 1238 neque
1652 1187 1878 1226 Orationem
1907 1188 2067 1238 Neapoli
2089 1187 2134 1226 A.
2162 1188 2278 1227 4433.
2303 1187 2351 1226 ad
2376 1190 2447 1227 Re—

1491 1261 1579 1301 gein
1611 1250 1839 1300 Aragonum
1883 1250 2134 1300 Alphonsum
2179 1250 2353 1289 habitam
2399 1250 2448 1290 de

1490 1314 1664 1364 potentia
1710 1314 1849 1352 Teucri
1895 1313 2176 1363 (Imperatoris
2227 1313 2447 1353 Turcorum

1490 1375 1739 1415 Muhamedis
1785 1376 1857 1424 Ii.)
1900 1380 1940 1413 et
1985 1375 2072 1425 ejus
2100 1386 2299 1426 persona,
2330 1377 2447 1414 mori-

1491 1438 1590 1483 bus,
1623 1437 1829 1475 intellectu
1873 1441 1911 1475 et
1956 1437 2163 1486 sapientia.
2194 1436 2270 1476 Sed
2303 1437 2447 1476 iterum

1490 1502 1714 1550 iterumque
1744 1500 1872 1539 lucem
1905 1499 2004 1536 vidit
2043 1500 2179 1538 Latina
2223 1499 2309 1553 libri
2350 1499 2450 1538 Orio-

1489 1561 1632 1601 sandri
1657 1561 1705 1600 de
1734 1562 1891 1612 Optimo
1922 1563 2108 1612 Imperat.
2138 1562 2268 1600 versio
2296 1561 2344 1600 ad
2382 1562 2449 1600 Al-

1491 1625 1689 1676 phonsum
1720 1625 1894 1674 Regem,
1924 1624 2100 1663 Venetiis
2138 1635 2229 1663 cum
2260 1624 2447 1675 Vegetio,

1490 1692 1530 1725 et
1561 1687 1734 1726 Basileae
1767 1688 1882 1726 4544.
1915 1686 2029 1725 4558.
2062 1685 2181 1725 4570.
2205 1687 2242 1724 8.
2265 1687 2344 1726 Nec
2370 1699 2446 1726 non

1491 1749 1699 1788 Plutarchi
1724 1749 1772 1787 de
1802 1749 1916 1789 Civili
1963 1748 2244 1797 institutione,
2273 1748 2320 1788 ad
2350 1751 2449 1788 Mar-

1492 1823 1582 1850 cum
1613 1814 1809 1851 Donatum
1834 1842 1841 1857 ,
1871 1810 2084 1849 Patricium
2115 1810 2338 1850 Venetum:
2366 1811 2449 1850 Bri-

1494 1876 1582 1912 xiae
1613 1873 1727 1912 4485.
1758 1874 1794 1911 8.
1823 1873 1968 1911 Exstat
1989 1873 2108 1911 etiam
2135 1873 2173 1910 in
2199 1873 2336 1912 Latino
2359 1873 2448 1912 Plu-

1487 1937 1623 1975 tarcho
1655 1938 1697 1975 H.
1729 1936 1920 1987 Stephani
1953 1941 1980 1975 t.
2013 1936 2035 1973 3
2067 1936 2272 1975 moralium
2315 1947 2351 1986 p.
2383 1934 2444 1974 47.

1541 1998 1561 2022 ³¹*
1585 2000 1667 2038 Non
1695 2003 1787 2037 ante
1811 2000 1958 2038 multos
1983 2010 2108 2038 annos
2136 1997 2279 2049 prodiit
2311 1999 2348 2036 in
2387 1998 2446 2038 lu-

1488 2073 1573 2100 cem
1599 2062 1742 2100 Nicolai
1768 2061 1887 2100 huius
1912 2060 2130 2112 Sagundini
2155 2061 2240 2110 (sic
2269 2061 2375 2099 enim
2400 2071 2444 2100 se

1488 2123 1659 2174 appellat
1701 2124 1867 2174 epistola
1906 2123 1996 2162 data
2034 2123 2211 2162 Venetiis
2246 2123 2319 2162 XII
2359 2123 2444 2162 Kal.

1489 2186 1602 2236 Sept.
1626 2184 1673 2224 ad
1712 2185 1827 2224 Card.
1854 2185 2127 2225 Tusculanum
2151 2214 2158 2233 ‚
2184 2186 2222 2222 in
2252 2195 2329 2235 qua
2359 2184 2445 2223 fuse

1488 2246 1676 2286 describit
1728 2247 1932 2287 historiam
1976 2248 2166 2297 naufragii
2211 2248 2300 2297 sui,
2340 2245 2445 2298 quod

1489 2320 1633 2360 passus
1665 2310 1738 2348 fuit
1768 2310 1874 2350 haud
1904 2310 2038 2361 procul
2080 2321 2100 2348 a
2140 2310 2289 2348 Veneto
2330 2314 2446 2359 portu

1488 2371 1582 2410 dum
1615 2372 1652 2408 in
1696 2372 1889 2411 Candiam
1930 2376 2127 2424 pergeret.
2158 2371 2242 2411 Vid.
2273 2375 2366 2410 tom.
2398 2373 2445 2411 ΙΙ.

1488 2432 1740 2472 Miscellanea
1760 2434 1803 2473 di
1823 2434 1936 2474 varie
1961 2437 2131 2486 operette
2160 2435 2299 2474 Venet.
2329 2433 2444 2474 4740.

1489 2508 1566 2546 quo
1586 2497 1622 2534 in
1649 2507 1765 2547 opere
1786 2497 1908 2536 altera
1933 2497 2120 2537 adiuncta
2140 2502 2205 2536 est
2229 2497 2332 2536 Petri
2356 2498 2446 2535 Par—

1489 2558 1612 2597 leonis
1632 2558 1897 2598 Ariminensis
1922 2560 2184 2599 consolatoria
2203 2559 2250 2598 ad
2272 2558 2445 2598 eundem

1492 2621 1764 2671 Sagundinum
1787 2623 2039 2671 naufragium
2071 2622 2165 2661 illud
2196 2632 2444 2672 perpessum.

1544 2682 1793 2723 NICOLAUS
1816 2683 2102 2722 Fachineamus
2121 2686 2206 2723 sive
2226 2681 2444 2721 Falcinham

1489 2746 1795 2785 Nordfolcionsis
1824 2746 2002 2796 Anglus,
2033 2745 2128 2784 Ord.
2156 2747 2290 2785 Minor.
2328 2745 2446 2795 Magi-

1490 2813 1572 2847 ster
1614 2808 1893 2854 Provincialis‚
1942 2807 2164 2858 Theologus
2206 2807 2444 2846 oxoniensis

1491 2870 1586 2907 obiit
1617 2869 1659 2907 A.
1693 2869 1809 2907 4407.
1840 2869 1938 2919 Ejus
1968 2870 2140 2921 script-a:
2171 2869 2217 2908 de
2255 2867 2445 2921 fraterni-

1491 2934 1566 2968 tate
1586 2930 1817 2969 Christiaaa
1834 2943 1845 2969 .·
1862 2931 1907 2969 (le
1922 2931 2201 2971 schismatibus
2224 2931 2441 2971 Ecclesiae:

1489 3004 1610 3043 super
1639 2992 1780 3031 unione
1811 2993 2026 3033 Ecclesiae.
2055 2996 2106 3034 Et
2134 2999 2269 3033 contra
2300 2994 2445 3033 Wicle-

1491 3055 1580 3093 iitas
1613 3054 1658 3094 cle
1687 3054 1828 3094 valore
1857 3058 2028 3107 Missae,
2054 3056 2100 3096 de
2123 3056 2332 3108 suffrayiz's
2359 3055 2444 3095 via-
2510 3059 2512 3061 '

1543 3188 1576 3228 a)
1597 3191 1675 3221 Vide
1694 3191 1846 3223 vossium
1870 3198 1943 3231 pag.
1962 3190 2036 3223 594.

1543 3239 1578 3275 b>
1595 3241 1678 3272 Bibl.
1698 3242 1943 3280 Mannscriptus
1970 3249 2041 3281 eag.
2066 3239 2136 3272 101.

1538 3288 1569 3326 c)
1587 3291 1662 3327 rag.
1687 3290 1738 3321 40.
1758 3290 1907 3329 catalogo
1933 3292 2233 3330 manuscriptorum
2270 3289 2351 3321 Bibi.
2373 3291 2442 3320 Pa-

456 3326 645 3357 Nicolaezaes
670 3327 875 3367 Buboicus.)
899 3330 1024 3361 Cavea<
1047 3331 1086 3362 ad
1110 3334 1170 3363 An.
1188 3330 1279 3363 1459.
1296 3333 1329 3362 in
1348 3331 1413 3362 hist
1481 3337 1574 3369 latin.
1597 3338 1686 3370 Adde
1705 3341 1854 3371 niarium
1871 3339 2031 3372 eruditor.
2057 3339 2171 3371 italiae
2198 3342 2265 3371 tom
2290 3337 2340 3371 14.
2369 3347 2443 3380 pag.

455 3376 502 3408 lil.
526 3377 729 3415 Scriptorum
753 3378 1074 3411 Ecclesiasticoruin.

1486 3387 1563 3418 587.
1587 3392 1618 3419 et
1635 3392 1712 3421 tom.
1733 3387 1772 3420 15
1789 3396 1864 3429 pag.
1886 3389 1958 3420 505.
