2517 4009
816 265 1230 306 NAELDUYK
2017 267 2069 307 89

64 355 169 382 mum
198 342 240 381 in
266 339 484 394 Epistolam
515 338 569 377 ad
594 338 866 378 Philemonem.
885 341 1029 378 Trans-

64 407 190 446 latum
228 405 278 444 ab
316 415 362 443 eo
393 404 518 442 fuisse
549 402 691 441 librum
733 401 945 441 Gaudentii
982 401 1029 440 (Ie

63 469 242 514 Musica,
282 465 546 506 Cassiodorus
579 465 677 503 libro
706 464 755 503 de
785 467 931 504 Musica
971 470 1029 503 te-

64 535 216 570 statum
247 530 419 579 reliquit.
449 528 518 567 Illa
547 529 709 567 Mutiani
742 529 874 565 versio
912 525 1026 565 hodie

65 603 144 631 non
174 595 329 640 exstat,
358 594 492 629 exstat
521 594 657 629 autem
687 589 899 628 Gaudentii
929 589 1027 627 liber

64 655 215 694 Graece
251 658 293 692 et
328 655 466 692 Latine
495 653 686 703 vulgatus
715 653 819 690 inter
856 653 1025 690 Musicos

63 721 226 756 veteres
245 727 266 755 a
286 717 415 755 Marco
438 716 644 754 Meibomio
660 744 669 762 ,
694 714 822 753 Amst.
851 714 965 753 4652.
989 715 1025 752 4.

64 779 114 818 de
142 790 221 830 quo
250 777 401 817 dictum
433 779 471 816 in
502 777 598 817 Bibl.
629 776 779 816 Graeca
810 777 874 815 III.
903 776 964 815 40.
989 789 1025 828 p.

63 841 155 880 264.
187 851 270 891 seq.
308 840 423 879 Liber
459 840 677 879 FACUNDI
706 839 1024 878 Hermianiensis

64 908 200 942 contra
240 903 346 942 hunc
374 903 626 949 Mucianum,
658 903 744 940 sive
775 906 818 940 ut
856 902 1024 940 subinde

63 965 238 1016 appellat
265 964 556 1011 MOCIANUM,
586 965 653 1014 qui
684 963 882 1002 adversus
915 963 1028 1003 Occi-

63 1027 246 1066 dentales
291 1027 535 1078 Episcopos,
585 1037 677 1064 cum
724 1025 1026 1066 damnatoribus

61 1090 183 1128 trium
212 1089 478 1140 capitulorum
508 1089 807 1126 communicare
844 1088 1026 1128 nolentes

65 1152 306 1201 scripserat,
331 1151 492 1201 saepius
516 1149 660 1200 prodiit
686 1152 723 1187 in
746 1151 922 1189 Facundi
947 1151 1028 1189 edi-

65 1212 240 1251 tionibus
278 1213 402 1250 Paris.
431 1212 549 1250 4629.
577 1212 614 1249 8.
645 1216 685 1250 et
722 1223 813 1251 cum
854 1212 1024 1262 Optato,

64 1274 156 1312 ibid.
193 1272 312 1312 4675.
349 1273 414 1311 fol.
449 1278 490 1311 et
520 1274 557 1310 in
589 1273 790 1311 Sirmondi
830 1274 1028 1324 Operibus

63 1341 160 1374 tom.
196 1335 221 1373 2
266 1346 355 1386 pag.
375 1334 470 1373 825.
508 1335 631 1373 Paris.
676 1335 798 1374 4696.
822 1339 861 1374 et
888 1337 1029 1375 Venet.

69 1396 185 1437 4729.
216 1396 282 1436 fol.

115 1458 442 1499 MUTINENSES
469 1457 644 1497 Annales
673 1459 722 1498 ab
752 1458 798 1498 A.
831 1461 948 1499 4434.
979 1460 1028 1498 36

65 1522 179 1561 4336.
213 1522 250 1560 444
281 1521 472 1560 thesauro
502 1521 743 1571 scriptorum
776 1522 912 1559 Italiae
953 1523 1034 1561 Mu-

63 1585 263 1623 ratoriano
299 1587 396 1622 tom.
430 1583 499 1622 XI.
531 1594 617 1634 pag.
650 1583 711 1621 53.
743 1584 892 1633 quibus
929 1583 1031 1623 adde

63 1645 297 1686 Mutinensis
315 1644 432 1685 urbis
453 1644 752 1696 descriptionem
774 1645 1031 1694 subjunctam

64 1709 172 1747 vitae
201 1708 240 1747 S.
271 1708 522 1756 Geminiani,
552 1708 738 1758 Episcopi
769 1708 1030 1755 Mutinensis,

64 1775 227 1810 auctore
266 1770 480 1821 Anonymo
518 1771 586 1821 qui
615 1771 720 1809 circa
749 1769 793 1808 A.
832 1770 922 1809 940.
962 1770 1030 1808 sso-

65 1833 158 1872 ruit.
181 1834 225 1872 ln
257 1832 439 1883 ejusdem
470 1833 648 1872 thesauri
679 1837 773 1872 torn.
801 1832 840 1872 2.
864 1836 975 1883 parte
992 1833 1030 1871 2.

67 1907 157 1946 pag.
198 1896 290 1935 694.

119 1956 305 1997 Uldricus
324 1958 516 1997 MUTIUS
539 1957 744 1996 Professar
766 1956 1030 2003 Basileensis,

63 2020 181 2071 cujus
210 2020 435 2060 Chronicon
465 2031 516 2059 ex
545 2019 838 2070 probatioribus
866 2018 1032 2057 Germa-

63 2083 165 2121 nicis
180 2081 443 2133 scriptoribus
461 2082 499 2120 in
515 2082 694 2120 Latinam
706 2081 882 2131 linguam
902 2085 1033 2119 trans-

66 2145 192 2184 latum
233 2148 354 2195 atque
393 2145 541 2184 XXXI.
581 2144 693 2183 libris
739 2143 1032 2182 Germanorum

66 2207 268 2258 origines,
307 2218 466 2255 mores,
496 2208 708 2254 instituta,
740 2206 850 2257 leges
881 2209 921 2243 et
952 2216 1033 2243 me-

64 2269 269 2308 morabilia
304 2280 403 2320 pace
432 2270 615 2320 belloque
645 2273 779 2320 gestra
810 2279 942 2318 usque
983 2267 1032 2307 ad

65 2342 246 2370 mensem
268 2331 498 2383 Augustum
516 2332 621 2372 Anni
644 2332 758 2371 4539.
781 2341 1032 2382 persequens

64 2392 188 2432 edidit
223 2394 418 2433 Pistorius
446 2399 474 2432 t.
505 2394 543 2433 2.
573 2395 757 2444 scriptor.
794 2393 1032 2431 Germaniae

64 2455 144 2494 Frr.
175 2455 292 2496 ⁴584.
325 2457 442 2496 4643.
472 2460 514 2495 et
541 2456 780 2494 Ratisbonae
811 2454 927 2494 4726.
968 2453 1030 2492 fol.

0 2523 1 2566 ζ
65 2522 232 2557 secutus
250 2518 465 2557 editionem
488 2518 761 2557 Basileensem
785 2517 892 2555 Anni
917 2516 1034 2554 4539.

64 2578 115 2618 de
131 2579 320 2631 aliisejus
336 2580 496 2631 scriptis
516 2579 606 2618 vide
624 2580 794 2630 siplacet
805 2578 1034 2618 Simlerum.

118 2640 293 2681 MYCON
317 2642 532 2689 Diaconas,
563 2653 684 2692 supra
709 2640 846 2680 MICO.

65 2703 238 2744 Ioannes
263 2702 310 2742 de
339 2704 520 2752 MYLIS,
549 2704 721 2742 Joamzes
746 2702 1037 2742 MYLVERTO-

64 2765 193 2815 NUS,
224 2776 346 2817 supra
375 2770 406 2804 t.
435 2767 499 2805 lV.
523 2778 562 2817 p.
592 2766 687 2804 389.

91 2827 415 2868 MYRSONTIUS
452 2830 538 2867 sive
569 2827 889 2867 MYSRONTIUS
927 2827 1035 2864 Inter

67 2890 284 2940 scriptores
313 2891 369 2928 rei
400 2892 711 2941 agrimensoriae
741 2901 828 2940 pag.
860 2889 951 2927 254.
992 2893 1035 2938 gt

68 2951 161 2990 255.
200 2949 294 2989 edit.
338 2951 564 2990 Goesianae
593 2951 758 2990 Latinus
787 2955 824 2990 et
852 2949 1036 3002 Myfron-

70 3011 150 3051 tius
190 3011 315 3062 toqati
340 3012 642 3062 Auyustorum,
672 3013 719 3052 de
758 3012 850 3052 Iocis
886 3011 1034 3051 subur—

71 3073 189 3112 bum's
220 3071 284 3112 vel
311 3072 483 3112 deversis
514 3074 748 3122 itineribus,
786 3073 1033 3126 pergentium

71 3136 112 3174 in
148 3146 246 3175 suas
284 3133 476 3186 reyz'ones·
519 3136 573 3173 Dc
611 3137 871 3186 scriptoribus
915 3134 1035 3182 hujus

71 3198 296 3248 argumenti
326 3197 477 3236 dictum
509 3198 547 3234 in
579 3197 675 3235 Bibl.
707 3199 845 3235 Latina
877 3197 939 3234 tv.
971 3198 1032 3234 44,

122 3259 294 3298 Ioannes
318 3257 366 3297 de
395 3258 540 3297 ΜΥΖΑ.
572 3258 698 3308 Supra
731 3263 756 3295 t.
791 3259 851 3295 lv.
879 3268 915 3306 p.
942 3256 1030 3293 392.

123 3377 157 3416 a)
181 3376 301 3409 oudin.
326 3381 406 3408 tom.
434 3377 452 3406 ⁰.)
476 3385 547 3416 pag.
575 3375 647 3406 867.

1325 338 1608 404 LIBER
1653 337 1847 403 XIII.

1155 477 1347 553 Ioannes
1376 513 1637 553 NAELDUYK
1667 516 1753 551 sive
1771 511 1818 551 de
1836 512 2068 565 Naelduyco

1104 579 1240 628 Eques
1272 576 1490 615 llollandus
1520 575 1735 614 defunctus
1764 576 1811 614 A.
1841 576 1943 614 4489
1969 576 2072 615 Scri·
2096 603 2100 606 -

1102 645 1190 690 ptor
1222 638 1411 679 Chronicz'
1436 636 1671 676 Hollandiae
1715 641 1753 676 et
1786 636 2018 677 Seelandiae
2048 640 2071 677 a

1101 700 1342 740 Theoderico
1373 700 1525 739 Comite
1556 701 1680 749 primo
1704 699 1750 738 ad
1779 701 1822 737 A.
1850 700 1965 737 ⁴460.
1992 699 2070 739 Sed

1103 764 1235 802 nescio
1258 774 1307 801 an
1336 763 1472 800 Latine
1499 761 1673 811 legatur.
1703 772 1790 799 narn
1817 762 1971 811 Belgica
1994 763 2072 800 Ma-

1103 836 1234 863 nuscr.
1281 828 1415 862 exstat
1459 825 1495 860 in
1541 823 1776 861 Cottoniaua
1821 835 1905 872 pag.
1938 823 2000 861 25.
2030 829 2071 861 ct

1102 886 1244 937 prodiit
1272 885 1434 924 Goudae
1465 885 1510 923 A.
1544 885 1657 923 4478.
1689 889 1724 922 et
1757 896 1805 922 ex
1837 886 1937 923 Petri
1966 886 2071 924 Scri-

1103 950 1198 987 verii
1231 949 1463 986 recensione
1493 947 1621 986 Amst.
1654 947 1769 986 4663.
1800 948 1832 984 4.
1867 947 1960 985 Vide
1991 947 2070 986 Ou-

1100 1011 1239 1049 dinun]
1272 1015 1298 1047 t.
1332 1010 1356 1048 3
1380 1021 1416 1059 p.
1447 1010 1563 1048 2729.

1153 1072 1422 1111 NAGOLDUS
1466 1074 1551 1110 sive
1595 1072 1891 1118 NALGODL‘S,
1930 1073 2070 1110 vitiose

1102 1134 1419 1179 NALGENDUS,
1442 1133 1658 1172 Monachus
1682 1134 1969 1179 Cluniacensis,
1997 1136 2072 1172 cir-

1100 1208 1143 1235 ca
1173 1195 1248 1234 An.
1281 1196 1395 1236 4090.
1439 1198 1472 1242 a)
1504 1197 1672 1246 scriptor
1720 1195 1825 1234 Vicae
1854 1196 1894 1234 S.
1927 1194 2071 1234 Odoni's

1102 1258 1270 1297 Abbatis
1301 1259 1349 1296 ab
1379 1258 1425 1296 A.
1456 1258 1548 1295 926.
1577 1257 1624 1296 36
1656 1258 1746 1295 944.
1777 1257 2068 1296 Cluniacensis.

1105 1319 1200 1358 Vide
1218 1319 1401 1359 Andreae
1421 1320 1474 1358 du
1492 1320 1648 1358 Chesne¹
1670 1319 1950 1357 Bibliothecam
1970 1319 2064 1357 Clu-

1105 1383 1332 1420 niacensem
1366 1393 1401 1431 p.
1434 1381 1549 1420 4633.
1580 1382 1723 1419 Exstat
1751 1380 1853 1430 apud
1898 1381 2070 1419 ,143144110-

1106 1445 1218 1482 nium
1250 1449 1345 1481 tom.
1377 1444 1407 1481 V
1438 1444 1616 1482 Sanctor.
1642 1443 1842 1480 Benedict.
1868 1453 1953 1492 pag.
1981 1443 2067 1481 486.

1105 1511 1145 1544 et
1180 1505 1265 1544 Vita
1294 1506 1335 1544 S.
1366 1503 1513 1555 Majoli
1534 1504 1699 1542 Abbatis
1723 1504 1998 1543 Cluniacensis
2025 1505 2068 1542 Α.

1107 1568 1197 1605 994.
1229 1567 1409 1605 defuncti
1441 1568 1477 1604 in
1507 1566 1619 1604 Actis
1663 1565 1840 1604 Sanctor.
1871 1570 1898 1602 t.
1931 1566 1954 1604 2
1984 1566 2070 1616 Maji

1110 1641 1146 1680 p.
1179 1629 1369 1667 658-668.

1162 1688 1361 1728 NALDUS
1392 1687 1586 1736 Naldz'us,
1620 1689 1870 1727 Florentinus
1893 1689 1996 1726 circa
2027 1689 2072 1727 A.

1108 1751 1224 1791 ⁴470.
1255 1753 1475 1790 Historicus
1500 1756 1539 1790 et
1566 1752 1678 1789 Poeta
1702 1763 1710 1788 ε
1739 1751 1891 1788 amicus
1916 1750 2071 1788 Marsilii

1106 1815 1254 1862 Ficini‚
1286 1816 1354 1864 qui
1383 1826 1474 1853 eum
1508 1811 1655 1852 Phoebi
1690 1812 1853 1851 delicias
1901 1813 2074 1863 appellat.

1107 1876 1171 1915 lib.
1205 1878 1218 1916 4
1257 1877 1384 1927 Epist.
1414 1882 1512 1914 tom.
1543 1879 1556 1915 4
1596 1876 1694 1926 Opp.
1727 1887 1812 1925 pag.
1844 1875 1933 1912 620.
1965 1875 2069 1913 Scri-

1107 1940 1186 1990 psit
1210 1939 1301 1988 (222
1319 1938 1396 1977 Seu
1419 1938 1540 1976 latine
1563 1940 1683 1976 vertit
1704 1948 1752 1975 ex
1776 1937 1908 1975 Italica
1926 1937 2071 1985 Vespa-

1109 2002 1210 2040 siani
1236 1999 1298 2038 da’
1316 2000 1482 2039 Bz'sticci
1509 1999 1639 2038 adhuc
1664 2000 1741 2038 MS.
1768 2002 1803 2036 444
1830 1998 2071 2037 Maruccllia·

1110 2066 1180 2111 na)
1210 2063 1336 2102 vitam
1377 2061 1555 2100 Jannotiz'
1589 2061 1753 2101 Manettc'
1778 2062 1924 2099 editam
1956 2062 1978 2099 3
2007 2072 2071 2098 ce-

1108 2126 1186 2164 leb.
1217 2126 1429 2164 Muratorio
1460 2132 1554 2162 tom.
1581 2125 1707 2163 XVIII
1733 2124 1908 2162 thesauri
1941 2133 2073 2160 rerum

1109 2188 1336 2227 Italicarum
1367 2192 1407 2224 et
1438 2188 1474 2224 in
1508 2190 1537 2224 t.
1568 2187 1621 2225 IX
1661 2186 1838 2224 thesauri
1883 2186 2074 2223 Burman-

1110 2252 1232 2289 niani.
1262 2251 1318 2288 De
1350 2250 1413 2288 illa
1444 2250 1618 2287 Diarium
1651 2247 1896 2286 eruditorum
1944 2245 2076 2283 ltaliae

1109 2318 1204 2351 tom.
1238 2311 1293 2351 XI
1325 2324 1411 2363 pag.
1443 2311 1533 2350 340.
1561 2321 1642 2359 seq.
1670 2307 1808 2358 Eleyos
1829 2309 1918 2361 eJ'us
1940 2306 2073 2345 laudat

1112 2376 1331 2426 Hugolinus
1362 2375 1562 2420 Verinus‚
1596 2372 1660 2410 lib.
1692 2372 1727 2408 2.
1758 2370 1805 2408 de
1845 2369 2075 2407 illustratio-

1111 2449 1160 2475 ne
1190 2438 1412 2476 Florentiae
1444 2446 1530 2485 pag.
1564 2434 1626 2472 36.
1656 2436 1770 2470 notus
1801 2434 1837 2469 et
1864 2433 1920 2468 esc
1954 2427 2070 2478 eleyis

1111 2498 1265 2539 Nalrtus
1300 2500 1348 2537 Et
1371 2498 1586 2536 politianus
1608 2497 1901 2545 Epigrammata
1920 2504 1952 2540 p.
1982 2488 2069 2527 297.

1123 2564 1207 2593 Dum
1227 2561 1373 2592 celebrat
1390 2559 1549 2591 medicem
1560 2556 1692 2593 Naldus,
1708 2556 1785 2586 dum
1801 2552 1912 2583 laudat
1927 2551 2074 2581 amicum

1146 2613 1187 2641 Et
1212 2611 1338 2649 pariter
1368 2609 1501 2647 gemino
1527 2610 1640 2645 raptus
1664 2610 1774 2634 amore
1802 2603 1919 2637 canit,

1125 2663 1205 2691 Tam
1230 2658 1379 2698 lepidum
1403 2658 1578 2688 unanimes
1604 2654 1648 2684 4144
1672 2658 1830 2683 ornavere
1855 2647 2002 2679 libellum

1142 2709 1295 2740 Phoebus
1314 2731 1322 2746 ,
1348 2710 1445 2737 Amor
1462 2729 1471 2743 ,
1496 2704 1602 2734 Pallas
1620 2726 1629 2740 ,
1655 2703 1764 2732 Gratia
1786 2723 1793 2737 ,
1818 2701 1927 2734 Musa,
1954 2697 2065 2728 Fitlcs.

1111 2760 1208 2808 Ejus
1242 2755 1507 2796 Hascelucliwn
1527 2785 1535 2800 ,
1567 2753 1612 2791 36
1641 2752 1841 2790 juli-,inum
1868 2747 2068 2786 Medicein.

1110 2818 1296 2859 Bucolica
1325 2818 1371 2857 ad
1406 2816 1661 2856 Laurentium
1694 2812 1906 2856 Medicom,
1937 2814 1975 2845 ot
1999 2807 2070 2845 ,1Ιί-

1109 2880 1251 2921 racula
1281 2881 1320 2918 in
1351 2877 1488 2929 templo
1518 2879 1555 2916 S.
1589 2873 1858 2913 ,ι’ίηιιιιιισίίιΙαε
1901 2870 1946 2907 (lc
1979 2868 2068 2906 Flo-

1109 2945 1239 2983 rentia
1271 2946 1465 2980 memorat
1512 2939 1640 2977 Julius
1671 2938 1806 2985 Niger.
1840 2935 1875 2970 in
1909 2932 2068 2969 historia

1112 3008 1350 3056 scriptorum
1383 3002 1696 3040 Florentiuorum
1729 3009 1813 3046 pag.
1848 2995 1934 3031 MR.

1169 3068 1187 3087 *ἓ
1220 3067 1389 3106 Carmen
1437 3066 1473 3100 in
1508 3061 1667 3100 laudeni
1713 3057 1920 3096 Bai-liuciae
1950 3055 2071 3093 Siculi

1111 3132 1147 3167 J.
1177 3128 1220 3166 U.
1266 3125 1559 3165 Consultissimi
1592 3125 1701 3159 extat
1742 3122 1981 3168 impressum
2031 3128 2068 3154 in

1113 3192 1240 3228 fronte
1271 3200 1330 3237 op.
1363 3185 1488 3224 eiusd.
1521 3183 1728 3221 Barbaciao
1762 3181 1814 3218 De
1851 3177 2068 3218 verborum

1109 3246 1423 3300 obliqaci'onibus.
1443 3248 1587 3283 Bonou.
1605 3245 1615 3281 4
1630 3243 1714 3281 497.
1731 3241 1755 3280 s.
1770 3241 1856 3280 '2223
1874 3243 2068 3280 Martinus

1627 3435 1697 3473 163
