2517 4009
879 232 1260 273 NICOLAUS

19 299 26 305 ’
79 303 160 342 lum
190 312 235 340 ea
258 300 306 338 de
335 309 456 339 causa
484 299 612 338 datae.
654 301 852 352 Incipiunt
893 300 1036 340 Eoecel-

79 363 290 403 lentissime
318 367 394 400 etc.
425 361 617 410 Quoniam
645 361 699 401 ad
721 361 1033 402 substinentiam.

78 427 200 465 Datae
228 429 323 465 sunt
351 424 487 463 literae
518 425 603 463 illae
644 426 840 464 Pontificis
885 427 1033 465 Perusii

77 500 148 540 per
177 499 337 528 manum
367 487 470 537 Mag.
513 487 710 527 Michaelis
736 488 784 527 dc
809 489 945 527 Tolosa
970 489 1031 526 Vi-

2 560 7 565 ·
78 550 404 590 oecancellarium
435 549 473 588 S.
504 550 546 588 R.
577 551 619 589 E.
652 551 696 589 Il.
723 552 818 590 Non.
843 551 1031 590 Novemb.

75 611 215 652 Indict.
252 613 320 652 IX.
353 612 466 651 4265.
510 612 768 652 Pontificatus
813 613 1030 652 Clementis

76 675 140 713 IV.
169 673 284 714 Anno
308 676 344 714 ⁴.
364 674 595 714 Indicantur
618 680 740 726 atquc
760 679 1030 725 excerpuntur

76 737 213 776 literae
242 739 341 776 istae
369 737 579 776 Annibaldi
609 743 649 777 ct
677 739 838 777 Joannis
867 749 886 776 a
929 738 1030 788 Ray-

77 798 195 839 naldo
223 799 271 838 ad
302 798 375 838 An.
402 800 517 839 ⁴265.
550 799 676 839 nsit..

127 862 174 901 11.
205 861 392 912 Sequitur
420 861 559 901 modus
588 861 766 914 faciendi
802 862 1026 913 komaqium

71 924 117 964 D.
142 925 275 976 Papae
294 922 341 962 de
365 925 409 964 R.
433 923 619 971 Siciliae,
641 924 796 976 quando
822 924 1026 978 confertur

70 985 177 1037 Reyi.
209 987 351 1037 Incipit
379 986 602 1037 Notandum
631 986 735 1039 quod
762 987 898 1026 moilus
926 993 1000 1027 etc.

122 1047 188 1087 111.
220 1049 372 1087 Literae
401 1048 622 1088 cardinalis
651 1049 698 1088 ad
730 1050 900 1089 eundem
940 1052 1026 1091 Cle-

69 1114 245 1149 mentem
275 1121 397 1162 super
425 1110 635 1149 exactione
659 1110 863 1151 solutionis
885 1123 1025 1152 census

68 1169 213 1222 debiti,
237 1183 314 1224 per
341 1184 442 1224 quas
482 1176 703 1225 appareat,
735 1174 837 1223 quod
876 1186 1022 1214 census

68 1235 143 1274 iste
170 1245 328 1274 cessare
356 1246 432 1272 non
459 1233 621 1281 debeat,
647 1235 723 1274 etsi
742 1237 821 1274 Rex
849 1235 1020 1285 Siciliae,

67 1300 104 1336 et
129 1308 261 1336 omnes
289 1297 376 1336 eius
399 1300 539 1348 partes
568 1296 622 1335 ad
648 1296 808 1348 plenum
829 1310 905 1336 non
929 1311 1020 1350 pos—

64 1359 229 1398 sideant.
255 1361 454 1410 Incipiunt
472 1359 728 1400 Sanctissimo
752 1365 825 1398 etc.
851 1360 1021 1400 Carolus

63 1426 139 1461 etc.
167 1425 325 1461 vestrae
353 1421 492 1461 literas
521 1421 763 1462 Sanctitatis.
790 1424 1020 1462 [Incitantur

63 1484 239 1534 integrae
267 1485 423 1523 litterae
454 1485 586 1535 Papae
605 1483 660 1522 ad
685 1483 886 1524 Carolum.
920 1486 1020 1524 Inci-
1045 1534 1050 1538 ι

60 1546 187 1598 piunt.
217 1544 348 1585 Habet
385 1545 454 1584 hoc
494 1545 680 1584 humana.
713 1548 866 1585 Literae
903 1549 1019 1598 Regis

61 1609 270 1660 signantur
298 1609 415 1647 Anno
446 1609 562 1649 ⁴266.
594 1610 628 1648 4.
659 1614 760 1660 sept.
800 1609 1017 1650 Indictione

58 1672 110 1710 X.
137 1672 259 1722 Regni
289 1682 394 1710 anno
425 1672 461 1710 2.

112 1735 176 1774 IV.
203 1735 423 1785 Responsio
453 1732 650 1786 Bonifacii
681 1734 782 1772 VIII.
827 1733 936 1786 facta
970 1735 1015 1772 D.

61 1795 205 1836 Carolo
233 1795 275 1834 in
303 1795 442 1836 Sicilia
473 1796 569 1847 Reqi
608 1806 730 1847 super
773 1797 1017 1836 successione

59 1857 155 1897 dicti
194 1857 334 1910 requi.-
379 1858 599 1899 Carissime
628 1863 701 1897 etc.
747 1857 887 1897 habuit
921 1871 1016 1898 sane

58 1919 354 1960 consultationis
382 1932 404 1960 a
433 1922 580 1960 Datum
610 1922 755 1960 Rornae
784 1933 844 1972 ap.
876 1922 914 1961 S.
949 1924 1015 1960 Po-

61 1987 166 2022 trum
197 1983 260 2022 V1.
283 1981 370 2021 Kal.
398 1984 524 2022 Martii
555 1983 810 2023 Pontificatus
845 1984 918 2023 An,
951 1984 1015 2023 ΠΙ.

110 2046 156 2084 V.
177 2046 330 2084 Literae
356 2043 497 2085 Caroli
516 2044 676 2084 Siciliae
702 2046 816 2097 Reyis
839 2046 894 2085 ad
918 2046 1013 2085 Gre-

57 2108 215 2159 9orium
242 2119 364 2159 super
391 2107 580 2147 solutione
619 2120 759 2148 census
785 2120 858 2160 pro
894 2120 1012 2160 re9no

59 2168 221 2210 Siciliae
248 2169 482 2210 charissimo
511 2177 586 2209 etc.
609 2171 687 2209 Diu
709 2175 769 2209 est
795 2170 1012 2211 clementis-

56 2231 154 2271 sime
182 2238 258 2272 etc.
288 2234 433 2272 Datum
478 2233 635 2284 Neapoli
668 2234 784 2273 4275.
822 2234 884 2272 die
932 2236 1012 2273 VII.

63 2294 157 2334 Julii
186 2295 405 2335 Indictione
426 2297 491 2334 III.
513 2296 636 2347 Regni
654 2298 703 2335 X.
726 2301 821 2335 sunt
853 2297 888 2334 in
913 2298 1015 2347 Ray-

59 2356 176 2397 naldo
205 2357 254 2396 ad
284 2369 348 2397 an.
381 2357 499 2398 ⁴275.
531 2371 567 2397 n.
600 2359 662 2397 54.

110 2420 174 2458 VI.
206 2421 416 2459 Tractatus
444 2420 493 2459 de
514 2420 793 2460 Jurisdictione
812 2422 1011 2460 Ecclesiae

55 2491 178 2534 super
205 2483 380 2532 Reynum
408 2481 576 2534 Apuliae
606 2486 644 2520 et
669 2482 841 2531 Siciliae,
873 2485 911 2521 in
934 2495 1008 2535 quo

55 2542 275 2582 ostenditur
302 2542 621 2595 quadrupliciter
650 2542 704 2581 ad
732 2544 858 2595 ipsam
885 2544 1009 2583 solam

53 2604 277 2645 Ecclesiam
290 2604 504 2658 pertinere.
526 2607 690 2656 Incipit:
714 2606 899 2655 Quaestio
929 2618 1008 2645 mo-

53 2671 171 2708 vetur
199 2673 273 2707 ctc.
298 2667 528 2708 Laudentur
548 2668 597 2706 ibi
623 2669 787 2706 Historia
803 2668 1004 2707 Cosentini

53 2732 208 2771 Martini
228 2734 270 2770 et
293 2731 490 2770 Richardi.
512 2730 657 2781 (Edidit
680 2732 856 2770 Mansius
881 2732 916 2768 in
936 2733 1005 2769 Ba—

53 2793 130 2833 luz.
156 2793 316 2833 Miscell.
345 2794 359 2832 ⁴
403 2793 490 2832 468.
517 2793 753 2832 Lucchesini
774 2797 795 2832 ’.

105 2855 186 2893 VII.
203 2854 350 2894 Forma
363 2854 668 2906 confirmationis
683 2853 816 2907 factae
835 2866 908 2906 per
932 2855 1004 2893 Bo-

50 2914 234 2969 nifatium
261 2926 383 2968 super
413 2919 590 2955 tractatu
611 2916 727 2967 pacis
748 2915 877 2954 habito
899 2917 1002 2955 inter

50 2979 97 3018 1).
122 2977 311 3019 Carolum
341 2977 387 3017 cle
418 2979 591 3017 Francia
622 2977 831 3017 Robertuin
852 2979 1001 3030 primo-

46 3040 221 3093 9enitum
239 3039 355 3092 Reyi's
377 3039 536 3080 Siciliae
561 3044 597 3079 et
620 3042 758 3091 Reyem
784 3042 815 3079 F
817 3041 1000 3079 erdinan-

49 3101 145 3142 dum
172 3113 227 3142 ea:
255 3100 383 3141 altera
411 3112 532 3154 super
561 3101 692 3141 insula
722 3106 759 3141 et
781 3105 910 3153 Reqno
939 3103 1000 3142 Si-

49 3163 165 3205 ciliae
193 3168 230 3204 et
241 3165 339 3217 jure
367 3163 471 3216 quod
498 3163 615 3202 habet
644 3163 841 3203 Ecclesia.-
885 3165 1000 3204 Boni·

45 3226 179 3281 «sacius
207 3230 279 3266 etc.
302 3228 391 3266 Rea:
415 3225 605 3278 pacificus
629 3231 704 3264 otc.
728 3227 870 3265 Datum
897 3226 1000 3265 Ana-

39 3291 164 3343 gniae
205 3290 291 3330 XII.
329 3288 411 3329 Kal.
443 3288 700 3327 Pontificatus
738 3288 810 3327 An.
844 3289 911 3326 lx.
939 3300 998 3339 ap.

49 3353 212 3405 Raynal.
243 3351 311 3392 scd
344 3351 394 3390 ibi
426 3352 633 3402 signantur
662 3351 729 3389 XI.
759 3350 828 3389 Kal
858 3351 976 3388 Junii.

1983 237 2050 275 ⁴2¹

1162 305 1263 343 VIII.
1294 305 1511 358 Infeudatio
1557 305 1752 359 Bonifacii
1784 307 1882 345 VIII.
1913 307 1960 346 de
1987 309 2059 346 Re-

1105 367 1176 418 9ni
1188 367 1399 407 Sardiniae
1419 373 1456 407 et
1471 368 1657 408 Corsicae
1671 367 1816 408 Jacobo
1833 368 2058 421 Arayoniae

1108 431 1204 480 Reqi
1217 445 1224 469 :
1251 429 1478 482 Bonifacius
1502 436 1576 468 etc.
1603 432 1731 482 Super
1754 434 1900 483 Reqes,
1925 437 1964 471 et
1986 433 2057 471 Re-

1103 503 1183 543 9na
1206 498 1281 531 etc.
1307 494 1448 532 Datum
1476 495 1618 531 noma-0
1639 506 1698 544 up.
1719 495 1757 533 S.
1776 495 1933 534 Petrum
1959 495 2058 545 prid.

1105 555 1188 594 Non
1218 556 1340 605 April.
1371 555 1626 594 Pontificatus
1660 557 1773 594 Anno
1803 558 1839 596 3.
1883 557 1957 595 Dat
1985 558 2055 597 sed

1105 628 1180 655 non
1199 619 1372 667 integras
1389 617 1460 656 has
1476 619 1608 656 literas
1625 619 1785 667 Ruynai.
1804 619 1956 658 A.4297
1975 623 2054 660 nt.

1157 678 1224 718 lx.
1255 679 1419 717 Donatio
1454 678 1563 731 sacta
1598 680 1816 719 Innocentio
1841 681 1907 720 III
1922 685 1961 721 et
1981 684 2055 722 Ro-

1103 752 1244 779 manae
1273 741 1474 780 Ecclesiae
1499 753 1573 793 per
1601 743 1788 781 loannem
1807 744 1948 794 Reqem
1975 745 2055 784 An-

1098 802 1202 854 9liae
1231 803 1276 842 de
1306 808 1380 842 toto
1408 805 1536 853 Regino
1560 803 1724 855 Anqliae
1754 809 1792 843 et
1819 805 1955 845 Insula
1985 808 2054 847 Hi-

1103 863 1274 915 herniae,
1286 877 1388 917 quae
1411 865 1548 905 deinde
1567 865 1643 905 duo
1664 869 1751 906 Rea:
1771 871 1808 905 et
1822 869 1885 907 sui
1901 880 2054 910 succes-

1099 939 1213 967 sores
1257 927 1437 967 tenebunt
1479 929 1519 967 in
1570 928 1733 981 feudum
1778 928 1829 968 ab
1876 930 2052 970 Ecclesia

1098 991 1274 1028 Romana
1291 1021 1298 1037 ,
1317 991 1432 1029 cuius
1455 994 1571 1029 erant
1591 989 1759 1030 vassalli
1776 995 1813 1029 et
1832 990 2055 1043 feudatarii

1098 1050 1172 1090 sub
1218 1063 1337 1091 censu
1373 1064 1504 1090 annuo
1534 1052 1638 1091 mille
1666 1052 1921 1092 marcharum
1949 1059 2049 1094 ster-

1098 1113 1305 1165 linyorum,
1326 1126 1428 1166 quae
1450 1113 1608 1167 faciunt
1633 1120 1806 1166 quatuor
1826 1116 1948 1155 millia
1965 1117 2050 1157 Flo-

1096 1188 1306 1219 renorum,
1337 1189 1437 1228 quae
1461 1177 1615 1216 donatio
1644 1177 1754 1230 facta
1776 1177 1857 1230 fuit
1871 1191 1946 1230 per
1969 1192 2049 1218 mo-

1095 1238 1186 1276 dum
1233 1238 1516 1291 satisfactionis
1558 1244 1595 1278 et
1638 1241 1819 1280 emendae
1866 1243 2051 1282 concordi

1095 1300 1254 1339 consilio
1279 1302 1448 1339 omnium
1473 1302 1671 1340 Baronum
1698 1308 1734 1340 et
1756 1302 1940 1342 nobilium
1969 1306 2047 1344 An—

1091 1361 1195 1412 yliae
1214 1393 1221 1409 ,
1248 1367 1285 1401 et
1299 1362 1512 1402 Hiberniae
1534 1364 1572 1402 in
1593 1365 1781 1404 Lonrlonis
1802 1378 1864 1417 ap.
1885 1369 1926 1406 S.
1945 1369 2047 1406 Pau-

1095 1422 1175 1462 lum
1213 1426 1248 1463 3.
1279 1425 1460 1464 Octobris
1492 1428 1592 1465 4213
1637 1428 1755 1475 Regni
1792 1428 1952 1468 ,Ioannis
1984 1432 2044 1469 ⁴4.

1093 1486 1268 1524 Ioannes
1298 1492 1374 1525 etc.
1409 1487 1664 1526 Universitati
1690 1493 1845 1527 vestrae
1873 1496 1947 1529 etc.

1146 1550 1194 1588 X.
1230 1549 1354 1600 Copia
1397 1550 1673 1598 instrumenti,
1711 1551 1815 1602 quod
1855 1553 2044 1602 Maqister

1092 1611 1266 1650 Siricius
1297 1623 1480 1650 camerae
1509 1612 1552 1649 D.
1577 1613 1709 1664 Papae
1737 1612 1914 1652 Clericus
1940 1614 2047 1652 Nun-

1091 1673 1176 1712 cius
1196 1674 1308 1713 Sedis
1327 1674 1354 1712 A
1359 1673 1572 1726 postolicae
1597 1675 1636 1713 in
1655 1674 1796 1726 Anqlia
1812 1676 1866 1714 ad
1888 1677 2043 1714 curiam

1090 1734 1318 1786 adportavit
1338 1736 1498 1788 Incipit,
1525 1739 1603 1775 Lex
1628 1748 1729 1787 quae
1754 1738 1917 1788 Anglice
1938 1738 2045 1778 Dele-

1090 1809 1191 1848 naye
1219 1801 1358 1836 vocata
1389 1803 1462 1842 est,
1487 1798 1604 1837 latine
1624 1810 1718 1838 vero
1741 1798 1810 1838 leoe
1829 1800 2044 1840 Danorum.

1089 1859 1288 1899 Denarius
1331 1861 1374 1899 B.
1422 1862 1533 1900 Petri
1566 1861 1798 1913 praedictus
1836 1873 1911 1914 per
1939 1862 2039 1902 hunc

1091 1921 1247 1960 modum
1277 1923 1474 1974 colliyitur
1503 1924 1542 1962 in
1571 1923 1726 1975 Anylia.
1756 1924 1825 1963 Ea:
1869 1925 2042 1964 Cantua·

1090 1982 1218 2022 riensi
1239 1983 1422 2024 Dioecesi
1444 1984 1526 2024 Lib.
1549 1987 1587 2024 7.
1612 1989 1649 2024 et
1678 1986 1740 2025 48.
1767 1987 1808 2025 Β.
1832 1992 1907 2025 οῖς.

1143 2047 1202 2084 De
1222 2048 1428 2098 praedicto
1452 2048 1615 2087 denario
1640 2049 1681 2086 B.
1702 2049 1813 2087 Petri
1828 2049 1881 2087 ita
1898 2048 2041 2100 leqitur

1090 2108 1130 2146 in
1154 2108 1350 2150 chronicis
1374 2123 1458 2163 cap.
1498 2111 1553 2149 De
1585 2112 1710 2149 Leone
1749 2112 1849 2161 Papa
1880 2110 1944 2150 IV.
1973 2113 2039 2162 qui

1088 2173 1217 2221 coepit
1241 2184 1302 2211 an.
1331 2174 1420 2212 846.
1440 2174 1583 2222 (Baluz.
1609 2174 1770 2212 Miscell.
1793 2176 1826 2213 4.
1856 2175 1958 2216 441.)

1140 2232 1377 2286 Adaulphus
1406 2237 1495 2274 Rea:
1519 2240 1593 2273 etc.
1622 2237 1705 2284 (seu
1727 2236 1959 2286 Deulphus.1

1140 2295 1196 2334 De
1217 2295 1351 2335 valore
1365 2297 1616 2336 diversarum
1634 2301 1878 2336 monetarum
1899 2312 1906 2336 :
1932 2299 2033 2347 Quia

1087 2357 1128 2394 in
1147 2356 1216 2396 hoc
1239 2357 1339 2397 libro
1360 2358 1592 2411 frequenter
1615 2365 1690 2397 etc.
1726 2361 1831 2398 L'nus
1855 2359 2037 2398 moraba-

1087 2420 1193 2458 tinus
1214 2420 1320 2459 valet
1340 2433 1461 2459 unum
1481 2421 1673 2471 florenum
1699 2427 1774 2460 otc..

1138 2484 1206 2521 XI.
1237 2484 1440 2522 Statutum
1480 2484 1625 2522 Nicolai
1652 2482 1717 2522 IV.
1756 2484 1885 2522 serens
1910 2488 1952 2521 ut
1977 2495 2032 2521 ea:

1083 2543 1273 2590 omnibus,
1294 2556 1398 2596 quae
1418 2545 1559 2596 recipit
1582 2547 1688 2583 Rom.
1710 2543 1885 2583 Ecclesia
1905 2574 1913 2591 ‚
1935 2545 2034 2594 fiant

1082 2604 1184 2644 duae
1197 2611 1337 2657 partes
1360 2606 1549 2658 aequales
1570 2636 1578 2651 ,
1601 2617 1774 2657 quarum
1799 2618 1879 2643 una
1902 2607 1956 2645 sit
1983 2608 2027 2644 I).

1082 2668 1231 2718 Papae,
1258 2673 1294 2706 et
1310 2668 1438 2707 altera
1459 2669 1637 2718 siqnetur
1660 2669 1701 2707 S.
1719 2666 1886 2717 Colleqio
1905 2668 2026 2707 Carti.

1081 2729 1182 2767 inter
1202 2741 1265 2768 eos
1281 2741 1336 2767 eat
1368 2741 1492 2780 aequo
1513 2729 1721 2768 dividenda
1737 2743 1743 2768 ;
1758 2730 1937 2768 Meolaus
1949 2736 2025 2768 etc.

1080 2791 1263 2831 Caelestis
1292 2791 1454 2830 allitzulo
1478 2798 1551 2830 etc.

1130 2855 1214 2892 XII.
1247 2855 1561 2892 Instruinontum
1593 2853 1816 2891 donationis
1837 2852 1967 2904 sactae
1982 2856 2024 2893 S.

1079 2914 1246 2966 Colleyio
1278 2914 1555 2955 Cardinalium
1581 2927 1656 2966 per
1679 2914 1927 2953 Benedictum
1951 2916 2026 2954 XII

1074 2977 1146 3015 An.
1180 2978 1299 3016 4324.
1330 2978 1383 3014 De
1413 2976 1614 3016 medietate
1644 2977 1813 3015 omnium
1835 2988 2021 3016 censuum

1074 3039 1342 3079 visitationum
1366 3045 1441 3078 otc.
1462 3037 1683 3077 debitarum
1707 3037 1876 3088 Colleyio
1898 3039 2018 3079 Card.

1072 3113 1145 3152 pro
1169 3105 1336 3153 tempore
1359 3101 1462 3140 vitae
1477 3099 1682 3138 Benedicti.
1707 3101 1845 3150 Iuprit
1865 3101 1978 3140 Anno
1997 3114 2018 3141 a

1076 3164 1281 3202 nativitato
1306 3168 1367 3201 etc
1391 3163 1452 3200 dic
1482 3163 1544 3200 zi.
1583 3161 1812 3200 Decembris
1835 3162 2018 3202 Avinioni

1076 3227 1112 3263 in
1139 3225 1281 3264 Palatio
1307 3225 1527 3274 Apostolico
1552 3228 1627 3262 etc.

1130 3287 1232 3326 XIII.
1263 3285 1403 3336 Incipit
1431 3285 1626 3324 revocatio
1669 3286 1853 3337 Greyorii
1886 3286 2018 3339 Papae

1079 3351 1119 3389 Χ.
1149 3348 1194 3387 cle
1230 3346 1516 3394 consuetudine,
1545 3345 1649 3398 quod
1693 3347 1805 3387 Sedis
1842 3346 2017 3388 Itibaldis

1652 3429 1720 3466 ¹67
