<?xml version="1.0" encoding="UTF-8"?>
<!DOCTYPE html PUBLIC "-//W3C//DTD XHTML 1.0 Transitional//EN"
    "http://www.w3.org/TR/xhtml1/DTD/xhtml1-transitional.dtd">
<html xmlns="http://www.w3.org/1999/xhtml" xml:lang="en" lang="en">
 <head>
  <title>
</title>
<meta http-equiv="Content-Type" content="text/html;charset=utf-8" />
  <meta name='ocr-system' content='tesseract 3.04.00' />
  <meta name='ocr-capabilities' content='ocr_page ocr_carea ocr_par ocr_line ocrx_word'/>
</head>
<body>
  <div class='ocr_page' id='page_1' title='image "./bibliothecalatin05fabruoft/bibliothecalatin05fabruoft_0048.png"; bbox 0 0 2533 4009; ppageno 0'>
   <div class='ocr_carea' id='block_1_1' title="bbox 466 264 1637 322">
    <p class='ocr_par' dir='ltr' id='par_1_1' title="bbox 466 264 1637 322">
     <span class='ocr_line' id='line_1_1' title="bbox 466 264 1637 322; baseline -0.012 -7"><span class='ocrx_word' id='word_1_1' title='bbox 466 276 519 322; x_wconf 60' lang='lat'>42</span> <span class='ocrx_word' id='word_1_2' title='bbox 1245 264 1637 306; x_wconf 79' lang='lat' dir='ltr'><strong>MARTINUS</strong></span> 
     </span>
    </p>
   </div>
   <div class='ocr_carea' id='block_1_2' title="bbox 467 337 1444 2809">
    <p class='ocr_par' dir='ltr' id='par_1_2' title="bbox 467 337 1437 2250">
     <span class='ocr_line' id='line_1_2' title="bbox 468 337 1415 388; baseline -0.011 -4"><span class='ocrx_word' id='word_1_3' title='bbox 468 346 692 384; x_wconf 68' lang='lat' dir='ltr'>invectivae.</span> <span class='ocrx_word' id='word_1_4' title='bbox 709 344 765 380; x_wconf 82' lang='lat' dir='ltr'>Jo.</span> <span class='ocrx_word' id='word_1_5' title='bbox 789 338 986 388; x_wconf 77' lang='lat' dir='ltr'>Hardingi,</span> <span class='ocrx_word' id='word_1_6' title='bbox 1011 337 1169 376; x_wconf 86' lang='lat' dir='ltr'>Florim.</span> <span class='ocrx_word' id='word_1_7' title='bbox 1192 337 1415 387; x_wconf 67' lang='lat' dir='ltr'>‚Ryamundi</span> 
     </span>
     <span class='ocr_line' id='line_1_3' title="bbox 468 399 1414 449; baseline -0.012 -1"><span class='ocrx_word' id='word_1_8' title='bbox 468 414 507 448; x_wconf 89' lang='lat' dir='ltr'>et</span> <span class='ocrx_word' id='word_1_9' title='bbox 549 407 711 446; x_wconf 88' lang='lat' dir='ltr'>Joannis</span> <span class='ocrx_word' id='word_1_10' title='bbox 753 401 973 446; x_wconf 84' lang='lat' dir='ltr'>Bernartii‚</span> <span class='ocrx_word' id='word_1_11' title='bbox 1015 400 1081 449; x_wconf 87' lang='lat' dir='ltr'>qui</span> <span class='ocrx_word' id='word_1_12' title='bbox 1127 399 1342 437; x_wconf 87' lang='lat' dir='ltr'>multorum</span> <span class='ocrx_word' id='word_1_13' title='bbox 1374 404 1414 437; x_wconf 88' lang='lat' dir='ltr'>et</span> 
     </span>
     <span class='ocr_line' id='line_1_4' title="bbox 467 461 1417 521; baseline -0.011 -13"><span class='ocrx_word' id='word_1_14' title='bbox 467 471 646 521; x_wconf 74' lang='lat' dir='ltr'>gravium</span> <span class='ocrx_word' id='word_1_15' title='bbox 685 475 861 504; x_wconf 88' lang='lat' dir='ltr'>errorum</span> <span class='ocrx_word' id='word_1_16' title='bbox 901 462 1077 513; x_wconf 86' lang='lat' dir='ltr'>postulat</span> <span class='ocrx_word' id='word_1_17' title='bbox 1108 461 1204 499; x_wconf 91' lang='lat' dir='ltr'>libro</span> <span class='ocrx_word' id='word_1_18' title='bbox 1234 461 1281 499; x_wconf 84' lang='lat' dir='ltr'>de</span> <span class='ocrx_word' id='word_1_19' title='bbox 1313 462 1417 500; x_wconf 90' lang='lat' dir='ltr'>utili-</span> 
     </span>
     <span class='ocr_line' id='line_1_5' title="bbox 468 525 1415 576; baseline -0.011 -5"><span class='ocrx_word' id='word_1_20' title='bbox 468 538 549 571; x_wconf 87' lang='lat' dir='ltr'>tate</span> <span class='ocrx_word' id='word_1_21' title='bbox 580 530 764 568; x_wconf 70' lang='lat' dir='ltr'>historiae</span> <span class='ocrx_word' id='word_1_22' title='bbox 785 537 870 576; x_wconf 77' lang='lat' dir='ltr'>pag.</span> <span class='ocrx_word' id='word_1_23' title='bbox 898 525 984 564; x_wconf 88' lang='grc'><strong>443.</strong></span> <span class='ocrx_word' id='word_1_24' title='bbox 1011 525 1096 562; x_wconf 86' lang='lat' dir='ltr'>aliis</span> <span class='ocrx_word' id='word_1_25' title='bbox 1121 525 1296 562; x_wconf 80' lang='lat' dir='ltr'>vicissim</span> <span class='ocrx_word' id='word_1_26' title='bbox 1323 535 1415 562; x_wconf 90' lang='lat' dir='ltr'>eum</span> 
     </span>
     <span class='ocr_line' id='line_1_6' title="bbox 470 586 1418 632; baseline -0.009 0"><span class='ocrx_word' id='word_1_27' title='bbox 470 601 631 632; x_wconf 88' lang='lat' dir='ltr'>strenue</span> <span class='ocrx_word' id='word_1_28' title='bbox 661 587 967 628; x_wconf 78' lang='lat' dir='ltr'>defendentibus</span> <span class='ocrx_word' id='word_1_29' title='bbox 997 592 1039 626; x_wconf 86' lang='lat' dir='ltr'>ut</span> <span class='ocrx_word' id='word_1_30' title='bbox 1071 588 1161 625; x_wconf 82' lang='lat' dir='ltr'>facit</span> <span class='ocrx_word' id='word_1_31' title='bbox 1192 586 1418 625; x_wconf 72' lang='lat' dir='ltr'>Alexander</span> 
     </span>
     <span class='ocr_line' id='line_1_7' title="bbox 468 640 1416 701; baseline -0.009 -6"><span class='ocrx_word' id='word_1_32' title='bbox 468 640 620 695; x_wconf 59' lang='lat' dir='ltr'>Coodke</span> <span class='ocrx_word' id='word_1_33' title='bbox 650 652 801 701; x_wconf 74' lang='lat' dir='ltr'>dialogo</span> <span class='ocrx_word' id='word_1_34' title='bbox 830 649 878 688; x_wconf 85' lang='lat' dir='ltr'>de</span> <span class='ocrx_word' id='word_1_35' title='bbox 909 650 1067 700; x_wconf 86' lang='lat' dir='ltr'>Papissa</span> <span class='ocrx_word' id='word_1_36' title='bbox 1104 651 1255 687; x_wconf 60' lang='lat' dir='ltr'>joanna</span> <span class='ocrx_word' id='word_1_37' title='bbox 1287 661 1325 699; x_wconf 90' lang='lat' dir='ltr'>p.</span> <span class='ocrx_word' id='word_1_38' title='bbox 1355 649 1416 686; x_wconf 89' lang='grc'>64.</span> 
     </span>
     <span class='ocr_line' id='line_1_8' title="bbox 472 710 1420 768; baseline -0.011 -11"><span class='ocrx_word' id='word_1_39' title='bbox 472 730 552 768; x_wconf 89' lang='lat' dir='ltr'>seq.</span> <span class='ocrx_word' id='word_1_40' title='bbox 584 718 699 755; x_wconf 89' lang='lat' dir='ltr'>Certe</span> <span class='ocrx_word' id='word_1_41' title='bbox 729 723 971 763; x_wconf 85' lang='lat' dir='ltr'>quamquam</span> <span class='ocrx_word' id='word_1_42' title='bbox 1003 713 1040 749; x_wconf 94' lang='lat' dir='ltr'>in</span> <span class='ocrx_word' id='word_1_43' title='bbox 1072 713 1224 750; x_wconf 82' lang='lat' dir='ltr'>Martini</span> <span class='ocrx_word' id='word_1_44' title='bbox 1270 710 1420 750; x_wconf 89' lang='lat' dir='ltr'>Codici-</span> 
     </span>
     <span class='ocr_line' id='line_1_9' title="bbox 467 772 1422 825; baseline -0.009 -7"><span class='ocrx_word' id='word_1_45' title='bbox 467 781 543 818; x_wconf 89' lang='lat' dir='ltr'>bus</span> <span class='ocrx_word' id='word_1_46' title='bbox 580 776 857 825; x_wconf 86' lang='lat' dir='ltr'>Manuscriptis</span> <span class='ocrx_word' id='word_1_47' title='bbox 901 775 1000 812; x_wconf 86' lang='lat' dir='ltr'>bene</span> <span class='ocrx_word' id='word_1_48' title='bbox 1032 774 1167 812; x_wconf 87' lang='lat' dir='ltr'>multis</span> <span class='ocrx_word' id='word_1_49' title='bbox 1197 772 1256 811; x_wconf 88' lang='lat' dir='ltr'>illa</span> <span class='ocrx_word' id='word_1_50' title='bbox 1288 783 1422 810; x_wconf 85' lang='lat' dir='ltr'>narra-</span> 
     </span>
     <span class='ocr_line' id='line_1_10' title="bbox 469 834 1422 891; baseline -0.012 -11"><span class='ocrx_word' id='word_1_51' title='bbox 469 844 522 880; x_wconf 86' lang='lat' dir='ltr'>tio</span> <span class='ocrx_word' id='word_1_52' title='bbox 552 841 720 891; x_wconf 70' lang='lat' dir='ltr'>legitur‚</span> <span class='ocrx_word' id='word_1_53' title='bbox 761 843 805 876; x_wconf 88' lang='lat' dir='ltr'>ut</span> <span class='ocrx_word' id='word_1_54' title='bbox 848 837 963 875; x_wconf 86' lang='lat' dir='ltr'>docet</span> <span class='ocrx_word' id='word_1_55' title='bbox 1006 835 1107 874; x_wconf 88' lang='lat' dir='ltr'>Frid.</span> <span class='ocrx_word' id='word_1_56' title='bbox 1155 834 1422 884; x_wconf 79' lang='lat' dir='ltr'>Spanhemius</span> 
     </span>
     <span class='ocr_line' id='line_1_11' title="bbox 471 894 1420 949; baseline -0.014 -6"><span class='ocrx_word' id='word_1_57' title='bbox 471 904 594 943; x_wconf 88' lang='lat' dir='ltr'>Filius</span> <span class='ocrx_word' id='word_1_58' title='bbox 634 906 729 940; x_wconf 87' lang='lat' dir='ltr'>tom.</span> <span class='ocrx_word' id='word_1_59' title='bbox 760 902 795 938; x_wconf 70' lang='lat'>⁶2.</span> <span class='ocrx_word' id='word_1_60' title='bbox 840 900 940 949; x_wconf 90' lang='lat' dir='ltr'>Opp.</span> <span class='ocrx_word' id='word_1_61' title='bbox 969 909 1055 948; x_wconf 70' lang='lat' dir='ltr'>pag.</span> <span class='ocrx_word' id='word_1_62' title='bbox 1086 898 1174 935; x_wconf 84' lang='grc'><strong>596.</strong></span> <span class='ocrx_word' id='word_1_63' title='bbox 1211 895 1299 933; x_wconf 84' lang='grc'><strong>597.</strong></span> <span class='ocrx_word' id='word_1_64' title='bbox 1331 894 1420 932; x_wconf 80' lang='grc'><strong>598.</strong></span> 
     </span>
     <span class='ocr_line' id='line_1_12' title="bbox 470 956 1426 1014; baseline -0.016 -9"><span class='ocrx_word' id='word_1_65' title='bbox 470 972 604 1005; x_wconf 86' lang='lat' dir='ltr'>tamen</span> <span class='ocrx_word' id='word_1_66' title='bbox 637 964 768 1014; x_wconf 76' lang='lat' dir='ltr'>negari</span> <span class='ocrx_word' id='word_1_67' title='bbox 800 973 875 999; x_wconf 91' lang='lat' dir='ltr'>non</span> <span class='ocrx_word' id='word_1_68' title='bbox 906 964 1038 1010; x_wconf 87' lang='lat' dir='ltr'>potest</span> <span class='ocrx_word' id='word_1_69' title='bbox 1062 960 1099 995; x_wconf 90' lang='lat' dir='ltr'>in</span> <span class='ocrx_word' id='word_1_70' title='bbox 1125 957 1210 995; x_wconf 87' lang='lat' dir='ltr'>aliis</span> <span class='ocrx_word' id='word_1_71' title='bbox 1234 956 1334 993; x_wconf 88' lang='lat' dir='ltr'>bene</span> <span class='ocrx_word' id='word_1_72' title='bbox 1357 965 1426 992; x_wconf 85' lang='lat' dir='ltr'>an·</span> 
     </span>
     <span class='ocr_line' id='line_1_13' title="bbox 471 1015 1426 1078; baseline -0.016 -11"><span class='ocrx_word' id='word_1_73' title='bbox 471 1029 592 1078; x_wconf 86' lang='lat' dir='ltr'>tiquis</span> <span class='ocrx_word' id='word_1_74' title='bbox 621 1032 659 1065; x_wconf 92' lang='lat' dir='ltr'>et</span> <span class='ocrx_word' id='word_1_75' title='bbox 697 1026 926 1073; x_wconf 83' lang='lat' dir='ltr'>neutiquam</span> <span class='ocrx_word' id='word_1_76' title='bbox 972 1017 1276 1059; x_wconf 71' lang='lat' dir='ltr'>contemnendis</span> <span class='ocrx_word' id='word_1_77' title='bbox 1323 1015 1426 1054; x_wconf 85' lang='lat' dir='ltr'>desi-</span> 
     </span>
     <span class='ocr_line' id='line_1_14' title="bbox 479 1078 1424 1134; baseline -0.016 -5"><span class='ocrx_word' id='word_1_78' title='bbox 479 1090 631 1134; x_wconf 81' lang='lat' dir='ltr'>derari,</span> <span class='ocrx_word' id='word_1_79' title='bbox 664 1092 705 1126; x_wconf 89' lang='lat' dir='ltr'>ut</span> <span class='ocrx_word' id='word_1_80' title='bbox 735 1098 753 1124; x_wconf 86' lang='lat' dir='ltr'>a</span> <span class='ocrx_word' id='word_1_81' title='bbox 787 1084 991 1122; x_wconf 86' lang='lat' dir='ltr'>Lambecio</span> <span class='ocrx_word' id='word_1_82' title='bbox 1027 1086 1119 1118; x_wconf 88' lang='lat' dir='ltr'>tom.</span> <span class='ocrx_word' id='word_1_83' title='bbox 1152 1081 1187 1118; x_wconf 71' lang='lat'>2.</span> <span class='ocrx_word' id='word_1_84' title='bbox 1218 1090 1303 1129; x_wconf 78' lang='lat' dir='ltr'>pag.</span> <span class='ocrx_word' id='word_1_85' title='bbox 1336 1078 1424 1115; x_wconf 88' lang='grc'><strong>869.</strong></span> 
     </span>
     <span class='ocr_line' id='line_1_15' title="bbox 474 1141 1424 1202; baseline -0.016 -11"><span class='ocrx_word' id='word_1_86' title='bbox 474 1158 515 1191; x_wconf 90' lang='lat' dir='ltr'>et</span> <span class='ocrx_word' id='word_1_87' title='bbox 545 1150 647 1202; x_wconf 84' lang='lat' dir='ltr'>apud</span> <span class='ocrx_word' id='word_1_88' title='bbox 679 1147 881 1187; x_wconf 88' lang='lat' dir='ltr'>Oudinum</span> <span class='ocrx_word' id='word_1_89' title='bbox 912 1150 1007 1181; x_wconf 89' lang='lat' dir='ltr'>tom.</span> <span class='ocrx_word' id='word_1_90' title='bbox 1039 1144 1076 1181; x_wconf 87' lang='lat'>3.</span> <span class='ocrx_word' id='word_1_91' title='bbox 1106 1153 1192 1192; x_wconf 79' lang='lat' dir='ltr'>pag.</span> <span class='ocrx_word' id='word_1_92' title='bbox 1222 1141 1310 1179; x_wconf 76' lang='lat'>535.</span> <span class='ocrx_word' id='word_1_93' title='bbox 1342 1150 1424 1188; x_wconf 83' lang='lat' dir='ltr'>seq.</span> 
     </span>
     <span class='ocr_line' id='line_1_16' title="bbox 474 1202 1426 1253; baseline -0.014 -2"><span class='ocrx_word' id='word_1_94' title='bbox 474 1219 514 1252; x_wconf 87' lang='lat' dir='ltr'>et</span> <span class='ocrx_word' id='word_1_95' title='bbox 555 1224 574 1250; x_wconf 85' lang='lat' dir='ltr'>a</span> <span class='ocrx_word' id='word_1_96' title='bbox 616 1208 758 1248; x_wconf 70' lang='lat' dir='ltr'>jacobo</span> <span class='ocrx_word' id='word_1_97' title='bbox 799 1205 982 1246; x_wconf 86' lang='lat' dir='ltr'>Echardo</span> <span class='ocrx_word' id='word_1_98' title='bbox 1027 1210 1122 1242; x_wconf 86' lang='lat' dir='ltr'>tom.</span> <span class='ocrx_word' id='word_1_99' title='bbox 1155 1205 1188 1242; x_wconf 91' lang='grc'>4.</span> <span class='ocrx_word' id='word_1_100' title='bbox 1220 1215 1304 1253; x_wconf 78' lang='lat' dir='ltr'>pag.</span> <span class='ocrx_word' id='word_1_101' title='bbox 1337 1202 1426 1239; x_wconf 78' lang='lat'>365.</span> 
     </span>
     <span class='ocr_line' id='line_1_17' title="bbox 474 1264 1429 1324; baseline -0.014 -11"><span class='ocrx_word' id='word_1_102' title='bbox 474 1286 555 1324; x_wconf 88' lang='lat' dir='ltr'>seq.</span> <span class='ocrx_word' id='word_1_103' title='bbox 601 1273 675 1311; x_wconf 86' lang='lat' dir='ltr'>fuit</span> <span class='ocrx_word' id='word_1_104' title='bbox 717 1270 1062 1308; x_wconf 86' lang='lat' dir='ltr'>demonstratum:</span> <span class='ocrx_word' id='word_1_105' title='bbox 1094 1277 1264 1317; x_wconf 88' lang='lat' dir='ltr'>quorum</span> <span class='ocrx_word' id='word_1_106' title='bbox 1296 1264 1429 1302; x_wconf 89' lang='lat' dir='ltr'>obser—</span> 
     </span>
     <span class='ocr_line' id='line_1_18' title="bbox 475 1327 1429 1380; baseline -0.012 -6"><span class='ocrx_word' id='word_1_107' title='bbox 475 1338 580 1375; x_wconf 86' lang='lat' dir='ltr'>vatis</span> <span class='ocrx_word' id='word_1_108' title='bbox 609 1335 702 1373; x_wconf 87' lang='lat' dir='ltr'>licet</span> <span class='ocrx_word' id='word_1_109' title='bbox 730 1332 900 1379; x_wconf 82' lang='lat' dir='ltr'>addere,</span> <span class='ocrx_word' id='word_1_110' title='bbox 932 1329 1037 1380; x_wconf 87' lang='lat' dir='ltr'>quod</span> <span class='ocrx_word' id='word_1_111' title='bbox 1070 1330 1107 1367; x_wconf 92' lang='lat' dir='ltr'>in</span> <span class='ocrx_word' id='word_1_112' title='bbox 1138 1329 1235 1367; x_wconf 89' lang='lat' dir='ltr'>Bibl.</span> <span class='ocrx_word' id='word_1_113' title='bbox 1269 1327 1429 1366; x_wconf 88' lang='lat' dir='ltr'>Paulina</span> 
     </span>
     <span class='ocr_line' id='line_1_19' title="bbox 475 1388 1431 1450; baseline -0.014 -13"><span class='ocrx_word' id='word_1_114' title='bbox 475 1397 671 1450; x_wconf 86' lang='lat' dir='ltr'>Lipsiensi</span> <span class='ocrx_word' id='word_1_115' title='bbox 688 1398 721 1443; x_wconf 86' lang='lat' dir='ltr'>a)</span> <span class='ocrx_word' id='word_1_116' title='bbox 738 1396 811 1433; x_wconf 89' lang='lat' dir='ltr'>tria</span> <span class='ocrx_word' id='word_1_117' title='bbox 829 1398 992 1432; x_wconf 77' lang='lat' dir='ltr'>exstant</span> <span class='ocrx_word' id='word_1_118' title='bbox 1009 1392 1190 1431; x_wconf 88' lang='lat' dir='ltr'>Chronici</span> <span class='ocrx_word' id='word_1_119' title='bbox 1209 1388 1431 1429; x_wconf 86' lang='lat' dir='ltr'>Martiniani</span> 
     </span>
     <span class='ocr_line' id='line_1_20' title="bbox 480 1452 1430 1510; baseline -0.012 -10"><span class='ocrx_word' id='word_1_120' title='bbox 480 1459 757 1510; x_wconf 76' lang='lat' dir='ltr'>exemplaria,</span> <span class='ocrx_word' id='word_1_121' title='bbox 807 1467 929 1496; x_wconf 90' lang='lat' dir='ltr'>unum</span> <span class='ocrx_word' id='word_1_122' title='bbox 975 1454 1353 1499; x_wconf 81' lang='lat' dir='ltr'>membranaceum7</span> <span class='ocrx_word' id='word_1_123' title='bbox 1393 1452 1430 1488; x_wconf 90' lang='lat' dir='ltr'>in</span> 
     </span>
     <span class='ocr_line' id='line_1_21' title="bbox 482 1515 1434 1574; baseline -0.013 -11"><span class='ocrx_word' id='word_1_124' title='bbox 482 1535 560 1574; x_wconf 87' lang='lat' dir='ltr'>quo</span> <span class='ocrx_word' id='word_1_125' title='bbox 589 1523 637 1561; x_wconf 86' lang='lat' dir='ltr'>de</span> <span class='ocrx_word' id='word_1_126' title='bbox 681 1524 833 1559; x_wconf 87' lang='lat' dir='ltr'>Joanna</span> <span class='ocrx_word' id='word_1_127' title='bbox 862 1530 911 1557; x_wconf 87' lang='lat' dir='ltr'>ne</span> <span class='ocrx_word' id='word_1_128' title='bbox 939 1516 1037 1566; x_wconf 83' lang='grc' dir='ltr'><strong>γρυ’;</strong></span> <span class='ocrx_word' id='word_1_129' title='bbox 1068 1517 1241 1556; x_wconf 86' lang='lat' dir='ltr'>alterum</span> <span class='ocrx_word' id='word_1_130' title='bbox 1280 1515 1434 1553; x_wconf 87' lang='lat' dir='ltr'>charta-</span> 
     </span>
     <span class='ocr_line' id='line_1_22' title="bbox 484 1577 1437 1634; baseline -0.014 -8"><span class='ocrx_word' id='word_1_131' title='bbox 484 1597 600 1626; x_wconf 90' lang='lat' dir='ltr'>ceum</span> <span class='ocrx_word' id='word_1_132' title='bbox 631 1583 734 1634; x_wconf 82' lang='lat' dir='ltr'>quod</span> <span class='ocrx_word' id='word_1_133' title='bbox 765 1583 827 1621; x_wconf 85' lang='lat' dir='ltr'>liis</span> <span class='ocrx_word' id='word_1_134' title='bbox 865 1586 1022 1620; x_wconf 89' lang='lat' dir='ltr'>tantum</span> <span class='ocrx_word' id='word_1_135' title='bbox 1064 1580 1198 1618; x_wconf 89' lang='lat' dir='ltr'>verbis</span> <span class='ocrx_word' id='word_1_136' title='bbox 1227 1578 1316 1629; x_wconf 83' lang='lat' dir='ltr'>ejus</span> <span class='ocrx_word' id='word_1_137' title='bbox 1347 1577 1437 1615; x_wconf 85' lang='lat' dir='ltr'>facit</span> 
     </span>
     <span class='ocr_line' id='line_1_23' title="bbox 476 1639 1434 1692; baseline -0.013 -5"><span class='ocrx_word' id='word_1_138' title='bbox 476 1649 744 1687; x_wconf 70' lang='lat' dir='ltr'>mentionem:</span> <span class='ocrx_word' id='word_1_139' title='bbox 776 1643 877 1684; x_wconf 82' lang='lat' dir='ltr'>Huic</span> <span class='ocrx_word' id='word_1_140' title='bbox 919 1643 1066 1692; x_wconf 91' lang='lat' dir='ltr'>(Leoni)</span> <span class='ocrx_word' id='word_1_141' title='bbox 1095 1640 1286 1681; x_wconf 75' lang='lat' dir='ltr'>successit</span> <span class='ocrx_word' id='word_1_142' title='bbox 1312 1639 1434 1679; x_wconf 79' lang='lat' dir='ltr'>Joan-</span> 
     </span>
     <span class='ocr_line' id='line_1_24' title="bbox 481 1702 1437 1758; baseline -0.013 -8"><span class='ocrx_word' id='word_1_143' title='bbox 481 1723 549 1750; x_wconf 71' lang='lat' dir='ltr'>nes</span> <span class='ocrx_word' id='word_1_144' title='bbox 577 1708 719 1748; x_wconf 79' lang='lat' dir='ltr'>mulier</span> <span class='ocrx_word' id='word_1_145' title='bbox 741 1709 851 1758; x_wconf 80' lang='lat' dir='ltr'>Papa</span> <span class='ocrx_word' id='word_1_146' title='bbox 872 1719 882 1744; x_wconf 90' lang='lat'>.·</span> <span class='ocrx_word' id='word_1_147' title='bbox 903 1705 950 1744; x_wconf 82' lang='lat' dir='ltr'>de</span> <span class='ocrx_word' id='word_1_148' title='bbox 974 1705 1042 1743; x_wconf 74' lang='lat' dir='ltr'>hoc</span> <span class='ocrx_word' id='word_1_149' title='bbox 1068 1705 1107 1745; x_wconf 76' lang='lat' dir='ltr'>in</span> <span class='ocrx_word' id='word_1_150' title='bbox 1137 1702 1334 1743; x_wconf 76' lang='lat' dir='ltr'>Chronica</span> <span class='ocrx_word' id='word_1_151' title='bbox 1361 1703 1437 1739; x_wconf 81' lang='lat' dir='ltr'>Ra-</span> 
     </span>
     <span class='ocr_line' id='line_1_25' title="bbox 480 1764 1428 1825; baseline -0.013 -12"><span class='ocrx_word' id='word_1_152' title='bbox 480 1771 700 1825; x_wconf 74' lang='lat' dir='ltr'>tisponensi.</span> <span class='ocrx_word' id='word_1_153' title='bbox 732 1772 775 1808; x_wconf 93' lang='lat' dir='ltr'>ln</span> <span class='ocrx_word' id='word_1_154' title='bbox 805 1770 921 1807; x_wconf 88' lang='lat' dir='ltr'>tertio</span> <span class='ocrx_word' id='word_1_155' title='bbox 951 1768 1135 1817; x_wconf 87' lang='lat' dir='ltr'>denique,</span> <span class='ocrx_word' id='word_1_156' title='bbox 1155 1766 1288 1804; x_wconf 88' lang='lat' dir='ltr'>itidem</span> <span class='ocrx_word' id='word_1_157' title='bbox 1321 1764 1428 1802; x_wconf 83' lang='lat' dir='ltr'>char-</span> 
     </span>
     <span class='ocr_line' id='line_1_26' title="bbox 478 1824 1432 1881; baseline -0.014 -6"><span class='ocrx_word' id='word_1_158' title='bbox 478 1843 589 1875; x_wconf 85' lang='lat' dir='ltr'>taceo</span> <span class='ocrx_word' id='word_1_159' title='bbox 619 1840 700 1872; x_wconf 89' lang='lat' dir='ltr'>tota</span> <span class='ocrx_word' id='word_1_160' title='bbox 731 1833 902 1871; x_wconf 86' lang='lat' dir='ltr'>narratio</span> <span class='ocrx_word' id='word_1_161' title='bbox 936 1829 1099 1881; x_wconf 79' lang='lat' dir='ltr'>perinde</span> <span class='ocrx_word' id='word_1_162' title='bbox 1131 1833 1174 1867; x_wconf 89' lang='lat' dir='ltr'>ut</span> <span class='ocrx_word' id='word_1_163' title='bbox 1204 1840 1241 1866; x_wconf 88' lang='lat' dir='ltr'>in</span> <span class='ocrx_word' id='word_1_164' title='bbox 1273 1824 1432 1866; x_wconf 82' lang='lat' dir='ltr'>Suffridi</span> 
     </span>
     <span class='ocr_line' id='line_1_27' title="bbox 477 1889 1436 1944; baseline -0.014 -6"><span class='ocrx_word' id='word_1_165' title='bbox 477 1899 582 1938; x_wconf 88' lang='lat' dir='ltr'>Petri</span> <span class='ocrx_word' id='word_1_166' title='bbox 614 1896 785 1936; x_wconf 81' lang='lat' dir='ltr'>editione</span> <span class='ocrx_word' id='word_1_167' title='bbox 815 1895 969 1944; x_wconf 79' lang='lat' dir='ltr'>legitur.</span> <span class='ocrx_word' id='word_1_168' title='bbox 1002 1891 1079 1931; x_wconf 86' lang='lat' dir='ltr'>Sed</span> <span class='ocrx_word' id='word_1_169' title='bbox 1104 1902 1198 1929; x_wconf 91' lang='lat' dir='ltr'>vero</span> <span class='ocrx_word' id='word_1_170' title='bbox 1223 1889 1436 1929; x_wconf 85' lang='lat' dir='ltr'>admitten-</span> 
     </span>
     <span class='ocr_line' id='line_1_28' title="bbox 482 1953 1431 2007; baseline -0.012 -7"><span class='ocrx_word' id='word_1_171' title='bbox 482 1963 576 2001; x_wconf 92' lang='lat' dir='ltr'>dum</span> <span class='ocrx_word' id='word_1_172' title='bbox 609 1965 650 1998; x_wconf 84' lang='lat' dir='ltr'>et</span> <span class='ocrx_word' id='word_1_173' title='bbox 680 1958 804 2006; x_wconf 80' lang='lat' dir='ltr'>illud,</span> <span class='ocrx_word' id='word_1_174' title='bbox 835 1956 938 2007; x_wconf 90' lang='lat' dir='ltr'>quod</span> <span class='ocrx_word' id='word_1_175' title='bbox 966 1955 1049 2006; x_wconf 86' lang='lat' dir='ltr'>jam</span> <span class='ocrx_word' id='word_1_176' title='bbox 1085 1959 1177 1992; x_wconf 86' lang='lat' dir='ltr'>ante</span> <span class='ocrx_word' id='word_1_177' title='bbox 1219 1953 1431 1992; x_wconf 79' lang='lat' dir='ltr'>Mai-tinum</span> 
     </span>
     <span class='ocr_line' id='line_1_29' title="bbox 481 2014 1434 2065; baseline -0.013 -2"><span class='ocrx_word' id='word_1_178' title='bbox 481 2024 648 2064; x_wconf 87' lang='lat' dir='ltr'>eandem</span> <span class='ocrx_word' id='word_1_179' title='bbox 679 2033 763 2059; x_wconf 89' lang='lat' dir='ltr'>rem</span> <span class='ocrx_word' id='word_1_180' title='bbox 792 2020 1043 2065; x_wconf 76' lang='lat' dir='ltr'>Anastasius,</span> <span class='ocrx_word' id='word_1_181' title='bbox 1065 2017 1285 2055; x_wconf 88' lang='lat' dir='ltr'>Gervasius</span> <span class='ocrx_word' id='word_1_182' title='bbox 1306 2014 1434 2052; x_wconf 89' lang='lat' dir='ltr'>Tilbe-</span> 
     </span>
     <span class='ocr_line' id='line_1_30' title="bbox 482 2077 1434 2133; baseline -0.014 -8"><span class='ocrx_word' id='word_1_183' title='bbox 482 2088 650 2133; x_wconf 68' lang='lat' dir='ltr'>nensis,</span> <span class='ocrx_word' id='word_1_184' title='bbox 681 2082 908 2133; x_wconf 77' lang='lat' dir='ltr'>Stephanus</span> <span class='ocrx_word' id='word_1_185' title='bbox 936 2080 985 2119; x_wconf 91' lang='lat' dir='ltr'>de</span> <span class='ocrx_word' id='word_1_186' title='bbox 1014 2080 1190 2118; x_wconf 88' lang='lat' dir='ltr'>Borbone</span> <span class='ocrx_word' id='word_1_187' title='bbox 1215 2082 1255 2116; x_wconf 89' lang='lat' dir='ltr'>et</span> <span class='ocrx_word' id='word_1_188' title='bbox 1272 2077 1334 2116; x_wconf 90' lang='lat' dir='ltr'>alii</span> <span class='ocrx_word' id='word_1_189' title='bbox 1354 2081 1434 2113; x_wconf 89' lang='lat' dir='ltr'>tra-</span> 
     </span>
     <span class='ocr_line' id='line_1_31' title="bbox 484 2142 1436 2193; baseline -0.012 -6"><span class='ocrx_word' id='word_1_190' title='bbox 484 2148 645 2187; x_wconf 88' lang='lat' dir='ltr'>didere:</span> <span class='ocrx_word' id='word_1_191' title='bbox 678 2148 777 2185; x_wconf 87' lang='lat' dir='ltr'>sicut</span> <span class='ocrx_word' id='word_1_192' title='bbox 809 2146 896 2183; x_wconf 88' lang='lat' dir='ltr'>eius</span> <span class='ocrx_word' id='word_1_193' title='bbox 938 2142 1124 2193; x_wconf 86' lang='lat' dir='ltr'>aequales</span> <span class='ocrx_word' id='word_1_194' title='bbox 1154 2143 1248 2179; x_wconf 88' lang='lat' dir='ltr'>item</span> <span class='ocrx_word' id='word_1_195' title='bbox 1278 2146 1319 2178; x_wconf 88' lang='lat' dir='ltr'>et</span> <span class='ocrx_word' id='word_1_196' title='bbox 1347 2142 1436 2189; x_wconf 86' lang='lat' dir='ltr'>post</span> 
     </span>
     <span class='ocr_line' id='line_1_32' title="bbox 487 2204 1193 2250; baseline -0.013 0"><span class='ocrx_word' id='word_1_197' title='bbox 487 2212 699 2250; x_wconf 80' lang='lat' dir='ltr'>Mar-tinum</span> <span class='ocrx_word' id='word_1_198' title='bbox 731 2208 793 2246; x_wconf 87' lang='lat' dir='ltr'>alii</span> <span class='ocrx_word' id='word_1_199' title='bbox 826 2204 1193 2245; x_wconf 81' lang='lat' dir='ltr'>innummerabiles.</span> 
     </span>
    </p>

    <p class='ocr_par' dir='ltr' id='par_1_3' title="bbox 483 2264 1443 2755">
     <span class='ocr_line' id='line_1_33' title="bbox 539 2264 1435 2316; baseline -0.012 -4"><span class='ocrx_word' id='word_1_200' title='bbox 539 2272 700 2312; x_wconf 86' lang='lat' dir='ltr'>Laudati</span> <span class='ocrx_word' id='word_1_201' title='bbox 731 2269 898 2310; x_wconf 85' lang='lat' dir='ltr'>Echardi</span> <span class='ocrx_word' id='word_1_202' title='bbox 942 2268 1018 2307; x_wconf 81' lang='lat' dir='ltr'>fide</span> <span class='ocrx_word' id='word_1_203' title='bbox 1048 2271 1185 2306; x_wconf 87' lang='lat' dir='ltr'>notare</span> <span class='ocrx_word' id='word_1_204' title='bbox 1219 2265 1361 2316; x_wconf 86' lang='lat' dir='ltr'>juvat,</span> <span class='ocrx_word' id='word_1_205' title='bbox 1391 2264 1435 2302; x_wconf 85' lang='lat' dir='ltr'>A.</span> 
     </span>
     <span class='ocr_line' id='line_1_34' title="bbox 483 2328 1436 2384; baseline -0.013 -9"><span class='ocrx_word' id='word_1_206' title='bbox 483 2335 598 2376; x_wconf 86' lang='grc'><strong>4477.</strong></span> <span class='ocrx_word' id='word_1_207' title='bbox 624 2336 657 2372; x_wconf 91' lang='grc'>4.</span> <span class='ocrx_word' id='word_1_208' title='bbox 679 2334 786 2384; x_wconf 78' lang='lat' dir='ltr'>typis</span> <span class='ocrx_word' id='word_1_209' title='bbox 802 2331 1113 2370; x_wconf 89' lang='lat' dir='ltr'>Taurinensibus</span> <span class='ocrx_word' id='word_1_210' title='bbox 1129 2328 1320 2379; x_wconf 79' lang='lat' dir='ltr'>prodiisse</span> <span class='ocrx_word' id='word_1_211' title='bbox 1337 2328 1436 2365; x_wconf 83' lang='lat' dir='ltr'>Mar-</span> 
     </span>
     <span class='ocr_line' id='line_1_35' title="bbox 486 2388 1442 2437; baseline -0.012 0"><span class='ocrx_word' id='word_1_212' title='bbox 486 2399 557 2437; x_wconf 87' lang='lat' dir='ltr'>tini</span> <span class='ocrx_word' id='word_1_213' title='bbox 591 2397 721 2436; x_wconf 86' lang='lat' dir='ltr'>Poloni</span> <span class='ocrx_word' id='word_1_214' title='bbox 751 2394 973 2433; x_wconf 89' lang='lat' dir='ltr'>Chronicon</span> <span class='ocrx_word' id='word_1_215' title='bbox 1006 2402 1254 2430; x_wconf 86' lang='lat' dir='ltr'>summorum</span> <span class='ocrx_word' id='word_1_216' title='bbox 1285 2388 1442 2428; x_wconf 79' lang='lat' dir='ltr'>Pontifi-</span> 
     </span>
     <span class='ocr_line' id='line_1_36' title="bbox 487 2455 1442 2507; baseline -0.01 -7"><span class='ocrx_word' id='word_1_217' title='bbox 487 2472 579 2500; x_wconf 89' lang='lat' dir='ltr'>cum</span> <span class='ocrx_word' id='word_1_218' title='bbox 609 2464 649 2497; x_wconf 90' lang='lat' dir='ltr'>et</span> <span class='ocrx_word' id='word_1_219' title='bbox 679 2459 963 2507; x_wconf 81' lang='lat' dir='ltr'>Imperatorum</span> <span class='ocrx_word' id='word_1_220' title='bbox 995 2466 1039 2493; x_wconf 89' lang='lat' dir='ltr'>ac</span> <span class='ocrx_word' id='word_1_221' title='bbox 1068 2455 1116 2492; x_wconf 90' lang='lat' dir='ltr'>de</span> <span class='ocrx_word' id='word_1_222' title='bbox 1148 2457 1300 2503; x_wconf 80' lang='lat' dir='ltr'>septem</span> <span class='ocrx_word' id='word_1_223' title='bbox 1337 2456 1442 2490; x_wconf 88' lang='lat' dir='ltr'>aeta-</span> 
     </span>
     <span class='ocr_line' id='line_1_37' title="bbox 486 2515 1442 2565; baseline -0.012 -4"><span class='ocrx_word' id='word_1_224' title='bbox 486 2523 593 2561; x_wconf 82' lang='lat' dir='ltr'>tibus</span> <span class='ocrx_word' id='word_1_225' title='bbox 622 2520 767 2560; x_wconf 90' lang='lat' dir='ltr'>Mundi.</span> <span class='ocrx_word' id='word_1_226' title='bbox 812 2519 863 2557; x_wconf 81' lang='lat' dir='ltr'>At</span> <span class='ocrx_word' id='word_1_227' title='bbox 891 2516 1064 2557; x_wconf 80' lang='lat' dir='ltr'>Martini</span> <span class='ocrx_word' id='word_1_228' title='bbox 1088 2515 1216 2554; x_wconf 70' lang='lat' dir='ltr'>nostri·</span> <span class='ocrx_word' id='word_1_229' title='bbox 1241 2525 1337 2565; x_wconf 83' lang='lat' dir='ltr'>opus</span> <span class='ocrx_word' id='word_1_230' title='bbox 1366 2525 1442 2550; x_wconf 72' lang='lat' dir='ltr'>non</span> 
     </span>
     <span class='ocr_line' id='line_1_38' title="bbox 488 2575 1442 2632; baseline -0.009 -9"><span class='ocrx_word' id='word_1_231' title='bbox 488 2588 571 2632; x_wconf 75' lang='lat' dir='ltr'>est,</span> <span class='ocrx_word' id='word_1_232' title='bbox 615 2581 684 2622; x_wconf 83' lang='lat' dir='ltr'>sed</span> <span class='ocrx_word' id='word_1_233' title='bbox 725 2579 934 2631; x_wconf 75' lang='lat' dir='ltr'>scriptoris</span> <span class='ocrx_word' id='word_1_234' title='bbox 976 2577 1233 2623; x_wconf 75' lang='lat' dir='ltr'>recentioris,</span> <span class='ocrx_word' id='word_1_235' title='bbox 1275 2575 1442 2614; x_wconf 74' lang='lat' dir='ltr'>alterius</span> 
     </span>
     <span class='ocr_line' id='line_1_39' title="bbox 489 2638 1443 2696; baseline -0.007 -13"><span class='ocrx_word' id='word_1_236' title='bbox 489 2646 641 2684; x_wconf 77' lang='lat' dir='ltr'>oninino</span> <span class='ocrx_word' id='word_1_237' title='bbox 670 2642 786 2696; x_wconf 75' lang='lat' dir='ltr'>styli,</span> <span class='ocrx_word' id='word_1_238' title='bbox 813 2646 850 2681; x_wconf 80' lang='lat' dir='ltr'>et</span> <span class='ocrx_word' id='word_1_239' title='bbox 878 2641 1028 2692; x_wconf 71' lang='lat' dir='ltr'>lonqius</span> <span class='ocrx_word' id='word_1_240' title='bbox 1053 2638 1301 2692; x_wconf 78' lang='lat' dir='ltr'>productum.</span> <span class='ocrx_word' id='word_1_241' title='bbox 1340 2639 1443 2677; x_wconf 88' lang='lat' dir='ltr'>Haec</span> 
     </span>
     <span class='ocr_line' id='line_1_40' title="bbox 490 2705 1128 2755; baseline -0.013 -6"><span class='ocrx_word' id='word_1_242' title='bbox 490 2709 699 2749; x_wconf 81' lang='lat' dir='ltr'>Echardus</span> <span class='ocrx_word' id='word_1_243' title='bbox 729 2713 824 2745; x_wconf 88' lang='lat' dir='ltr'>tom.</span> <span class='ocrx_word' id='word_1_244' title='bbox 857 2709 890 2745; x_wconf 94' lang='grc'>4.</span> <span class='ocrx_word' id='word_1_245' title='bbox 923 2718 1006 2755; x_wconf 71' lang='lat' dir='ltr'>pag.</span> <span class='ocrx_word' id='word_1_246' title='bbox 1039 2705 1128 2743; x_wconf 87' lang='grc'><strong>369.</strong></span> 
     </span>
    </p>

    <p class='ocr_par' dir='ltr' id='par_1_4' title="bbox 547 2763 1444 2809">
     <span class='ocr_line' id='line_1_41' title="bbox 547 2763 1444 2809; baseline -0.009 0"><span class='ocrx_word' id='word_1_247' title='bbox 547 2773 631 2809; x_wconf 87' lang='lat' dir='ltr'>Fuit</span> <span class='ocrx_word' id='word_1_248' title='bbox 660 2775 700 2808; x_wconf 88' lang='lat' dir='ltr'>et</span> <span class='ocrx_word' id='word_1_249' title='bbox 729 2770 829 2808; x_wconf 89' lang='lat' dir='ltr'>alius</span> <span class='ocrx_word' id='word_1_250' title='bbox 871 2767 1069 2807; x_wconf 80' lang='lat' dir='ltr'>Martinus</span> <span class='ocrx_word' id='word_1_251' title='bbox 1108 2765 1279 2804; x_wconf 79' lang='lat' dir='ltr'>Polonus</span> <span class='ocrx_word' id='word_1_252' title='bbox 1309 2763 1444 2802; x_wconf 87' lang='lat' dir='ltr'>itidem</span> 
     </span>
    </p>
   </div>
   <div class='ocr_carea' id='block_1_3' title="bbox 493 2826 1482 2876">
    <p class='ocr_par' dir='ltr' id='par_1_5' title="bbox 493 2826 1482 2876">
     <span class='ocr_line' id='line_1_42' title="bbox 493 2826 1482 2876; baseline -0.009 -5"><span class='ocrx_word' id='word_1_253' title='bbox 493 2847 539 2872; x_wconf 80' lang='lat' dir='ltr'>ex</span> <span class='ocrx_word' id='word_1_254' title='bbox 561 2832 703 2871; x_wconf 84' lang='lat' dir='ltr'>celebri</span> <span class='ocrx_word' id='word_1_255' title='bbox 722 2831 1036 2869; x_wconf 85' lang='lat' dir='ltr'>Praedicatorum</span> <span class='ocrx_word' id='word_1_256' title='bbox 1055 2828 1214 2875; x_wconf 72' lang='lat' dir='ltr'>Ordine,</span> <span class='ocrx_word' id='word_1_257' title='bbox 1238 2827 1308 2865; x_wconf 86' lang='lat' dir='ltr'>sed</span> <span class='ocrx_word' id='word_1_258' title='bbox 1334 2826 1447 2876; x_wconf 80' lang='lat' dir='ltr'>longe</span> <span class='ocrx_word' id='word_1_259' title='bbox 1475 2837 1482 2841; x_wconf 84' lang='grc'><strong><em>·</em></strong></span> 
     </span>
    </p>
   </div>
   <div class='ocr_carea' id='block_1_4' title="bbox 491 2888 1451 3305">
    <p class='ocr_par' dir='ltr' id='par_1_6' title="bbox 491 2888 1451 3305">
     <span class='ocr_line' id='line_1_43' title="bbox 491 2888 1449 2948; baseline -0.011 -13"><span class='ocrx_word' id='word_1_260' title='bbox 491 2897 649 2948; x_wconf 87' lang='lat' dir='ltr'>junior,</span> <span class='ocrx_word' id='word_1_261' title='bbox 674 2899 793 2943; x_wconf 88' lang='lat' dir='ltr'>atque</span> <span class='ocrx_word' id='word_1_262' title='bbox 825 2894 925 2929; x_wconf 89' lang='lat' dir='ltr'>inter</span> <span class='ocrx_word' id='word_1_263' title='bbox 966 2889 1123 2929; x_wconf 87' lang='lat' dir='ltr'>Lutheri</span> <span class='ocrx_word' id='word_1_264' title='bbox 1155 2889 1277 2926; x_wconf 87' lang='lat' dir='ltr'>nostri</span> <span class='ocrx_word' id='word_1_265' title='bbox 1308 2888 1449 2926; x_wconf 87' lang='lat' dir='ltr'>adver-</span> 
     </span>
     <span class='ocr_line' id='line_1_44' title="bbox 495 2950 1446 2999; baseline -0.013 -1"><span class='ocrx_word' id='word_1_266' title='bbox 495 2961 620 2998; x_wconf 87' lang='lat' dir='ltr'>sarios</span> <span class='ocrx_word' id='word_1_267' title='bbox 661 2959 763 2995; x_wconf 87' lang='lat' dir='ltr'>circa</span> <span class='ocrx_word' id='word_1_268' title='bbox 810 2955 923 2994; x_wconf 87' lang='lat' dir='ltr'>Anno</span> <span class='ocrx_word' id='word_1_269' title='bbox 971 2951 1088 2991; x_wconf 73' lang='grc'><strong>4534.</strong></span> <span class='ocrx_word' id='word_1_270' title='bbox 1132 2951 1179 2989; x_wconf 88' lang='lat' dir='ltr'>de</span> <span class='ocrx_word' id='word_1_271' title='bbox 1221 2961 1298 2999; x_wconf 90' lang='lat' dir='ltr'>quo</span> <span class='ocrx_word' id='word_1_272' title='bbox 1344 2950 1446 2987; x_wconf 84' lang='lat' dir='ltr'>idern</span> 
     </span>
     <span class='ocr_line' id='line_1_45' title="bbox 491 3014 1103 3065; baseline -0.016 -4"><span class='ocrx_word' id='word_1_273' title='bbox 491 3019 700 3061; x_wconf 78' lang='lat' dir='ltr'>Ecliardus</span> <span class='ocrx_word' id='word_1_274' title='bbox 730 3022 823 3055; x_wconf 86' lang='lat' dir='ltr'>torn.</span> <span class='ocrx_word' id='word_1_275' title='bbox 854 3017 890 3054; x_wconf 66' lang='grc' dir='ltr'><strong>Ξ.</strong></span> <span class='ocrx_word' id='word_1_276' title='bbox 921 3026 1006 3065; x_wconf 75' lang='lat' dir='ltr'>pag.</span> <span class='ocrx_word' id='word_1_277' title='bbox 1040 3014 1103 3051; x_wconf 89' lang='lat'>88.</span> 
     </span>
     <span class='ocr_line' id='line_1_46' title="bbox 551 3075 1393 3128; baseline -0.012 -7"><span class='ocrx_word' id='word_1_278' title='bbox 551 3083 717 3121; x_wconf 77' lang='lat' dir='ltr'>Caetera</span> <span class='ocrx_word' id='word_1_279' title='bbox 747 3079 899 3118; x_wconf 85' lang='lat' dir='ltr'>Martini</span> <span class='ocrx_word' id='word_1_280' title='bbox 930 3077 1069 3128; x_wconf 88' lang='lat' dir='ltr'>prioris</span> <span class='ocrx_word' id='word_1_281' title='bbox 1099 3075 1244 3125; x_wconf 86' lang='lat' dir='ltr'>scripta</span> <span class='ocrx_word' id='word_1_282' title='bbox 1275 3078 1393 3112; x_wconf 87' lang='lat' dir='ltr'>sunt:</span> 
     </span>
     <span class='ocr_line' id='line_1_47' title="bbox 555 3135 1449 3193; baseline -0.008 -14"><span class='ocrx_word' id='word_1_283' title='bbox 555 3146 718 3182; x_wconf 80' lang='lat' dir='ltr'>Summa</span> <span class='ocrx_word' id='word_1_284' title='bbox 728 3141 839 3193; x_wconf 40' lang='lat' dir='ltr'>,Juris</span> <span class='ocrx_word' id='word_1_285' title='bbox 859 3139 1046 3180; x_wconf 75' lang='lat' dir='ltr'>Canonici</span> <span class='ocrx_word' id='word_1_286' title='bbox 1061 3169 1068 3187; x_wconf 73' lang='grc'>,</span> <span class='ocrx_word' id='word_1_287' title='bbox 1087 3148 1188 3188; x_wconf 74' lang='lat' dir='ltr'>quae.</span> <span class='ocrx_word' id='word_1_288' title='bbox 1205 3135 1449 3175; x_wconf 77' lang='lat' dir='ltr'>Marti‘niana</span> 
     </span>
     <span class='ocr_line' id='line_1_48' title="bbox 498 3199 1451 3253; baseline -0.008 -12"><span class='ocrx_word' id='word_1_289' title='bbox 498 3211 685 3252; x_wconf 69' lang='lat' dir='ltr'>vocatur,</span> <span class='ocrx_word' id='word_1_290' title='bbox 715 3209 755 3241; x_wconf 84' lang='lat' dir='ltr'>et</span> <span class='ocrx_word' id='word_1_291' title='bbox 784 3202 1008 3253; x_wconf 70' lang='lat' dir='ltr'>Maryarz&#39;ta</span> <span class='ocrx_word' id='word_1_292' title='bbox 1039 3199 1217 3246; x_wconf 79' lang='lat' dir='ltr'>Decreli,</span> <span class='ocrx_word' id='word_1_293' title='bbox 1243 3201 1327 3237; x_wconf 86' lang='lat' dir='ltr'>sive</span> <span class='ocrx_word' id='word_1_294' title='bbox 1351 3199 1451 3236; x_wconf 88' lang='lat' dir='ltr'>Con-</span> 
     </span>
     <span class='ocr_line' id='line_1_49' title="bbox 498 3263 1451 3305; baseline -0.009 0"><span class='ocrx_word' id='word_1_295' title='bbox 498 3266 721 3305; x_wconf 84' lang='lat' dir='ltr'>cordantiae</span> <span class='ocrx_word' id='word_1_296' title='bbox 750 3270 790 3302; x_wconf 88' lang='lat' dir='ltr'>et</span> <span class='ocrx_word' id='word_1_297' title='bbox 815 3265 944 3303; x_wconf 87' lang='lat' dir='ltr'>tabula</span> <span class='ocrx_word' id='word_1_298' title='bbox 967 3266 1223 3303; x_wconf 84' lang='lat' dir='ltr'>Decretorum</span> <span class='ocrx_word' id='word_1_299' title='bbox 1248 3267 1287 3299; x_wconf 77' lang='lat' dir='ltr'>et</span> <span class='ocrx_word' id='word_1_300' title='bbox 1313 3263 1451 3299; x_wconf 79' lang='lat' dir='ltr'>Decre-</span> 
     </span>
    </p>
   </div>
   <div class='ocr_carea' id='block_1_5' title="bbox 555 3394 1354 3436">
    <p class='ocr_par' dir='ltr' id='par_1_7' title="bbox 555 3394 1354 3436">
     <span class='ocr_line' id='line_1_50' title="bbox 555 3394 1354 3436; baseline -0.005 -7"><span class='ocrx_word' id='word_1_301' title='bbox 555 3399 587 3436; x_wconf 84' lang='lat' dir='ltr'>a)</span> <span class='ocrx_word' id='word_1_302' title='bbox 610 3400 688 3429; x_wconf 78' lang='lat' dir='ltr'>Acta</span> <span class='ocrx_word' id='word_1_303' title='bbox 709 3395 809 3427; x_wconf 80' lang='lat' dir='ltr'>Erud.</span> <span class='ocrx_word' id='word_1_304' title='bbox 833 3399 911 3427; x_wconf 84' lang='lat' dir='ltr'>&#39;l&#39;om</span> <span class='ocrx_word' id='word_1_305' title='bbox 951 3396 977 3428; x_wconf 84' lang='lat'>1.</span> <span class='ocrx_word' id='word_1_306' title='bbox 1006 3397 1164 3436; x_wconf 80' lang='lat' dir='ltr'>supplem.</span> <span class='ocrx_word' id='word_1_307' title='bbox 1189 3405 1262 3436; x_wconf 82' lang='lat' dir='ltr'>pag.</span> <span class='ocrx_word' id='word_1_308' title='bbox 1282 3394 1354 3426; x_wconf 66' lang='lat'>9236.</span> 
     </span>
    </p>
   </div>
   <div class='ocr_carea' id='block_1_6' title="bbox 1490 333 2481 3434">
    <p class='ocr_par' dir='ltr' id='par_1_8' title="bbox 1490 333 2438 563">
     <span class='ocr_line' id='line_1_51' title="bbox 1490 333 2436 386; baseline -0.006 -10"><span class='ocrx_word' id='word_1_309' title='bbox 1490 337 1627 376; x_wconf 87' lang='lat' dir='ltr'>talium</span> <span class='ocrx_word' id='word_1_310' title='bbox 1669 334 1944 385; x_wconf 84' lang='lat' dir='ltr'>Alpbabetica‚</span> <span class='ocrx_word' id='word_1_311' title='bbox 1982 338 2068 386; x_wconf 91' lang='lat' dir='ltr'>post</span> <span class='ocrx_word' id='word_1_312' title='bbox 2098 333 2260 384; x_wconf 83' lang='lat' dir='ltr'>primam</span> <span class='ocrx_word' id='word_1_313' title='bbox 2300 333 2436 372; x_wconf 89' lang='lat' dir='ltr'>editio-</span> 
     </span>
     <span class='ocr_line' id='line_1_52' title="bbox 1491 395 2437 449; baseline -0.004 -11"><span class='ocrx_word' id='word_1_314' title='bbox 1491 411 1580 438; x_wconf 86' lang='lat' dir='ltr'>nem</span> <span class='ocrx_word' id='word_1_315' title='bbox 1613 399 1988 449; x_wconf 77' lang='lat' dir='ltr'>Argentoratensem</span> <span class='ocrx_word' id='word_1_316' title='bbox 2032 396 2104 436; x_wconf 84' lang='lat' dir='ltr'>An.</span> <span class='ocrx_word' id='word_1_317' title='bbox 2136 395 2250 435; x_wconf 84' lang='grc'><strong>4486.</strong></span> <span class='ocrx_word' id='word_1_318' title='bbox 2279 397 2437 447; x_wconf 86' lang='lat' dir='ltr'>saepius</span> 
     </span>
     <span class='ocr_line' id='line_1_53' title="bbox 1491 457 2438 508; baseline -0.004 -7"><span class='ocrx_word' id='word_1_319' title='bbox 1491 473 1638 501; x_wconf 82' lang='lat' dir='ltr'>excusa</span> <span class='ocrx_word' id='word_1_320' title='bbox 1687 460 1828 499; x_wconf 86' lang='lat' dir='ltr'>ibidem</span> <span class='ocrx_word' id='word_1_321' title='bbox 1871 464 1911 498; x_wconf 90' lang='lat' dir='ltr'>et</span> <span class='ocrx_word' id='word_1_322' title='bbox 1954 460 2153 506; x_wconf 66' lang='lat' dir='ltr'>Venetus,</span> <span class='ocrx_word' id='word_1_323' title='bbox 2185 457 2363 508; x_wconf 80' lang='lat' dir='ltr'>Lugduni</span> <span class='ocrx_word' id='word_1_324' title='bbox 2393 469 2438 497; x_wconf 85' lang='lat' dir='ltr'>ao</span> 
     </span>
     <span class='ocr_line' id='line_1_54' title="bbox 1491 521 2436 563; baseline -0.005 0"><span class='ocrx_word' id='word_1_325' title='bbox 1491 525 1647 563; x_wconf 82' lang='lat' dir='ltr'>Parisiis</span> <span class='ocrx_word' id='word_1_326' title='bbox 1678 533 1753 561; x_wconf 86' lang='lat' dir='ltr'>una</span> <span class='ocrx_word' id='word_1_327' title='bbox 1783 533 1874 561; x_wconf 91' lang='lat' dir='ltr'>cum</span> <span class='ocrx_word' id='word_1_328' title='bbox 1906 522 2068 559; x_wconf 85' lang='lat' dir='ltr'>Decreto</span> <span class='ocrx_word' id='word_1_329' title='bbox 2096 526 2135 560; x_wconf 85' lang='lat' dir='ltr'>et</span> <span class='ocrx_word' id='word_1_330' title='bbox 2155 521 2436 560; x_wconf 84' lang='lat' dir='ltr'>DecretalibuS.</span> 
     </span>
    </p>

    <p class='ocr_par' dir='ltr' id='par_1_9' title="bbox 1495 582 2447 884">
     <span class='ocr_line' id='line_1_55' title="bbox 1545 582 2442 633; baseline -0.003 -9"><span class='ocrx_word' id='word_1_331' title='bbox 1545 583 1830 624; x_wconf 66' lang='lat' dir='ltr'>Allemorabilia</span> <span class='ocrx_word' id='word_1_332' title='bbox 1871 585 2044 630; x_wconf 83' lang='lat' dir='ltr'>Romae,</span> <span class='ocrx_word' id='word_1_333' title='bbox 2075 585 2159 622; x_wconf 88' lang='lat' dir='ltr'>sive</span> <span class='ocrx_word' id='word_1_334' title='bbox 2189 593 2290 633; x_wconf 89' lang='lat' dir='ltr'>quae</span> <span class='ocrx_word' id='word_1_335' title='bbox 2321 582 2442 621; x_wconf 89' lang='lat' dir='ltr'>Chro-</span> 
     </span>
     <span class='ocr_line' id='line_1_56' title="bbox 1495 645 2443 697; baseline -0.002 -11"><span class='ocrx_word' id='word_1_336' title='bbox 1495 650 1580 687; x_wconf 83' lang='lat' dir='ltr'>nico</span> <span class='ocrx_word' id='word_1_337' title='bbox 1613 650 1648 686; x_wconf 91' lang='lat' dir='ltr'>in</span> <span class='ocrx_word' id='word_1_338' title='bbox 1680 646 1916 697; x_wconf 84' lang='lat' dir='ltr'>quibusdam</span> <span class='ocrx_word' id='word_1_339' title='bbox 1945 646 2154 685; x_wconf 89' lang='lat' dir='ltr'>Codicibus</span> <span class='ocrx_word' id='word_1_340' title='bbox 2185 645 2443 695; x_wconf 83' lang='lat' dir='ltr'>praemittun-</span> 
     </span>
     <span class='ocr_line' id='line_1_57' title="bbox 1496 705 2443 760; baseline -0.004 -12"><span class='ocrx_word' id='word_1_341' title='bbox 1496 715 1560 748; x_wconf 90' lang='lat' dir='ltr'>tur</span> <span class='ocrx_word' id='word_1_342' title='bbox 1576 708 1622 747; x_wconf 85' lang='lat' dir='ltr'>de</span> <span class='ocrx_word' id='word_1_343' title='bbox 1645 713 1817 760; x_wconf 78' lang='lat' dir='ltr'>quatuor</span> <span class='ocrx_word' id='word_1_344' title='bbox 1833 705 2053 759; x_wconf 79' lang='lat' dir='ltr'>majoribus</span> <span class='ocrx_word' id='word_1_345' title='bbox 2076 708 2228 757; x_wconf 74' lang='lat' dir='ltr'>reynis,</span> <span class='ocrx_word' id='word_1_346' title='bbox 2245 710 2282 746; x_wconf 76' lang='lat' dir='ltr'>et</span> <span class='ocrx_word' id='word_1_347' title='bbox 2304 708 2443 745; x_wconf 82' lang='lat' dir='ltr'>Roma-</span> 
     </span>
     <span class='ocr_line' id='line_1_58' title="bbox 1495 768 2447 820; baseline -0.004 -10"><span class='ocrx_word' id='word_1_348' title='bbox 1495 784 1568 810; x_wconf 75' lang='lat' dir='ltr'>nae</span> <span class='ocrx_word' id='word_1_349' title='bbox 1594 771 1710 810; x_wconf 82' lang='lat' dir='ltr'>Urbis</span> <span class='ocrx_word' id='word_1_350' title='bbox 1734 771 1920 817; x_wconf 73' lang='lat' dir='ltr'>eoeorclso,</span> <span class='ocrx_word' id='word_1_351' title='bbox 1937 768 2390 820; x_wconf 70' lang='lat' dir='ltr'>incremeizto,aedificiis</span> <span class='ocrx_word' id='word_1_352' title='bbox 2411 771 2447 807; x_wconf 81' lang='lat' dir='ltr'>et</span> 
     </span>
     <span class='ocr_line' id='line_1_59' title="bbox 1495 830 2443 884; baseline -0.003 -13"><span class='ocrx_word' id='word_1_353' title='bbox 1495 833 1684 884; x_wconf 71' lang='lat' dir='ltr'>reyimine</span> <span class='ocrx_word' id='word_1_354' title='bbox 1698 844 1821 884; x_wconf 78' lang='lat' dir='ltr'>usque</span> <span class='ocrx_word' id='word_1_355' title='bbox 1838 832 1892 870; x_wconf 79' lang='lat' dir='ltr'>acl</span> <span class='ocrx_word' id='word_1_356' title='bbox 1908 833 2192 883; x_wconf 80' lang='lat' dir='ltr'>Imperatorem</span> <span class='ocrx_word' id='word_1_357' title='bbox 2211 830 2443 882; x_wconf 72' lang='lat' dir='ltr'>Auyustum.</span> 
     </span>
    </p>

    <p class='ocr_par' dir='ltr' id='par_1_10' title="bbox 1550 894 2136 946">
     <span class='ocr_line' id='line_1_60' title="bbox 1550 894 2136 946; baseline -0.003 -13"><span class='ocrx_word' id='word_1_358' title='bbox 1550 894 1771 946; x_wconf 74' lang='lat' dir='ltr'>Descriptio</span> <span class='ocrx_word' id='word_1_359' title='bbox 1803 898 1934 932; x_wconf 83' lang='lat' dir='ltr'>terrae</span> <span class='ocrx_word' id='word_1_360' title='bbox 1962 897 2136 932; x_wconf 77' lang='lat' dir='ltr'>sanctae.</span> 
     </span>
    </p>

    <p class='ocr_par' dir='ltr' id='par_1_11' title="bbox 1551 954 2357 995">
     <span class='ocr_line' id='line_1_61' title="bbox 1551 954 2357 995; baseline 0 -1"><span class='ocrx_word' id='word_1_361' title='bbox 1551 958 1606 995; x_wconf 92' lang='lat' dir='ltr'>De</span> <span class='ocrx_word' id='word_1_362' title='bbox 1635 955 1844 994; x_wconf 72' lang='lat' dir='ltr'>schismate</span> <span class='ocrx_word' id='word_1_363' title='bbox 1874 954 2074 993; x_wconf 77' lang='lat' dir='ltr'>Ecclesiae</span> <span class='ocrx_word' id='word_1_364' title='bbox 2099 954 2357 994; x_wconf 82' lang='lat' dir='ltr'>Graecorum.</span> 
     </span>
    </p>

    <p class='ocr_par' dir='ltr' id='par_1_12' title="bbox 1551 1016 1990 1068">
     <span class='ocr_line' id='line_1_62' title="bbox 1551 1016 1990 1068; baseline -0.005 -11"><span class='ocrx_word' id='word_1_365' title='bbox 1551 1018 1732 1057; x_wconf 79' lang='lat' dir='ltr'>Historia</span> <span class='ocrx_word' id='word_1_366' title='bbox 1761 1017 1807 1056; x_wconf 88' lang='lat' dir='ltr'>de</span> <span class='ocrx_word' id='word_1_367' title='bbox 1833 1016 1990 1068; x_wconf 79' lang='lat' dir='ltr'>GuelfiS.</span> 
     </span>
    </p>

    <p class='ocr_par' dir='ltr' id='par_1_13' title="bbox 1499 1077 2454 1308">
     <span class='ocr_line' id='line_1_63' title="bbox 1552 1077 2452 1130; baseline -0.002 -10"><span class='ocrx_word' id='word_1_368' title='bbox 1552 1082 1760 1121; x_wconf 78' lang='lat' dir='ltr'>Sermones</span> <span class='ocrx_word' id='word_1_369' title='bbox 1789 1079 1835 1118; x_wconf 86' lang='lat' dir='ltr'>de</span> <span class='ocrx_word' id='word_1_370' title='bbox 1865 1083 2035 1130; x_wconf 82' lang='lat' dir='ltr'>tempore</span> <span class='ocrx_word' id='word_1_371' title='bbox 2058 1082 2099 1117; x_wconf 89' lang='lat' dir='ltr'>et</span> <span class='ocrx_word' id='word_1_372' title='bbox 2121 1077 2168 1117; x_wconf 85' lang='lat' dir='ltr'>de</span> <span class='ocrx_word' id='word_1_373' title='bbox 2191 1077 2361 1126; x_wconf 78' lang='lat' dir='ltr'>Sanctis,</span> <span class='ocrx_word' id='word_1_374' title='bbox 2387 1089 2452 1118; x_wconf 88' lang='lat' dir='ltr'>su-</span> 
     </span>
     <span class='ocr_line' id='line_1_64' title="bbox 1499 1141 2454 1194; baseline -0.002 -14"><span class='ocrx_word' id='word_1_375' title='bbox 1499 1154 1569 1194; x_wconf 89' lang='lat' dir='ltr'>per</span> <span class='ocrx_word' id='word_1_376' title='bbox 1596 1143 1795 1193; x_wconf 86' lang='lat' dir='ltr'>Epistolas</span> <span class='ocrx_word' id='word_1_377' title='bbox 1825 1146 1864 1181; x_wconf 87' lang='lat' dir='ltr'>et</span> <span class='ocrx_word' id='word_1_378' title='bbox 1904 1141 2119 1191; x_wconf 85' lang='lat' dir='ltr'>Evangelia</span> <span class='ocrx_word' id='word_1_379' title='bbox 2146 1171 2154 1190; x_wconf 88' lang='lat'>‚</span> <span class='ocrx_word' id='word_1_380' title='bbox 2197 1151 2287 1179; x_wconf 89' lang='lat' dir='ltr'>cum</span> <span class='ocrx_word' id='word_1_381' title='bbox 2320 1151 2454 1191; x_wconf 79' lang='lat' dir='ltr'>prom-</span> 
     </span>
     <span class='ocr_line' id='line_1_65' title="bbox 1501 1202 2453 1256; baseline -0.001 -13"><span class='ocrx_word' id='word_1_382' title='bbox 1501 1204 1632 1244; x_wconf 75' lang='lat' dir='ltr'>tuario</span> <span class='ocrx_word' id='word_1_383' title='bbox 1662 1205 1948 1256; x_wconf 87' lang='lat' dir='ltr'>exemplorum.</span> <span class='ocrx_word' id='word_1_384' title='bbox 1988 1203 2238 1254; x_wconf 82' lang='lat' dir='ltr'>Argentorat.</span> <span class='ocrx_word' id='word_1_385' title='bbox 2270 1202 2386 1243; x_wconf 82' lang='grc'><strong>4484.</strong></span> <span class='ocrx_word' id='word_1_386' title='bbox 2418 1204 2453 1242; x_wconf 93' lang='grc'>4.</span> 
     </span>
     <span class='ocr_line' id='line_1_66' title="bbox 1503 1269 1768 1308; baseline -0.011 0"><span class='ocrx_word' id='word_1_387' title='bbox 1503 1269 1620 1308; x_wconf 89' lang='grc'><strong>4486.</strong></span> <span class='ocrx_word' id='word_1_388' title='bbox 1651 1269 1768 1307; x_wconf 89' lang='grc'><strong>4488.</strong></span> 
     </span>
    </p>

    <p class='ocr_par' dir='ltr' id='par_1_14' title="bbox 1504 1327 2454 1443">
     <span class='ocr_line' id='line_1_67' title="bbox 1557 1327 2454 1376; baseline -0.001 -8"><span class='ocrx_word' id='word_1_389' title='bbox 1557 1331 1613 1368; x_wconf 90' lang='lat' dir='ltr'>De</span> <span class='ocrx_word' id='word_1_390' title='bbox 1634 1329 1805 1369; x_wconf 76' lang='lat' dir='ltr'>(liversis</span> <span class='ocrx_word' id='word_1_391' title='bbox 1819 1327 2037 1376; x_wconf 74' lang='lat' dir='ltr'>miraculis,</span> <span class='ocrx_word' id='word_1_392' title='bbox 2055 1328 2158 1367; x_wconf 88' lang='lat' dir='ltr'>idem</span> <span class='ocrx_word' id='word_1_393' title='bbox 2178 1329 2345 1368; x_wconf 78' lang='lat' dir='ltr'>fortasse</span> <span class='ocrx_word' id='word_1_394' title='bbox 2363 1339 2454 1367; x_wconf 89' lang='lat' dir='ltr'>cum</span> 
     </span>
     <span class='ocr_line' id='line_1_68' title="bbox 1504 1393 2067 1443; baseline -0.005 -12"><span class='ocrx_word' id='word_1_395' title='bbox 1504 1393 1778 1443; x_wconf 83' lang='lat' dir='ltr'>exemplorum</span> <span class='ocrx_word' id='word_1_396' title='bbox 1812 1393 2067 1442; x_wconf 85' lang='lat' dir='ltr'>promtuario.</span> 
     </span>
    </p>

    <p class='ocr_par' dir='ltr' id='par_1_15' title="bbox 1505 1452 2464 2192">
     <span class='ocr_line' id='line_1_69' title="bbox 1559 1452 2459 1504; baseline -0.003 -11"><span class='ocrx_word' id='word_1_397' title='bbox 1559 1454 1818 1493; x_wconf 85' lang='lat' dir='ltr'>Consentinis</span> <span class='ocrx_word' id='word_1_398' title='bbox 1843 1453 2161 1504; x_wconf 83' lang='lat' dir='ltr'>Archiepiscopis</span> <span class='ocrx_word' id='word_1_399' title='bbox 2176 1453 2384 1492; x_wconf 84' lang='lat' dir='ltr'>Martinum</span> <span class='ocrx_word' id='word_1_400' title='bbox 2410 1452 2459 1491; x_wconf 90' lang='lat' dir='ltr'>ab</span> 
     </span>
     <span class='ocr_line' id='line_1_70' title="bbox 1509 1516 2459 1570; baseline -0.005 -13"><span class='ocrx_word' id='word_1_401' title='bbox 1509 1518 1671 1570; x_wconf 68' lang='lat' dir='ltr'>Ughello</span> <span class='ocrx_word' id='word_1_402' title='bbox 1700 1524 1793 1555; x_wconf 87' lang='lat' dir='ltr'>tom.</span> <span class='ocrx_word' id='word_1_403' title='bbox 1818 1518 1883 1555; x_wconf 86' lang='lat' dir='ltr'>IX.</span> <span class='ocrx_word' id='word_1_404' title='bbox 1905 1528 1991 1567; x_wconf 74' lang='lat' dir='ltr'>pag.</span> <span class='ocrx_word' id='word_1_405' title='bbox 2012 1516 2089 1555; x_wconf 70' lang='lat'>248</span> <span class='ocrx_word' id='word_1_406' title='bbox 2115 1520 2271 1565; x_wconf 89' lang='lat' dir='ltr'>praeter</span> <span class='ocrx_word' id='word_1_407' title='bbox 2292 1527 2375 1553; x_wconf 86' lang='lat' dir='ltr'>rem</span> <span class='ocrx_word' id='word_1_408' title='bbox 2395 1526 2459 1553; x_wconf 89' lang='lat' dir='ltr'>ac-</span> 
     </span>
     <span class='ocr_line' id='line_1_71' title="bbox 1507 1576 2456 1629; baseline -0.006 -9"><span class='ocrx_word' id='word_1_409' title='bbox 1507 1581 1685 1628; x_wconf 81' lang='lat' dir='ltr'>censeri,</span> <span class='ocrx_word' id='word_1_410' title='bbox 1721 1585 1761 1617; x_wconf 89' lang='lat' dir='ltr'>et</span> <span class='ocrx_word' id='word_1_411' title='bbox 1795 1578 2049 1619; x_wconf 82' lang='lat' dir='ltr'>Cusentinum</span> <span class='ocrx_word' id='word_1_412' title='bbox 2085 1576 2456 1629; x_wconf 78' lang='lat' dir='ltr'>Archiepiscopum,</span> 
     </span>
     <span class='ocr_line' id='line_1_72' title="bbox 1508 1640 2460 1691; baseline -0.005 -9"><span class='ocrx_word' id='word_1_413' title='bbox 1508 1644 1621 1683; x_wconf 87' lang='lat' dir='ltr'>cuius</span> <span class='ocrx_word' id='word_1_414' title='bbox 1645 1647 1684 1680; x_wconf 89' lang='lat' dir='ltr'>et</span> <span class='ocrx_word' id='word_1_415' title='bbox 1705 1643 1828 1691; x_wconf 86' lang='lat' dir='ltr'>ipsius</span> <span class='ocrx_word' id='word_1_416' title='bbox 1848 1642 2068 1680; x_wconf 85' lang='lat' dir='ltr'>Chronicon</span> <span class='ocrx_word' id='word_1_417' title='bbox 2093 1652 2113 1679; x_wconf 91' lang='lat' dir='ltr'>a</span> <span class='ocrx_word' id='word_1_418' title='bbox 2140 1640 2362 1678; x_wconf 82' lang='lat' dir='ltr'>Ptolemaeo</span> <span class='ocrx_word' id='word_1_419' title='bbox 2386 1641 2460 1678; x_wconf 92' lang='lat' dir='ltr'>Lu-</span> 
     </span>
     <span class='ocr_line' id='line_1_73' title="bbox 1508 1701 2459 1754; baseline -0.004 -10"><span class='ocrx_word' id='word_1_420' title='bbox 1508 1707 1643 1754; x_wconf 84' lang='lat' dir='ltr'>censi,</span> <span class='ocrx_word' id='word_1_421' title='bbox 1666 1706 1832 1743; x_wconf 86' lang='lat' dir='ltr'>Martino</span> <span class='ocrx_word' id='word_1_422' title='bbox 1863 1704 2078 1752; x_wconf 85' lang='lat' dir='ltr'>Fuldensi,</span> <span class='ocrx_word' id='word_1_423' title='bbox 2108 1702 2166 1741; x_wconf 89' lang='lat' dir='ltr'>Jo.</span> <span class='ocrx_word' id='word_1_424' title='bbox 2198 1702 2374 1741; x_wconf 82' lang='lat' dir='ltr'>Gersone</span> <span class='ocrx_word' id='word_1_425' title='bbox 2411 1701 2459 1740; x_wconf 89' lang='lat' dir='ltr'>de</span> 
     </span>
     <span class='ocr_line' id='line_1_74' title="bbox 1509 1763 2461 1816; baseline -0.007 -9"><span class='ocrx_word' id='word_1_426' title='bbox 1509 1773 1617 1808; x_wconf 87' lang='lat' dir='ltr'>statu</span> <span class='ocrx_word' id='word_1_427' title='bbox 1641 1769 1683 1806; x_wconf 93' lang='lat' dir='ltr'>V.</span> <span class='ocrx_word' id='word_1_428' title='bbox 1710 1772 1749 1805; x_wconf 86' lang='lat' dir='ltr'>et</span> <span class='ocrx_word' id='word_1_429' title='bbox 1767 1766 1811 1804; x_wconf 93' lang='lat' dir='ltr'>N.</span> <span class='ocrx_word' id='word_1_430' title='bbox 1839 1768 1945 1805; x_wconf 86' lang='lat' dir='ltr'>Test.</span> <span class='ocrx_word' id='word_1_431' title='bbox 1968 1766 2134 1816; x_wconf 85' lang='lat' dir='ltr'>aliisque</span> <span class='ocrx_word' id='word_1_432' title='bbox 2152 1766 2308 1812; x_wconf 87' lang='lat' dir='ltr'>citatur,</span> <span class='ocrx_word' id='word_1_433' title='bbox 2330 1763 2461 1802; x_wconf 85' lang='lat' dir='ltr'>diver·</span> 
     </span>
     <span class='ocr_line' id='line_1_75' title="bbox 1510 1826 2461 1870; baseline -0.007 0"><span class='ocrx_word' id='word_1_434' title='bbox 1510 1843 1599 1870; x_wconf 90' lang='lat' dir='ltr'>sum</span> <span class='ocrx_word' id='word_1_435' title='bbox 1621 1842 1709 1869; x_wconf 89' lang='lat' dir='ltr'>esse</span> <span class='ocrx_word' id='word_1_436' title='bbox 1733 1831 1755 1868; x_wconf 78' lang='lat' dir='ltr'>a</span> <span class='ocrx_word' id='word_1_437' title='bbox 1778 1831 1943 1868; x_wconf 86' lang='lat' dir='ltr'>Martino</span> <span class='ocrx_word' id='word_1_438' title='bbox 1978 1829 2121 1867; x_wconf 92' lang='lat' dir='ltr'>Polono</span> <span class='ocrx_word' id='word_1_439' title='bbox 2158 1827 2340 1867; x_wconf 87' lang='lat' dir='ltr'>Chronici</span> <span class='ocrx_word' id='word_1_440' title='bbox 2365 1826 2461 1864; x_wconf 89' lang='lat' dir='ltr'>scri-</span> 
     </span>
     <span class='ocr_line' id='line_1_76' title="bbox 1509 1890 2461 1944; baseline -0.005 -13"><span class='ocrx_word' id='word_1_441' title='bbox 1509 1899 1642 1944; x_wconf 87' lang='lat' dir='ltr'>ptore:</span> <span class='ocrx_word' id='word_1_442' title='bbox 1663 1892 1826 1930; x_wconf 83' lang='lat' dir='ltr'>alterius</span> <span class='ocrx_word' id='word_1_443' title='bbox 1853 1903 1947 1929; x_wconf 91' lang='lat' dir='ltr'>vero</span> <span class='ocrx_word' id='word_1_444' title='bbox 1972 1902 2115 1928; x_wconf 89' lang='lat' dir='ltr'>nomen</span> <span class='ocrx_word' id='word_1_445' title='bbox 2139 1890 2325 1941; x_wconf 77' lang='lat' dir='ltr'>ignorari,</span> <span class='ocrx_word' id='word_1_446' title='bbox 2350 1891 2461 1926; x_wconf 84' lang='lat' dir='ltr'>nota-</span> 
     </span>
     <span class='ocr_line' id='line_1_77' title="bbox 1505 1952 2462 2003; baseline -0.005 -9"><span class='ocrx_word' id='word_1_447' title='bbox 1505 1960 1598 1994; x_wconf 89' lang='lat' dir='ltr'>runt</span> <span class='ocrx_word' id='word_1_448' title='bbox 1619 1955 1856 1993; x_wconf 88' lang='lat' dir='ltr'>Muratorius</span> <span class='ocrx_word' id='word_1_449' title='bbox 1890 1960 1982 1992; x_wconf 81' lang='lat' dir='ltr'>tom.</span> <span class='ocrx_word' id='word_1_450' title='bbox 2006 1954 2076 1992; x_wconf 89' lang='lat' dir='ltr'>XI.</span> <span class='ocrx_word' id='word_1_451' title='bbox 2117 1954 2356 2003; x_wconf 87' lang='lat' dir='ltr'>scriptorum</span> <span class='ocrx_word' id='word_1_452' title='bbox 2386 1952 2462 1989; x_wconf 83' lang='lat' dir='ltr'>lta-</span> 
     </span>
     <span class='ocr_line' id='line_1_78' title="bbox 1506 2013 2463 2068; baseline -0.005 -12"><span class='ocrx_word' id='word_1_453' title='bbox 1506 2018 1579 2056; x_wconf 86' lang='lat' dir='ltr'>liae</span> <span class='ocrx_word' id='word_1_454' title='bbox 1604 2029 1690 2068; x_wconf 81' lang='lat' dir='ltr'>pag.</span> <span class='ocrx_word' id='word_1_455' title='bbox 1717 2016 1805 2055; x_wconf 66' lang='grc'><strong>745.</strong></span> <span class='ocrx_word' id='word_1_456' title='bbox 1835 2015 2038 2055; x_wconf 89' lang='lat' dir='ltr'>Eccardus</span> <span class='ocrx_word' id='word_1_457' title='bbox 2064 2015 2275 2065; x_wconf 82' lang='lat' dir='ltr'>prolegom.</span> <span class='ocrx_word' id='word_1_458' title='bbox 2296 2013 2343 2052; x_wconf 87' lang='lat' dir='ltr'>ad</span> <span class='ocrx_word' id='word_1_459' title='bbox 2366 2014 2463 2052; x_wconf 87' lang='lat' dir='ltr'>scri-</span> 
     </span>
     <span class='ocr_line' id='line_1_79' title="bbox 1509 2076 2464 2130; baseline -0.003 -13"><span class='ocrx_word' id='word_1_460' title='bbox 1509 2085 1642 2130; x_wconf 88' lang='lat' dir='ltr'>ptores</span> <span class='ocrx_word' id='word_1_461' title='bbox 1669 2079 1784 2117; x_wconf 87' lang='lat' dir='ltr'>medii</span> <span class='ocrx_word' id='word_1_462' title='bbox 1809 2080 1894 2117; x_wconf 87' lang='lat' dir='ltr'>aevi</span> <span class='ocrx_word' id='word_1_463' title='bbox 1932 2082 2026 2116; x_wconf 91' lang='lat' dir='ltr'>tom.</span> <span class='ocrx_word' id='word_1_464' title='bbox 2057 2079 2088 2116; x_wconf 92' lang='grc'>4.</span> <span class='ocrx_word' id='word_1_465' title='bbox 2115 2089 2152 2116; x_wconf 92' lang='lat' dir='ltr'>n.</span> <span class='ocrx_word' id='word_1_466' title='bbox 2179 2076 2323 2117; x_wconf 86' lang='grc' dir='ltr'><strong>ΧΧΙΙΙ.</strong></span> <span class='ocrx_word' id='word_1_467' title='bbox 2352 2076 2464 2115; x_wconf 88' lang='lat' dir='ltr'>Nice-</span> 
     </span>
     <span class='ocr_line' id='line_1_80' title="bbox 1509 2141 2118 2192; baseline -0.003 -12"><span class='ocrx_word' id='word_1_468' title='bbox 1509 2153 1632 2181; x_wconf 88' lang='lat' dir='ltr'>ronus</span> <span class='ocrx_word' id='word_1_469' title='bbox 1661 2146 1757 2179; x_wconf 88' lang='lat' dir='ltr'>tom.</span> <span class='ocrx_word' id='word_1_470' title='bbox 1783 2142 1885 2180; x_wconf 84' lang='lat' dir='ltr'>XIV.</span> <span class='ocrx_word' id='word_1_471' title='bbox 1911 2152 1995 2192; x_wconf 80' lang='lat' dir='ltr'>pag.</span> <span class='ocrx_word' id='word_1_472' title='bbox 2026 2141 2118 2179; x_wconf 77' lang='lat'>200.</span> 
     </span>
    </p>

    <p class='ocr_par' dir='ltr' id='par_1_16' title="bbox 1513 2200 2481 3434">
     <span class='ocr_line' id='line_1_81' title="bbox 1562 2200 2461 2251; baseline -0.006 -9"><span class='ocrx_word' id='word_1_473' title='bbox 1562 2203 1583 2227; x_wconf 73' lang='lat'>⁴*</span> <span class='ocrx_word' id='word_1_474' title='bbox 1608 2204 1733 2242; x_wconf 90' lang='lat' dir='ltr'>Vetus</span> <span class='ocrx_word' id='word_1_475' title='bbox 1757 2207 1820 2241; x_wconf 86' lang='lat' dir='ltr'>est</span> <span class='ocrx_word' id='word_1_476' title='bbox 1835 2203 2122 2251; x_wconf 83' lang='lat' dir='ltr'>controversia,</span> <span class='ocrx_word' id='word_1_477' title='bbox 2139 2212 2212 2240; x_wconf 87' lang='lat' dir='ltr'>nec</span> <span class='ocrx_word' id='word_1_478' title='bbox 2228 2200 2322 2240; x_wconf 92' lang='lat' dir='ltr'>dum</span> <span class='ocrx_word' id='word_1_479' title='bbox 2348 2200 2461 2251; x_wconf 86' lang='lat' dir='ltr'>plene</span> 
     </span>
     <span class='ocr_line' id='line_1_82' title="bbox 1513 2263 2466 2316; baseline -0.005 -12"><span class='ocrx_word' id='word_1_480' title='bbox 1513 2266 1675 2305; x_wconf 82' lang='lat' dir='ltr'>definita</span> <span class='ocrx_word' id='word_1_481' title='bbox 1707 2277 1802 2304; x_wconf 89' lang='lat' dir='ltr'>num</span> <span class='ocrx_word' id='word_1_482' title='bbox 1846 2265 2179 2316; x_wconf 85' lang='lat' dir='ltr'>Archiepiscopus</span> <span class='ocrx_word' id='word_1_483' title='bbox 2214 2263 2466 2302; x_wconf 82' lang='lat' dir='ltr'>Cusentinus</span> 
     </span>
     <span class='ocr_line' id='line_1_83' title="bbox 1513 2323 2466 2379; baseline -0.006 -12"><span class='ocrx_word' id='word_1_484' title='bbox 1513 2330 1579 2379; x_wconf 91' lang='lat' dir='ltr'>qui</span> <span class='ocrx_word' id='word_1_485' title='bbox 1608 2328 1820 2367; x_wconf 85' lang='lat' dir='ltr'>chronicon</span> <span class='ocrx_word' id='word_1_486' title='bbox 1852 2328 2062 2366; x_wconf 80' lang='lat' dir='ltr'>Romanor.</span> <span class='ocrx_word' id='word_1_487' title='bbox 2081 2325 2315 2365; x_wconf 86' lang='lat' dir='ltr'>Pontificum</span> <span class='ocrx_word' id='word_1_488' title='bbox 2345 2323 2466 2372; x_wconf 84' lang='lat' dir='ltr'>dedit,</span> 
     </span>
     <span class='ocr_line' id='line_1_84' title="bbox 1514 2385 2469 2442; baseline -0.006 -13"><span class='ocrx_word' id='word_1_489' title='bbox 1514 2402 1591 2442; x_wconf 90' lang='lat' dir='ltr'>quo</span> <span class='ocrx_word' id='word_1_490' title='bbox 1621 2390 1871 2429; x_wconf 86' lang='lat' dir='ltr'>Ptolomaeus</span> <span class='ocrx_word' id='word_1_491' title='bbox 1895 2391 2086 2428; x_wconf 87' lang='lat' dir='ltr'>Lucensis</span> <span class='ocrx_word' id='word_1_492' title='bbox 2110 2399 2227 2427; x_wconf 88' lang='lat' dir='ltr'>usum</span> <span class='ocrx_word' id='word_1_493' title='bbox 2253 2398 2295 2426; x_wconf 89' lang='lat' dir='ltr'>se</span> <span class='ocrx_word' id='word_1_494' title='bbox 2311 2385 2469 2437; x_wconf 81' lang='lat' dir='ltr'>profite-</span> 
     </span>
     <span class='ocr_line' id='line_1_85' title="bbox 1516 2451 2472 2492; baseline -0.004 -2"><span class='ocrx_word' id='word_1_495' title='bbox 1516 2453 1650 2492; x_wconf 88' lang='lat' dir='ltr'>turin</span> <span class='ocrx_word' id='word_1_496' title='bbox 1689 2452 1969 2491; x_wconf 83' lang='lat' dir='ltr'>Ecclesiastica</span> <span class='ocrx_word' id='word_1_497' title='bbox 2011 2451 2180 2489; x_wconf 85' lang='lat' dir='ltr'>Historia</span> <span class='ocrx_word' id='word_1_498' title='bbox 2221 2460 2293 2489; x_wconf 84' lang='lat' dir='ltr'>Sua</span> <span class='ocrx_word' id='word_1_499' title='bbox 2337 2453 2472 2487; x_wconf 87' lang='lat' dir='ltr'>conte-</span> 
     </span>
     <span class='ocr_line' id='line_1_86' title="bbox 1516 2510 2470 2553; baseline -0.005 -1"><span class='ocrx_word' id='word_1_500' title='bbox 1516 2514 1645 2553; x_wconf 87' lang='lat' dir='ltr'>xenda</span> <span class='ocrx_word' id='word_1_501' title='bbox 1677 2514 1779 2551; x_wconf 89' lang='lat' dir='ltr'>idem</span> <span class='ocrx_word' id='word_1_502' title='bbox 1799 2524 1890 2552; x_wconf 90' lang='lat' dir='ltr'>cum</span> <span class='ocrx_word' id='word_1_503' title='bbox 1916 2514 2084 2551; x_wconf 87' lang='lat' dir='ltr'>Martino</span> <span class='ocrx_word' id='word_1_504' title='bbox 2103 2511 2270 2550; x_wconf 81' lang='lat' dir='ltr'>authore</span> <span class='ocrx_word' id='word_1_505' title='bbox 2293 2510 2470 2549; x_wconf 89' lang='lat' dir='ltr'>chronici</span> 
     </span>
     <span class='ocr_line' id='line_1_87' title="bbox 1516 2572 2470 2616; baseline -0.006 -1"><span class='ocrx_word' id='word_1_506' title='bbox 1516 2576 1722 2616; x_wconf 86' lang='lat' dir='ltr'>habendus</span> <span class='ocrx_word' id='word_1_507' title='bbox 1759 2577 1824 2614; x_wconf 87' lang='lat' dir='ltr'>sit.</span> <span class='ocrx_word' id='word_1_508' title='bbox 1862 2575 1918 2613; x_wconf 80' lang='lat' dir='ltr'>Ac</span> <span class='ocrx_word' id='word_1_509' title='bbox 1954 2574 2002 2613; x_wconf 88' lang='lat' dir='ltr'>de</span> <span class='ocrx_word' id='word_1_510' title='bbox 2055 2574 2277 2612; x_wconf 87' lang='lat' dir='ltr'>Cusentino</span> <span class='ocrx_word' id='word_1_511' title='bbox 2315 2572 2470 2612; x_wconf 85' lang='lat' dir='ltr'>Martini</span> 
     </span>
     <span class='ocr_line' id='line_1_88' title="bbox 1517 2634 2471 2690; baseline -0.006 -12"><span class='ocrx_word' id='word_1_512' title='bbox 1517 2640 1870 2690; x_wconf 86' lang='lat' dir='ltr'>Archiepiscopatu</span> <span class='ocrx_word' id='word_1_513' title='bbox 1901 2638 2045 2676; x_wconf 89' lang='lat' dir='ltr'>dubius</span> <span class='ocrx_word' id='word_1_514' title='bbox 2088 2637 2225 2675; x_wconf 85' lang='lat' dir='ltr'>haeret</span> <span class='ocrx_word' id='word_1_515' title='bbox 2256 2634 2471 2686; x_wconf 80' lang='lat' dir='ltr'>Ughellus⁷</span> 
     </span>
     <span class='ocr_line' id='line_1_89' title="bbox 1519 2696 2472 2752; baseline -0.008 -12"><span class='ocrx_word' id='word_1_516' title='bbox 1519 2713 1591 2740; x_wconf 89' lang='lat' dir='ltr'>nec</span> <span class='ocrx_word' id='word_1_517' title='bbox 1620 2712 1690 2752; x_wconf 79' lang='lat' dir='ltr'>ego</span> <span class='ocrx_word' id='word_1_518' title='bbox 1714 2702 1810 2739; x_wconf 85' lang='lat' dir='ltr'>certi</span> <span class='ocrx_word' id='word_1_519' title='bbox 1836 2699 1981 2751; x_wconf 86' lang='lat' dir='ltr'>aliquid</span> <span class='ocrx_word' id='word_1_520' title='bbox 2008 2699 2182 2749; x_wconf 87' lang='lat' dir='ltr'>proferre</span> <span class='ocrx_word' id='word_1_521' title='bbox 2211 2707 2387 2746; x_wconf 88' lang='lat' dir='ltr'>possum.</span> <span class='ocrx_word' id='word_1_522' title='bbox 2419 2696 2472 2733; x_wconf 90' lang='lat' dir='ltr'>De</span> 
     </span>
     <span class='ocr_line' id='line_1_90' title="bbox 1521 2758 2475 2812; baseline -0.008 -11"><span class='ocrx_word' id='word_1_523' title='bbox 1521 2764 1705 2802; x_wconf 88' lang='lat' dir='ltr'>chronico</span> <span class='ocrx_word' id='word_1_524' title='bbox 1753 2774 1846 2800; x_wconf 89' lang='lat' dir='ltr'>vero</span> <span class='ocrx_word' id='word_1_525' title='bbox 1885 2772 1961 2812; x_wconf 90' lang='lat' dir='ltr'>quo</span> <span class='ocrx_word' id='word_1_526' title='bbox 2008 2759 2256 2798; x_wconf 84' lang='lat' dir='ltr'>Ptolomaeus</span> <span class='ocrx_word' id='word_1_527' title='bbox 2286 2758 2475 2795; x_wconf 84' lang='lat' dir='ltr'>Lucensis</span> 
     </span>
     <span class='ocr_line' id='line_1_91' title="bbox 1521 2819 2475 2874; baseline -0.006 -11"><span class='ocrx_word' id='word_1_528' title='bbox 1521 2830 1602 2864; x_wconf 90' lang='lat' dir='ltr'>tam</span> <span class='ocrx_word' id='word_1_529' title='bbox 1646 2836 1764 2874; x_wconf 75' lang='lat' dir='ltr'>saepe.</span> <span class='ocrx_word' id='word_1_530' title='bbox 1809 2827 2027 2874; x_wconf 85' lang='lat' dir='ltr'>provocat,</span> <span class='ocrx_word' id='word_1_531' title='bbox 2056 2820 2161 2860; x_wconf 88' lang='lat' dir='ltr'>aliud</span> <span class='ocrx_word' id='word_1_532' title='bbox 2201 2820 2317 2871; x_wconf 84' lang='lat' dir='ltr'>plane</span> <span class='ocrx_word' id='word_1_533' title='bbox 2353 2819 2475 2858; x_wconf 88' lang='lat' dir='ltr'>fuisse</span> 
     </span>
     <span class='ocr_line' id='line_1_92' title="bbox 1521 2882 2476 2936; baseline -0.005 -13"><span class='ocrx_word' id='word_1_534' title='bbox 1521 2885 1767 2936; x_wconf 84' lang='lat' dir='ltr'>opusjudico</span> <span class='ocrx_word' id='word_1_535' title='bbox 1791 2896 1813 2923; x_wconf 84' lang='lat' dir='ltr'>a</span> <span class='ocrx_word' id='word_1_536' title='bbox 1837 2885 2081 2923; x_wconf 85' lang='lat' dir='ltr'>Martiniano.</span> <span class='ocrx_word' id='word_1_537' title='bbox 2104 2883 2352 2921; x_wconf 87' lang='lat' dir='ltr'>Postremum</span> <span class='ocrx_word' id='word_1_538' title='bbox 2370 2882 2476 2919; x_wconf 88' lang='lat' dir='ltr'>enim</span> 
     </span>
     <span class='ocr_line' id='line_1_93' title="bbox 1523 2944 2478 2996; baseline -0.003 -12"><span class='ocrx_word' id='word_1_539' title='bbox 1523 2947 1627 2985; x_wconf 89' lang='lat' dir='ltr'>istud</span> <span class='ocrx_word' id='word_1_540' title='bbox 1657 2958 1783 2996; x_wconf 86' lang='lat' dir='ltr'>usque</span> <span class='ocrx_word' id='word_1_541' title='bbox 1805 2946 1851 2984; x_wconf 90' lang='lat' dir='ltr'>ad</span> <span class='ocrx_word' id='word_1_542' title='bbox 1878 2957 1940 2984; x_wconf 88' lang='lat' dir='ltr'>an.</span> <span class='ocrx_word' id='word_1_543' title='bbox 1956 2944 2306 2996; x_wconf 71' lang='lat' dir='ltr'>4277.porrigitur.</span> <span class='ocrx_word' id='word_1_544' title='bbox 2327 2944 2478 2983; x_wconf 87' lang='lat' dir='ltr'>Cusen—</span> 
     </span>
     <span class='ocr_line' id='line_1_94' title="bbox 1523 3005 2478 3057; baseline -0.002 -11"><span class='ocrx_word' id='word_1_545' title='bbox 1523 3010 1633 3047; x_wconf 89' lang='lat' dir='ltr'>tinus</span> <span class='ocrx_word' id='word_1_546' title='bbox 1656 3019 1751 3046; x_wconf 79' lang='lat' dir='ltr'>vero</span> <span class='ocrx_word' id='word_1_547' title='bbox 1768 3007 1971 3046; x_wconf 86' lang='lat' dir='ltr'>historiam</span> <span class='ocrx_word' id='word_1_548' title='bbox 1999 3018 2110 3046; x_wconf 84' lang='lat' dir='ltr'>suam</span> <span class='ocrx_word' id='word_1_549' title='bbox 2132 3005 2183 3045; x_wconf 84' lang='lat' dir='ltr'>ab</span> <span class='ocrx_word' id='word_1_550' title='bbox 2200 3005 2328 3045; x_wconf 86' lang='lat' dir='ltr'>Adam</span> <span class='ocrx_word' id='word_1_551' title='bbox 2350 3016 2478 3057; x_wconf 83' lang='lat' dir='ltr'>usque</span> 
     </span>
     <span class='ocr_line' id='line_1_95' title="bbox 1523 3066 2476 3120; baseline -0.004 -11"><span class='ocrx_word' id='word_1_552' title='bbox 1523 3070 1570 3109; x_wconf 87' lang='lat' dir='ltr'>ad</span> <span class='ocrx_word' id='word_1_553' title='bbox 1611 3073 1786 3120; x_wconf 82' lang='lat' dir='ltr'>tempora</span> <span class='ocrx_word' id='word_1_554' title='bbox 1826 3069 2027 3108; x_wconf 79' lang='lat' dir='ltr'>Friclericz&#39;</span> <span class='ocrx_word' id='word_1_555' title='bbox 2060 3067 2223 3108; x_wconf 79' lang='lat' dir='ltr'>secundi</span> <span class='ocrx_word' id='word_1_556' title='bbox 2249 3066 2476 3118; x_wconf 59' lang='lat' dir='ltr'>perduruit,</span> 
     </span>
     <span class='ocr_line' id='line_1_96' title="bbox 1523 3129 2480 3183; baseline -0.004 -12"><span class='ocrx_word' id='word_1_557' title='bbox 1523 3144 1626 3183; x_wconf 83' lang='lat' dir='ltr'>quae</span> <span class='ocrx_word' id='word_1_558' title='bbox 1649 3137 1743 3171; x_wconf 83' lang='lat' dir='ltr'>sunt</span> <span class='ocrx_word' id='word_1_559' title='bbox 1768 3133 1886 3171; x_wconf 86' lang='lat' dir='ltr'>verba</span> <span class='ocrx_word' id='word_1_560' title='bbox 1920 3133 2128 3171; x_wconf 86' lang='lat' dir='ltr'>Ptolomaei</span> <span class='ocrx_word' id='word_1_561' title='bbox 2157 3131 2254 3169; x_wconf 87' lang='lat' dir='ltr'>Hist.</span> <span class='ocrx_word' id='word_1_562' title='bbox 2284 3129 2391 3168; x_wconf 89' lang='lat' dir='ltr'>Ecel.</span> <span class='ocrx_word' id='word_1_563' title='bbox 2415 3129 2480 3167; x_wconf 90' lang='lat' dir='ltr'>lib.</span> 
     </span>
     <span class='ocr_line' id='line_1_97' title="bbox 1529 3194 2480 3246; baseline -0.005 -12"><span class='ocrx_word' id='word_1_564' title='bbox 1529 3197 1590 3234; x_wconf 86' lang='grc'>48.</span> <span class='ocrx_word' id='word_1_565' title='bbox 1608 3207 1643 3233; x_wconf 89' lang='lat' dir='ltr'>c.</span> <span class='ocrx_word' id='word_1_566' title='bbox 1659 3196 1719 3233; x_wconf 90' lang='grc'>44.</span> <span class='ocrx_word' id='word_1_567' title='bbox 1746 3196 1823 3234; x_wconf 64' lang='lat' dir='ltr'>Nec</span> <span class='ocrx_word' id='word_1_568' title='bbox 1840 3197 2003 3246; x_wconf 85' lang='lat' dir='ltr'>insuper</span> <span class='ocrx_word' id='word_1_569' title='bbox 2023 3194 2217 3236; x_wconf 87' lang='lat' dir='ltr'>Martinus</span> <span class='ocrx_word' id='word_1_570' title='bbox 2239 3202 2338 3242; x_wconf 89' lang='lat' dir='ltr'>opus</span> <span class='ocrx_word' id='word_1_571' title='bbox 2362 3201 2480 3230; x_wconf 90' lang='lat' dir='ltr'>suurn</span> 
     </span>
     <span class='ocr_line' id='line_1_98' title="bbox 1525 3254 2481 3305; baseline -0.005 -9"><span class='ocrx_word' id='word_1_572' title='bbox 1525 3259 1573 3296; x_wconf 86' lang='lat' dir='ltr'>ab</span> <span class='ocrx_word' id='word_1_573' title='bbox 1604 3258 1728 3296; x_wconf 77' lang='lat' dir='ltr'>Adam</span> <span class='ocrx_word' id='word_1_574' title='bbox 1759 3258 1994 3305; x_wconf 82' lang='lat' dir='ltr'>exorditur,</span> <span class='ocrx_word' id='word_1_575' title='bbox 2026 3256 2095 3295; x_wconf 87' lang='lat' dir='ltr'>sed</span> <span class='ocrx_word' id='word_1_576' title='bbox 2121 3255 2169 3294; x_wconf 88' lang='lat' dir='ltr'>ab</span> <span class='ocrx_word' id='word_1_577' title='bbox 2207 3254 2316 3291; x_wconf 90' lang='lat' dir='ltr'>initio</span> <span class='ocrx_word' id='word_1_578' title='bbox 2348 3254 2481 3303; x_wconf 77' lang='lat' dir='ltr'>potius</span> 
     </span>
     <span class='ocr_line' id='line_1_99' title="bbox 1527 3315 2480 3369; baseline -0.004 -11"><span class='ocrx_word' id='word_1_579' title='bbox 1527 3321 1633 3367; x_wconf 61' lang='lat' dir='ltr'>regni</span> <span class='ocrx_word' id='word_1_580' title='bbox 1654 3320 1894 3369; x_wconf 75' lang='lat' dir='ltr'>Babylonici.</span> <span class='ocrx_word' id='word_1_581' title='bbox 1916 3320 1970 3358; x_wconf 91' lang='lat' dir='ltr'>lbi</span> <span class='ocrx_word' id='word_1_582' title='bbox 1993 3319 2138 3369; x_wconf 87' lang='lat' dir='ltr'>pariter</span> <span class='ocrx_word' id='word_1_583' title='bbox 2157 3315 2363 3355; x_wconf 84' lang='lat' dir='ltr'>Cusentini</span> <span class='ocrx_word' id='word_1_584' title='bbox 2381 3326 2480 3365; x_wconf 87' lang='lat' dir='ltr'>opus</span> 
     </span>
     <span class='ocr_line' id='line_1_100' title="bbox 1527 3376 2481 3434; baseline -0.006 -12"><span class='ocrx_word' id='word_1_585' title='bbox 1527 3383 1674 3434; x_wconf 72' lang='lat' dir='ltr'>grande</span> <span class='ocrx_word' id='word_1_586' title='bbox 1703 3383 1888 3422; x_wconf 81' lang='lat' dir='ltr'>volumen</span> <span class='ocrx_word' id='word_1_587' title='bbox 1922 3381 2084 3432; x_wconf 88' lang='lat' dir='ltr'>implere</span> <span class='ocrx_word' id='word_1_588' title='bbox 2125 3377 2286 3417; x_wconf 86' lang='lat' dir='ltr'>scribit:</span> <span class='ocrx_word' id='word_1_589' title='bbox 2328 3377 2373 3415; x_wconf 87' lang='lat' dir='ltr'>In</span> <span class='ocrx_word' id='word_1_590' title='bbox 2397 3376 2481 3416; x_wconf 80' lang='lat' dir='ltr'>suis</span> 
     </span>
    </p>
   </div>
  </div>
 </body>
</html>
