2533 4009
469 297 537 333 !{lri
875 324 879 327 .

457 376 541 403 cuni
587 362 815 399 servitutem
858 354 1035 391 servierit
1075 353 1215 390 Secula
1259 358 1397 390 sexto:

458 428 559 464 illam
610 428 793 468 tanquam
842 414 1014 453 nondum
1062 415 1159 452 satis
1200 414 1401 463 explorata

457 489 602 524 omitto

516 541 755 584 PAsLlNl'S
781 538 910 588 junior
937 535 1116 575 Pellaeus
1141 536 1405 586 Burdegalen-

456 612 532 645 sis.
561 603 736 654 xAusonii
782 610 928 650 nepos,
958 610 1073 647 CUJuS
1115 597 1404 636 eucharisticon

454 668 498 705 (le
544 666 619 703 rita
650 674 724 700 sua
757 660 860 711 quod
891 663 1064 698 carmine
1096 661 1256 698 lleroieo
1297 661 1400 709 (non

457 729 634 765 x‹·rsibus
664 725 844 773 elegiacis
869 728 910 761 ut
943 723 1049 770 legas
1074 723 1176 773 apud
1204 723 1401 761 Labbeum

456 803 536 839 ρας.
560 788 621 825 63.
640 787 734 825 Bibl.
759 787 1057 835 Manuscriptor.
1075 787 1083 831 )
1102 786 1278 835 scripsit,
1300 790 1405 823 octo—

456 851 612 897 genario
652 848 774 899 major
815 848 859 885 A.
890 848 978 885 456.
1007 851 1138 885 exstat
1168 847 1214 885 ad
1253 847 1402 885 calcem

456 913 599 950 Paulini
631 911 836 949 Petrucorii
868 920 952 959 pag.
990 910 1074 947 ⁴250.
1105 908 1152 945 de
1182 920 1260 958 quo
1291 909 1401 947 infra.

454 974 595 1012 (lunser
624 973 916 1011 'l'illemontium
943 976 968 1007 t.
993 971 1092 1008 xvi.
1120 982 1154 1020 p.
1179 971 1265 1008 446.
1293 982 1376 1020 seq.

509 1036 749 1074 l‘Al‘LlleS
769 1034 883 1083 cujus
903 1038 1095 1071 tractatus
1109 1031 1154 1070 (le
1179 1032 1286 1070 initio
1306 1044 1402 1084 qua·

451 1098 721 1147 (Iraqesimae.
747 1095 792 1133 (le
817 1095 877 1133 (lic
909 1094 1105 1131 Dominico
1129 1093 1331 1141 Paschae,
1357 1093 1402 1132 (Ie

452 1159 692 1203 obedientia,
738 1156 783 1195 cle
808 1156 1070 1207 poenitentia,
1103 1155 1148 1194 cle
1191 1155 1401 1207 Neophytis

453 1226 643 1260 memorat
671 1220 900 1258 Gennadius
928 1218 976 1255 dc
1008 1220 1046 1256 S.
1079 1218 1123 1255 E.
1161 1229 1244 1268 cap.
1277 1219 1339 1256 68.
1362 1223 1401 1254 et

455 1296 501 1321 ex
533 1295 577 1321 eo
609 1283 802 1321 llonorius
833 1282 875 1319 ll.
909 1280 972 1318 67.

506 1344 751 1384 PAL'LlNlJS
776 1343 1010 1392 Presbyter,
1040 1342 1257 1393 discipulus
1287 1344 1324 1382 S.
1352 1344 1400 1381 E-

453 1408 628 1458 phraemi
650 1438 659 1453 ,
690 1405 738 1444 de
759 1417 837 1455 quo
869 1405 969 1443 idem
996 1405 1228 1444 Gennadius
1256 1417 1339 1455 cap.
1363 1407 1399 1445 3.

454 1469 550 1507 infra
581 1467 854 1506 PAULONAS.

508 1528 733 1567 Benediclus
747 1529 990 1568 PAULINUS
1016 1530 1290 1577 Petrocorius,
1316 1532 1400 1568 sive

458 1591 721 1633 l'etricoriae,
751 1591 972 1641 Aquitanus
1002 1593 1068 1641 qui
1101 1590 1224 1630 libros
1250 1603 1327 1630 sea:
1356 1591 1401 1630 (le

456 1654 536 1692 vita
565 1657 601 1692 S.
641 1653 805 1691 ,llartini
841 1655 1008 1703 scriptos
1037 1655 1210 1692 carmine
1243 1655 1400 1692 Heroico

456 1715 651 1753 dedicavit
696 1717 886 1765 Perpetuo
918 1716 1137 1753 Turonensi
1184 1716 1402 1766 Episcopo,

455 1788 571 1827 quem
599 1779 807 1815 Patronum
839 1788 955 1815 suum
987 1778 1171 1827 appellat.
1201 1778 1238 1815 Is
1265 1779 1403 1827 Perpe-

459 1845 551 1877 tuus
593 1840 764 1878 Concilio
793 1840 1011 1876 Turonensi
1045 1839 1242 1889 praesedit
1272 1838 1315 1877 A.
1359 1840 1401 1878 C.

457 1901 524 1941 l⁸Ol
569 1901 668 1940 adde
683 1901 881 1940 Oudinum
909 1906 1002 1939 tom.
1031 1904 1043 1940 l
1074 1913 1161 1953 pag.
1190 1902 1301 1940 1288.
1327 1903 1404 1940 llu-

454 1963 520 2013 jus
544 1964 688 2002 Paulini
714 1963 923 2001 editionem
953 1963 1151 2001 meliorem
1177 1975 1267 2002 cum
1286 1965 1405 2002 Fran-

457 2026 549 2064 cisci
567 2026 689 2063 Jureti
707 2056 716 2072 ,
740 2024 852 2074 Casp.
879 2024 1022 2062 Barthii
1045 2029 1084 2062 et
1107 2024 1162 2063 Jo.
1185 2025 1286 2063 Frid.
1312 2025 1407 2063 Gro-

461 2089 562 2125 novii
608 2088 710 2124 notis
745 2086 937 2124 debemus
974 2086 1198 2126 Christiano
1244 2088 1407 2125 Dauniio

459 2140 512 2202 τῷ
549 2147 770 2198 pannum,
798 2150 947 2199 Lipsiae
985 2150 1097 2188 issi.
1132 2150 1166 2187 8.
1200 2150 1325 2187 Libris
1361 2148 1409 2186 ae

460 2213 545 2250 Vita
570 2213 719 2250 Martini
738 2222 835 2260 quos
860 2211 933 2249 sub
961 2213 1119 2249 nomine
1162 2212 1310 2250 Paulini
1337 2213 1410 2250 Νο-

460 2275 534 2313 lani
563 2275 710 2324 priores
730 2273 949 2321 editiones,
974 2278 1128 2323 praeter
1154 2285 1234 2311 rem
1261 2284 1304 2311 ac
1327 2285 1412 2322 per-

462 2348 591 2387 peram
634 2335 898 2383 exhibebant,
929 2335 1136 2385 subjicitur
1174 2347 1333 2373 carmen
1361 2335 1414 2373 acl

461 2396 683 2448 nepotulum
701 2425 710 2441 ‚
749 2402 784 2435 et
818 2397 1076 2448 Epiyramma
1105 2398 1286 2436 basilicae
1315 2398 1412 2436 Mar-

463 2462 531 2497 tini
564 2459 667 2510 apud
699 2461 880 2498 Turones
911 2461 1157 2510 inscriptum.

512 2522 530 2544 ³⁸
545 2520 792 2560 PAULlNUS
807 2520 1054 2563 Puteolanus.
1067 2523 1130 2561 Vir
1141 2522 1305 2561 doctiss.
1324 2520 1413 2559 Hie.-

461 2594 653 2634 ronymus
684 2584 900 2623 Tartarotti
936 2596 972 2621 in
1005 2584 1286 2623 dissertatione
1311 2595 1411 2634 quae

460 2648 601 2684 reiecta
632 2651 694 2684 est
725 2648 760 2684 in
791 2646 939 2685 calcem
972 2648 1188 2685 vastissimi
1219 2658 1280 2697 op.
1324 2647 1411 2684 Rer.

462 2709 624 2747 Italicar.
656 2709 860 2746 disserens
889 2708 937 2746 de
968 2720 1028 2760 op.
1061 2709 1244 2749 historico
1286 2708 1411 2747 Pauli-

462 2772 498 2808 ni
528 2770 732 2809 cuiusdam
765 2772 973 2820 Episcopi,
1004 2772 1120 2810 cuius
1158 2782 1274 2821 saepe
1299 2772 1410 2809 testi-

462 2834 634 2870 monium
668 2832 873 2871 Dandulus
906 2834 941 2869 in
976 2834 1070 2871 llist.
1099 2837 1240 2871 veneta
1266 2832 1409 2882 produ-

461 2896 536 2939 cit,
567 2896 791 2945 suspicatur
818 2906 939 2932 unum
971 2894 1069 2932 forte
1099 2894 1200 2932 idem
1233 2895 1284 2931 sit
1314 2894 1409 2931 Pau-

462 2957 565 2995 linus
595 2957 832 2996 Puteolanus
860 2957 976 3007 eujus
1006 2957 1166 2994 historia
1198 2956 1340 3005 legitur
1371 2956 1407 2992 in

463 3019 602 3057 Codice
632 3020 705 3058 ΜΞ.
736 3019 999 3058 Bibliothecae
1030 3018 1311 3057 Caesenatensi
1335 3018 1411 3055 lila-

464 3080 705 3120 latestarum.
739 3083 815 3120 Viri
847 3082 1017 3121 celebris
1046 3082 1315 3119 coniecturam
1342 3080 1412 3116 mi·

466 3139 500 3176 lii
532 3140 663 3180 datum
695 3156 784 3182 esse
812 3157 913 3182 novo
939 3147 1173 3193 argumento
1200 3142 1336 3180 fulcire
1361 3152 1409 3177 ex

465 3202 638 3240 eiusdem
681 3206 835 3245 Codicis
881 3208 1126 3257 inspectione
1173 3203 1336 3255 gaudeo.
1368 3203 1408 3240 ln

467 3263 700 3310 praefatione
730 3269 862 3306 scribit
900 3269 1042 3307 author
1073 3279 1115 3306 se
1147 3266 1331 3304 historiae
1369 3265 1411 3302 li-

467 3323 545 3360 lum
577 3325 621 3361 ad
662 3337 784 3375 usque
816 3334 990 3379 tempora
1023 3330 1176 3368 llenrici
1210 3328 1287 3365 vi'll.
1315 3327 1410 3376 Imp.

470 3395 703 3435 prorogare‚·
732 3400 808 3437 quo
830 3395 1003 3440 tempore
1033 3403 1074 3429 se
1101 3393 1135 3427 in
1164 3391 1266 3428 vivis
1296 3400 1410 3439 agere

1253 278 1631 319 PAULlNUs

1477 349 1682 400 significat.
1711 349 1814 387 Belle
1857 354 1986 391 omnia
2007 358 2243 403 congruunt.
2265 354 2304 390 F.
2328 353 2426 392 Pau-

1479 413 1583 451 linus
1613 421 1661 448 ex
1693 410 1827 449 ordine
1855 414 1944 451 Min.
1975 420 2206 465 assumptus
2223 426 2287 454 an.
2306 415 2430 454 ⁴324.

1480 472 1733 512 Puteolanam
1765 472 1972 513 ecclesiam
2002 487 2136 526 regere
2164 477 2316 526 coepit,
2360 487 2428 514 ne—

1485 546 1563 586 que
1592 532 1696 572 haud
1729 534 1853 572 multo
1883 541 1971 585 post
1995 537 2143 577 obitum
2164 538 2322 577 -Henrici
2347 537 2428 576 Vll.

1479 606 1597 647 quem
1629 595 1836 645 imperium
1867 598 2114 647 auspicatum
2139 603 2295 638 constat
2324 609 2428 638 anno

1482 657 1593 697 4309.
1625 657 1753 694 Potuit
1782 667 1873 707 ergo
1912 657 2098 698 Paulinus
2137 661 2209 699 iste
2253 660 2430 700 Puteola-

1483 729 1559 758 nus
1590 718 1664 757 sub
1690 718 1856 756 ilenrico
1880 719 1946 757 Vll
1971 720 2192 771 scripsisse,
2216 727 2429 772 antequam

1480 781 1633 819 scilicet
1666 790 1783 818 curas
1810 780 2066 830 Episcopales
2087 785 2349 834 suscepisset,
2373 788 2430 822 at—

1479 854 1557 893 que
1604 843 1655 880 ita
1700 842 1807 880 valet
1836 842 2046 880 Tartarotti
2083 844 2334 895 coniectura,
2362 846 2429 896 qui

1484 904 1691 943 Paulinum
1721 904 1960 954 Episcopum
1992 903 2161 943 Danduli
2203 915 2294 945 cum
2333 907 2432 946 Pau*

1484 967 1565 1004 lino
1596 965 1809 1004 Puteolano
1852 964 2008 1004 Codicis
2036 964 2339 1007 Caesenatensis
2365 980 2431 1007 co-

1479 1029 1651 1078 niungit.
1677 1026 2024 1066 Animadvertisse
2046 1032 2178 1066 tamen
2197 1027 2312 1078 juvat
2335 1029 2431 1069 Cac-

1477 1095 1730 1128 senatensem
1757 1088 1931 1127 codicem
1958 1099 2143 1129 mancum
2168 1099 2258 1128 esse
2277 1091 2430 1130 avulsis

1476 1151 1690 1202 postremis
1724 1151 1852 1197 foliis,
1882 1151 1968 1189 sive
1999 1151 2147 1190 incuria
2177 1152 2262 1190 sive
2292 1152 2432 1192 iniuria

1475 1213 1644 1252 alicuius
1674 1213 1819 1251 nescio,
1850 1213 2003 1250 Desinit
2049 1213 2084 1251 in
2131 1223 2216 1263 cap.
2248 1211 2334 1252 Xll.
2367 1213 2430 1253 ubi

1477 1276 1525 1314 de
1577 1276 1739 1313 victoria
1789 1274 2036 1314 Constantini
2085 1279 2222 1314 contra
2268 1274 2431 1314 Maxen-

1476 1339 1588 1377 tium.
1620 1337 1640 1359 *ε

1527 1398 1788 1438 PAULONAS
1832 1396 2066 1450 Presbyter,
2106 1399 2144 1437 in
2189 1398 2427 1449 quibusdam

1475 1461 1666 1500 Gennadii
1698 1460 1907 1500 Codicibus
1945 1471 2030 1512 cap.
2077 1461 2112 1499 3.
2158 1461 2430 1509 PAULINUS,

1477 1523 1545 1562 sed
1592 1525 1631 1561 in
1678 1525 1764 1561 aliis
1795 1526 1834 1561 et
1862 1522 1965 1573 apud
1992 1523 2203 1562 Honorium
2236 1524 2280 1562 ll.
2305 1525 2342 1563 3.
2372 1535 2433 1563 re-

1477 1587 1583 1624 ctius
1601 1585 1886 1633 PAULOMS,
1912 1585 1951 1623 S.
1976 1585 2175 1636 Ephraimi
2200 1585 2431 1637 discipulus,

1476 1649 1600 1686 Greee
1632 1649 1762 1698 potius
1789 1647 1996 1697 scripsisse.
2028 1645 2185 1686 videtur
2208 1658 2328 1697 quam
2361 1649 2429 1686 La-

1479 1712 1589 1757 tine,
1634 1711 1708 1747 etsi
1755 1710 1902 1747 Latinis
1932 1709 2190 1759 scriptoribus
2226 1711 2247 1748 a
2283 1709 2431 1761 Gangio

1484 1777 1731 1811 accensetur.
1779 1770 1932 1809 vivente
1972 1769 2192 1821 Mayistro,
2230 1769 2366 1810 clarus
2395 1770 2435 1809 iu

1477 1832 1708 1873 Ductoribus
1734 1831 2022 1871 Ecclesiasticis
2058 1831 2162 1884 fuit,
2192 1835 2229 1870 et
2256 1832 2434 1872 maoeime

1480 1909 1535 1935 eat
1569 1900 1737 1948 tempore
1767 1894 2032 1942 declamator,
2058 1897 2148 1946 post
2170 1892 2276 1933 illius
2303 1897 2434 1933 autem

1479 1958 1624 1997 obitum
1641 1989 1649 2003 ‚
1690 1968 1826 1995 amore
1849 1955 2050 2008 primatus
2079 1959 2115 1995 et
2141 1956 2332 2002 nominis,
2376 1968 2435 1996 se-

1481 2032 1633 2073 parans
1679 2031 1719 2059 se
1751 2017 1801 2057 ab
1832 2017 2008 2057 Ecclesia
2045 2018 2207 2070 scripsit
2232 2018 2436 2058 contraria

1478 2082 1571 2135 fidei
1584 2081 1718 2121 multa.
1745 2083 1812 2120 llic
1837 2080 2086 2120 Bardesaues
2106 2080 2281 2121 novellus
2301 2082 2350 2120 ab
2372 2093 2436 2121 eo-

1483 2146 1571 2183 dem
1607 2144 1828 2195 Ephraemo
1851 2143 2039 2195 appellari
2069 2145 2290 2183 consvevit.

1537 2205 1730 2246 nobercus
1775 2205 2035 2246 PAULULUS
2064 2206 2179 2255 (aliis
2221 2205 2435 2254 PULLUS)

1486 2270 1698 2319 Presbyter
1736 2273 1776 2307 et
1806 2269 2010 2308 familiaris
2038 2269 2224 2320 Episcopi
2252 2268 2440 2307 Ambien-

1486 2334 1566 2381 siS,
1593 2336 1731 2371 auctor
1751 2334 1788 2369 in
1819 2331 1961 2370 Codice
1985 2333 2179 2370 Manuscr.
2205 2331 2440 2380 Sangerma-

1487 2395 1598 2432 nensi
1635 2393 1865 2444 perhibetur
1895 2391 2090 2432 librorum
2122 2396 2242 2431 trium
2271 2391 2317 2431 de
2340 2391 2439 2430 ceri-

1485 2456 1638 2505 moniis,
1658 2456 1922 2494 sacramentis
1937 2458 1974 2494 et
1993 2454 2128 2509 officiis
2141 2453 2436 2503 Ecclesiasticus,

1485 2531 1584 2571 quos
1614 2524 1719 2558 tomo
1745 2520 1860 2557 tertio
1881 2529 2045 2570 operum
2072 2517 2288 2557 HUGONIS
2307 2517 2436 2556 Victo-

1486 2583 1556 2620 rini
1587 2581 1714 2619 editos
1739 2580 1817 2619 dixi
1840 2591 1960 2631 supra
1985 2586 2012 2618 t.
2043 2581 2078 2619 3.
2108 2591 2194 2630 pag.
2217 2579 2307 2619 279.
2337 2580 2438 2619 Con-

1486 2645 1542 2683 fer
1572 2644 1778 2683 Mabillonii
1824 2643 1945 2693 praef.
1974 2641 2022 2681 ad
2054 2642 2138 2681 Sec.
2170 2643 2234 2680 lll.
2274 2640 2437 2680 Benedi-

1483 2708 1576 2745 ctin.
1608 2713 1647 2745 et
1677 2705 1876 2744 Oudinum
1909 2710 2003 2743 tom.
2035 2705 2072 2743 2.
2102 2715 2186 2755 pag.
2215 2703 2331 2742 ⁴569.

1536 2768 1729 2806 PAULUS
1760 2768 1785 2805 l.
1812 2768 2037 2815 Romanus,
2070 2767 2170 2816 Papa
2194 2765 2243 2804 ab
2267 2765 2312 2804 A.
2343 2763 2434 2804 757.

1482 2830 1566 2879 lllaji
1597 2830 1658 2867 28.
1683 2829 1729 2867 ad
1751 2829 1798 2867 A.
1826 2827 1912 2866 767.
1938 2828 2028 2867 Jun.
2058 2828 2120 2868 29.
2152 2827 2200 2867 de
2223 2839 2302 2879 quo
2333 2827 2432 2867 Acta

1483 2894 1662 2931 Sanctior.
1696 2896 1791 2929 toni.
1824 2891 1865 2928 V.
1897 2891 2002 2928 lunii
2034 2890 2095 2929 28.
2127 2896 2214 2942 pag.
2239 2889 2326 2929 378.
2351 2900 2434 2940 seq.

1487 2953 1584 3002 Ejus
1617 2950 1815 3002 Epistolas
1845 2952 1972 2990 XXXI.
2001 2951 2047 2991 ad
2080 2953 2260 3003 Pipinum
2293 2954 2435 3003 Regem

1485 3014 1609 3053 edidit
1640 3015 1874 3053 Franciscus
1907 3016 1965 3053 Du
1996 3013 2154 3053 Chesne
2184 3019 2210 3053 t.
2235 3016 2270 3054 3.
2301 3025 2434 3054 rerum

1486 3079 1721 3115 Francorum
1742 3089 1826 3128 pag.
1847 3076 2137 3116 725-760.lnde
2152 3081 2434 3129 etargumenta

1483 3139 1696 3177 earundem
1742 3152 1790 3177 ex
1830 3139 1993 3178 Baronio
2024 3139 2143 3177 etiam
2174 3138 2289 3177 obvia
2329 3138 2433 3189 apud

1485 3201 1735 3240 Sirmondum
1760 3206 1852 3239 tom.
1884 3201 1920 3239 2.
1945 3200 2150 3240 Concilior.
2175 3200 2321 3239 Galliae
2345 3211 2431 3251 pag.

1485 3264 1546 3302 61.
1577 3267 1697 3313 atque
1729 3264 1766 3301 in
1793 3264 2058 3302 Conciliorum
2089 3262 2247 3302 Tomis:
2279 3262 2344 3301 ubi
2374 3263 2433 3300 iti-

1485 3325 1573 3363 dem
1607 3326 1711 3364 Pauli
1745 3327 1870 3375 Papae
1900 3323 2148 3363 coustitutum
2178 3322 2227 3362 de
2256 3323 2433 3363 Ecclesia

1486 3392 1524 3425 et
1555 3387 1800 3425 Monasteriis
1829 3388 1848 3423 ii
1876 3397 1918 3424 se
1943 3386 2112 3433 creetis,
2141 3396 2230 3424 cum
2261 3385 2432 3425 subscri-
