2533 4009
450 220 527 258 350

449 299 489 325 re
510 317 518 334 ,
551 290 652 339 quod
680 288 996 336 Pantheoloyiam
1026 287 1244 336 inscripsit,
1264 288 1301 324 in
1319 299 1396 338 quo

447 360 548 397 quac
578 350 624 387 ad
657 348 904 395 leologiam
937 348 1161 396 pertinent,
1184 348 1319 386 ordine
1344 349 1398 386 al—

448 410 652 459 phabetico
677 408 864 457 disposita
896 412 1002 446 sunt.
1038 410 1243 459 lnce—perat
1286 409 1398 460 Opus

445 482 506 507 an.
544 471 650 507 1333.
677 480 723 505 ex
756 480 832 516 quo
862 467 910 505 dc
941 474 1144 518 tompore,
1174 482 1252 519 quo
1282 472 1394 518 vixit,

445 536 669 578 conjcwtnra
701 529 780 566 lieri
813 534 953 579 potest.
982 530 1094 569 Edita
1124 537 1185 570 est
1210 532 1271 570 illa
1298 534 1396 572 Pan-

443 591 632 637 theologia
664 590 871 638 (land-avi,
906 591 1020 630 1559.
1053 598 1095 631 ut
1125 593 1285 643 quidam
1319 601 1397 633 tra—

443 636 784 694 dunthznnmae
813 652 953 698 titulo,
985 654 1154 693 Norimb.
1198 666 1292 694 cura
1336 657 1394 694 Fr.

439 712 569 750 Jacohi
603 713 842 761 Hor-entim,
874 715 976 764 apud
1008 716 1064 753 Jo.
1105 717 1393 757 Sensenchmid

440 781 475 810 et
510 776 623 811 llcnr.
650 775 787 822 Refer,
818 777 930 814 1473.
956 777 1002 815 l'ol
1034 783 1073 815 et
1096 779 1396 830 Pantlicoloyiae

441 836 552 873 titulo
584 836 725 874 ibidem
772 838 876 887 apud
923 840 1226 889 Kohui‘gerum,
1276 843 1394 880 4474.

442 898 551 935 1478.
583 902 622 936 et
655 898 755 937 1486
800 900 833 937 2.
867 901 942 938 vol.
977 902 1037 940 fol.
1065 904 1251 941 Summae
1269 905 1395 943 Vene—

438 961 500 995 tiis
530 971 590 1008 ap.
638 962 796 999 Petrum
838 963 1133 1012 Lichtenstein,
1167 966 1280 1003 ⁴486.
1331 967 1395 1004 fol.

439 1020 616 1070 Lugduni
635 1026 824 1072 expensis
841 1026 1091 1063 Constantini
1119 1027 1274 1074 Fredin‚
1290 1029 1390 1067 1519

437 1082 498 1120 fol.
528 1083 663 1129 (Catal.
683 1086 931 1124 Bunemanni
955 1098 989 1136 p.
1013 1086 1088 1133 32.)
1107 1090 1259 1128 Brixiae
1275 1091 1391 1130 1529.

442 1145 551 1183 1581.
578 1145 612 1183 li.
646 1146 781 1183 tonet.
816 1147 931 1186 1585.
980 1147 1017 1186 [ι.
1063 1149 1222 1188 tandem
1270 1152 1392 1203 Lugd.

442 1207 552 1245 1655.
581 1212 619 1244 et
653 1208 770 1245 Paris.
805 1210 921 1249 1670.
952 1211 986 1249 3.
1013 1212 1090 1250 vol.
1122 1213 1184 1250 fol.
1217 1226 1285 1264 per
1333 1216 1393 1253 Fr.

433 1269 619 1307 Jaeohum
652 1270 817 1317 nicolai,
847 1272 941 1310 Ord.
974 1274 1314 1324 Praedicatoruin,
1345 1276 1393 1315 de.

433 1330 549 1379 cujus
579 1331 749 1369 editione
780 1333 963 1373 addimus
987 1335 1180 1385 judicium
1211 1338 1268 1375 Jo.
1295 1339 1393 1376 Lau-

437 1391 513 1442 noji
545 1392 640 1430 diss.
670 1393 718 1431 de
750 1399 873 1432 veteri
904 1396 1080 1434 ciborum
1102 1397 1258 1437 delectu
1279 1400 1314 1436 in
1333 1399 1391 1449 je-

433 1452 556 1502 juniis
581 1454 895 1495 Christianorum
923 1462 1016 1495 tom.
1043 1459 1075 1496 ll
1113 1459 1212 1509 Opp.
1238 1465 1334 1510 part.
1353 1462 1388 1500 2.

437 1526 472 1563 p.
505 1516 592 1552 686.
626 1515 930 1568 Pantlieoloyz'ae
949 1518 1151 1558 identidem
1170 1522 1389 1573 interponit,

436 1576 660 1626 sinyularis
691 1577 793 1624 sibi.
833 1581 1016 1630 vulfsaris
1053 1581 1145 1621 aliis
1189 1583 1391 1624 doctrinae

435 1636 754 1686 observationes.
787 1653 888 1691 quae
920 1643 1147 1682 Lectorilms
1189 1646 1390 1685 molestiae

431 1698 652 1750 plurimum
670 1733 678 1747 ,
711 1714 751 1739 m
763 1702 924 1752 luptatis
950 1704 1048 1742 m'lu'l
1069 1710 1141 1743 aut
1152 1719 1300 1758 parum
1321 1708 1392 1746 ad-

433 1760 578 1811 ferunt.
604 1763 650 1800 lcl
672 1765 832 1814 eqreyia
857 1764 1131 1806 lucubratione
1154 1779 1230 1807 sua
1257 1769 1392 1809 'consc-

433 1827 547 1862 cutus
567 1828 625 1862 esc
640 1856 651 1873 ,
681 1826 942 1876 antiquarum
965 1828 1176 1868 editionum
1195 1830 1386 1870 Pantheo-

434 1884 533 1935 loyza
565 1887 746 1925 Rainerii
771 1901 846 1926 non
876 1890 1064 1939 minoris,
1084 1896 1129 1930 ut
1143 1896 1236 1942 post
1253 1893 1385 1932 editio-

434 1958 519 1984 nem
542 1959 681 1987 novam
697 1950 790 2001 fieri
810 1950 928 1998 solet,
954 1953 1024 1991 sed
1039 1953 1226 2004 pluribus
1241 1956 1388 1995 venda-

436 2013 503 2046 tur
527 2013 562 2047 et
584 2016 819 2061 requiratur
842 2012 1066 2063 clilz'yentius
1109 2016 1322 2057 Caeterum
1339 2019 1388 2057 de

433 2071 505 2109 hoc
535 2078 695 2110 auctore
726 2079 812 2123 post
847 2076 1077 2125 Dupinium,
1109 2079 1385 2130 Whartonum‚

433 2132 632 2172 Oudinum
650 2165 660 2182 ,
688 2136 776 2174 vide
798 2138 1055 2177 Muratorium
1083 2145 1177 2179 tom.
1199 2143 1267 2180 Xl.
1285 2143 1322 2181 S.
1345 2144 1388 2181 R.

433 2195 516 2232 Ital.
546 2207 583 2246 p.
612 2197 700 2234 286.
731 2198 814 2236 Jac.
857 2199 994 2244 Quetif
1031 2202 1079 2239 de
1122 2203 1389 2253 Scriptoribus

431 2257 522 2294 Ord.
554 2258 868 2299 Praedicatorum
893 2268 984 2301 tom.
1006 2264 1032 2302 Ι.
1053 2264 1143 2302 635.
1164 2265 1386 2316 Sopranum

432 2318 481 2355 de
511 2319 778 2368 scriptoribus
826 2324 1003 2374 Liguriae
1048 2337 1071 2375 p
1114 2327 1190 2364 219
1235 2327 1390 2366 Oldoini

431 2380 681 2420 Athenaeum
717 2384 958 2434 Ligusticum
985 2399 1019 2438 p.
1047 2389 1136 2427 489.

484 2442 502 2464 ³*
532 2442 674 2493 Operis
709 2446 828 2485 huius
866 2449 1088 2488 Raineriani
1122 2451 1158 2488 in
1189 2451 1284 2490 edit.
1315 2452 1390 2491 No-

431 2504 688 2555 rimhergensi
719 2518 782 2545 an.
810 2508 911 2549 4473
943 2512 1085 2550 titulus
1125 2517 1187 2551 est
1217 2513 1390 2552 Pantho-

430 2564 531 2615 loyia
559 2572 599 2604 et
630 2568 756 2607 tribus
783 2571 818 2608 in
844 2572 904 2609 fol.
931 2573 1206 2613 voluminibus
1229 2582 1390 2616 constat

433 2629 531 2673 (non
576 2632 765 2679 summa)
793 2633 963 2672 Rainerii
994 2635 1050 2673 De
1081 2638 1194 2675 Pisis.
1234 2638 1293 2676 Ab
1322 2650 1391 2678 au-

431 2688 541 2728 thore
558 2695 690 2729 tamen
709 2703 782 2730 suo
797 2695 1244 2749 Summaminscriptam
1267 2701 1389 2739 fuisse

430 2750 544 2789 docet
570 2763 739 2802 magnus
756 2754 889 2794 Codex
908 2758 982 2795 MS.
1001 2759 1254 2799 Chartaccus
1280 2762 1389 2800 Sacc.

436 2813 516 2850 XV.
550 2813 654 2864 apud
701 2827 764 2853 me
807 2818 989 2855 existens
1023 2821 1059 2857 in
1091 2831 1170 2869 quo
1201 2823 1391 2861 Summae

433 2874 552 2913 huius
585 2887 678 2926 pars
707 2878 812 2927 prior
841 2880 1098 2918 continetur:
1135 2883 1193 2920 En
1226 2884 1390 2922 titulum

433 2936 628 2987 integrum
649 2951 655 2976 :
683 2938 825 2991 Incipit
846 2940 983 2991 prima
1005 2953 1106 2992 pars
1136 2943 1323 2981 Summae
1347 2945 1388 2982 F.

434 2999 622 3047 Raynerii
643 2999 688 3039 cle
713 3001 831 3040 Pisis.
849 3002 953 3040 Doct.
977 3003 1131 3052 eocimii,
1151 3003 1243 3043 ord.
1266 3005 1391 3044 Prae-

434 3057 678 3111 dicatorum,
709 3074 829 3113 quam
857 3065 1071 3116 composuit
1100 3067 1254 3117 maqnis
1283 3066 1388 3106 labo-

436 3117 548 3157 ribus
572 3132 647 3170 pro
666 3124 794 3163 salute
817 3126 1058 3175 animarum,
1076 3130 1113 3166 et
1131 3129 1392 3167 communiori

437 3190 483 3215 ac
511 3180 686 3228 faciliori
711 3187 840 3225 studio
864 3187 1205 3239 praedicatorum.
1221 3192 1388 3230 Rainerii

439 3250 569 3277 sermo
598 3243 643 3281 (lc
659 3245 822 3294 fortuna
843 3255 882 3287 et
903 3262 1035 3289 sermo
1057 3251 1104 3291 de
1124 3252 1301 3292 sortibus
1323 3266 1391 3293 ex-

440 3305 494 3337 tat
527 3303 561 3338 in
593 3305 733 3343 (lodice
767 3312 860 3348 Rihl.
892 3313 1173 3351 lticcardianac
1204 3323 1390 3356 monente

1223 217 1654 257 llAlNElllUS

1466 288 1515 326 cl.
1546 290 1680 327 Lamio
1711 291 1746 328 in
1777 291 1963 346 Catalogo
1993 297 2121 336 eiusd.
2162 309 2248 348 pag.
2289 298 2378 338 335.
2411 298 2431 321 ⁸⁸*

1525 349 1811 403 RAlNERlUS‚
1826 355 2022 396 Diaconus
2038 364 2078 397 et
2089 360 2307 398 monachus
2321 361 2433 399 Pom-

1473 411 1690 459 posianus,
1718 414 1815 451 vixit
1845 427 1881 454 a.
1911 418 2024 457 1200.
2063 425 2103 458 et
2149 419 2430 460 Collectionem

1467 484 1642 524 primam
1670 474 1932 515 Decretalium
1955 479 2170 520 Innocentii
2183 483 2258 520 III.
2280 494 2330 521 ex
2357 482 2432 521 Re—

1471 536 1595 584 gestis
1623 535 1813 586 Epistolis
1841 538 1929 586 eJ'us
1953 550 2147 581 annorum
2173 545 2287 583 1198.
2312 544 2426 584 1199.

1473 596 1588 634 1200.
1616 598 1652 634 in
1680 599 1759 635 XL.
1785 599 1930 638 titulus
1954 605 2178 651 congessit,
2222 605 2368 644 editam
2407 615 2429 644 a

1472 659 1629 697 Baluzio
1660 661 1733 697 t.l.
1752 660 2025 710 lipistolarum
2049 664 2253 704 Innocenti
2272 678 2308 718 p.
2340 668 2429 706 543.

1523 721 1792 762 RAlNERlUS
1820 722 1867 760 cle
1898 723 2103 773 Raineris,
2129 728 2271 775 senior,
2303 728 2429 766 sutus

1470 786 1505 819 et
1539 782 1666 820 Judex
1700 785 1941 833 Perusinus,
1973 787 2086 823 Petro
2115 787 2293 826 Damiani
2319 788 2431 827 fami-

1471 844 1577 882 liaris
1598 873 1605 891 ‚
1634 855 1668 883 a.
1696 846 1810 885 ⁴050.
1836 847 2003 897 Scripsit
2023 846 2242 887 Historiam
2266 849 2429 888 Visionis

1473 903 1631 943 habitae
1660 906 1699 944 in
1721 906 1899 946 Ecclesia
1923 910 1962 947 S.
1990 908 2102 948 Petri
2127 911 2333 950 Perusina.
2358 911 2426 949 Ol-

1469 966 1572 1004 doini
1604 967 1854 1008 Athenaeum
1885 971 2113 1023 Augustum
2145 983 2180 1022 p.
2211 973 2301 1013 292.

1522 1029 1635 1068 Alius
1661 1029 1818 1080 junior,
1849 1032 1974 1071 JCtus
2003 1037 2043 1070 et
2072 1034 2272 1073 Professor
2307 1037 2428 1075 Peru-

1470 1092 1608 1140 sinus,
1653 1103 1674 1130 a
1718 1094 1862 1131 jasone
1909 1096 2050 1144 Mnyno
2096 1096 2427 1144 commendatum

1471 1154 1573 1192 circa
1604 1165 1637 1192 a.
1671 1154 1785 1192 4430.
1818 1155 1977 1205 reliquit
2007 1157 2198 1196 Lecturas
2226 1167 2347 1210 super·
2379 1157 2424 1209 ff.

1469 1220 1508 1253 et
1543 1214 1745 1253 Volumina
1776 1217 2077 1267 Responsorum.
2106 1218 2298 1258 Oldoinus
2329 1221 2354 1258 l.
2382 1231 2420 1259 c.

1521 1276 1792 1315 RAINERIUS
1817 1279 2029 1327 Sacconus,
2050 1279 2313 1331 Placentinus,
2333 1281 2420 1320 Phi·
2479 1284 2487 1286 “

1469 1339 1657 1389 Iosophus
1686 1344 1726 1377 et
1756 1339 2003 1390 TheologuS‚
2035 1347 2150 1392 prout
2180 1342 2242 1381 illa
2273 1347 2424 1394 tempo-

1467 1412 1506 1438 ra
1551 1401 1756 1449 serebant,
1790 1413 1866 1439 non
1907 1404 2254 1453 contemnendus,
2297 1406 2424 1454 primo

1466 1463 1742 1501 waldensium
1775 1464 2019 1515 Episcopus,
2044 1464 2186 1504 deinde
2210 1466 2426 1506 Monachus

1467 1525 1627 1563 Ordinis
1656 1525 1976 1564 Praedicatorum
2006 1530 2046 1564 et
2076 1527 2297 1566 haereticae
2340 1539 2427 1578 pra-

1467 1589 1601 1625 xitatis
1644 1598 1713 1637 per
1752 1587 2024 1625 Lombardiam
2057 1589 2296 1639 Inquisitor,
2325 1589 2419 1628 obiit

1464 1659 1498 1687 a.
1529 1649 1644 1687 1259.
1691 1650 1727 1686 in
1772 1650 1902 1687 exilio.
1947 1649 2114 1700 Scripsit
2143 1651 2347 1688 Summam
2375 1649 2422 1689 de

1467 1709 1656 1749 Catharis
1685 1714 1722 1748 et
1753 1710 1941 1749 Leonistis
1977 1721 2048 1749 seu
2086 1709 2342 1762 Pauperibus
2378 1711 2425 1750 de

1466 1771 1678 1821 Luyduno,
1707 1783 1808 1822 quae
1837 1784 1858 1810 a
1889 1772 2051 1812 Claudio
2079 1771 2270 1811 Cousford
2313 1774 2422 1811 Paris

1464 1833 1579 1872 1568.
1606 1833 1723 1882 edita,
1748 1836 1785 1871 in
1813 1834 1924 1880 libro,
1948 1845 2067 1884 quem
2086 1835 2286 1884 inscripsit
2318 1830 2425 1876 Wal-

1462 1894 1641 1933 <lensium
1671 1901 1707 1933 et
1737 1895 1988 1946 quorundam
2016 1893 2190 1934 aliorum
2233 1904 2421 1943 errores,

1464 1962 1652 2006 tanquam
1681 1957 1827 1996 inedita
1854 1969 1947 1996 vero
1970 1958 2019 1996 ab
2042 1957 2143 1996 Edm
2182 1959 2356 1996 Mai-tene
2381 1962 2421 1996 et

1466 2019 1604 2057 Ursino
1636 2019 1792 2057 Durand
1825 2024 1852 2056 t.
1884 2020 1914 2057 V
1943 2019 2133 2058 Thesauri
2166 2020 2254 2057 novi
2291 2019 2419 2058 Aneo-

1461 2079 1641 2119 dotorum
1674 2082 1820 2118 inserta
1849 2085 1935 2128 est,
1968 2092 2004 2131 p.
2035 2080 2150 2120 1759.
2197 2078 2314 2119 Liber
2349 2080 2422 2120 ad-

1462 2153 1602 2180 versus
1648 2140 1875 2182 Wala'enses
1917 2152 1937 2180 a
1981 2142 2168 2181 Gretsero
2191 2142 2323 2181 editus
2352 2148 2416 2182 est

1465 2203 1679 2254 lngolstad.
1712 2205 1825 2242 1613.
1859 2205 1892 2242 Ιι.
1926 2204 2068 2243 deinde
2098 2205 2135 2242 in
2167 2204 2420 2243 Bibliothecis

1465 2267 1532 2303 PP.
1563 2270 1603 2303 et
1632 2265 1793 2315 quidem
1826 2265 2082 2316 Lugdunensi
2113 2270 2206 2303 tom.
2238 2264 2349 2304 XXV
2379 2277 2415 2316 p.

1463 2326 1554 2366 262.
1585 2328 1622 2364 in
1654 2328 1811 2365 Freheri
1841 2328 2031 2378 Scriptor.
2060 2337 2193 2366 rerum
2238 2326 2422 2365 Bohemi-

1463 2400 1540 2427 car.
1573 2390 1608 2426 in
1640 2390 1839 2428 Fasciculo
1869 2400 2002 2428 rerum
2032 2387 2348 2440 expetendarum
2377 2392 2417 2427 et

1462 2450 1737 2501 fugiendarum
1757 2480 1764 2498 ,
1791 2450 1951 2489 tandem
1974 2451 2011 2488 in
2036 2449 2232 2500 Operibus
2254 2449 2421 2489 Gretse—

1465 2514 1494 2551 ri
1526 2516 1621 2551 tom.
1664 2513 1735 2551 Xll
1768 2517 1866 2562 part.
1897 2513 1922 2551 2
1966 2524 2001 2563 p.
2032 2512 2094 2551 23.
2126 2521 2237 2562 seqq.
2279 2512 2421 2562 Magna

1465 2576 1552 2625 ejus
1583 2586 1673 2625 pars
1698 2574 1778 2623 jam
1810 2579 1903 2614 ante
1932 2574 2036 2613 edita
2067 2574 2194 2612 fuerat
2225 2573 2263 2611 in
2301 2573 2419 2612 Flacii

1466 2637 1591 2676 Catal.
1634 2638 1798 2675 testium
1843 2637 2029 2675 Veritatis
2058 2647 2095 2686 p.
2127 2634 2215 2674 431.
2257 2634 2417 2673 Freheri

1466 2702 1506 2736 et
1537 2699 1652 2736 Flacii
1683 2698 1878 2737 editiones
1908 2698 2080 2748 plurium
2104 2695 2419 2747 corruptelarum

1467 2760 1596 2809 arguit
1624 2760 1838 2798 Grotserus
1884 2763 1980 2797 tom.
2010 2758 2120 2797 XXV
2152 2756 2250 2796 Bibl.
2280 2758 2348 2795 PP.
2379 2767 2417 2806 p.

1467 2821 1555 2860 261.
1586 2821 1784 2865 Observat
1825 2825 1957 2860 autem
1989 2821 2182 2871 Georgius
2210 2818 2419 2859 Conradus

1465 2884 1655 2933 Riegerus
1699 2882 1751 2921 im
1793 2880 2036 2922 Saltzbunde
2065 2893 2100 2932 p.
2133 2881 2221 2920 502.
2254 2880 2414 2918 titulum

1467 2943 1587 2993 hujus
1607 2945 1692 2982 libri
1715 2944 1763 2982 ab
1783 2949 1944 2983 auctore
1965 2945 2198 2993 inscriptum
2218 2951 2308 2980 esse
2332 2951 2421 2979 con-

1466 3009 1532 3044 tra
1561 3005 1789 3055 haereticos,
1807 3007 1952 3057 quippe
1967 3007 2033 3056 qui
2053 3003 2289 3044 Waldenses
2303 3013 2324 3041 a
2341 3004 2420 3042 Ma-

1466 3069 1638 3108 nichaeis
1660 3073 1699 3106 ct
1716 3068 1893 3107 Arrianis
1917 3068 2150 3119 distinguat,
2162 3067 2337 3105 Jesuitas
2354 3075 2420 3103 ve-

1465 3131 1631 3169 roillum
1658 3142 1725 3181 pro
1756 3131 1942 3180 lubitu,et
1964 3128 2012 3168 ad
2031 3127 2218 3167 invidiam
2232 3125 2422 3166 Walden-

1465 3194 1575 3232 sibus
1595 3193 1884 3241 concitandam,
1907 3194 2140 3231 immutasse
2161 3201 2170 3227 :
2189 3189 2346 3227 interim
2363 3194 2421 3226 ta-

1468 3266 1555 3293 men
1582 3256 1808 3293 testimonio
1828 3256 1914 3293 eius
1937 3254 2062 3293 utitur
2089 3251 2136 3291 ad
2167 3250 2355 3301 dogmata
2380 3253 2421 3287 et

1470 3317 1868 3356 vitamWaldensium
1887 3311 2416 3365 delineandam‚p.255.502.
