2517 4009
867 237 1224 278 it'UviijiUs

53 320 148 348 vum
178 312 458 359 argumentum
491 307 791 356 subministrat,
826 307 1010 359 Dialoyos

3 391 5 396 ·
51 370 166 409 modo
186 370 318 410 dictus
349 380 440 408 esse
471 369 637 420 Ruperti
681 371 927 419 Tuitiensis,
973 371 1008 409 id

50 431 154 481 quod
181 433 300 471 miror
323 431 372 470 ab
392 431 467 469 illis
484 432 714 470 Duumviris
731 443 820 471 esse
837 437 1012 483 praeter-

51 493 232 533 missum.

101 555 372 594 Memorantur
392 559 527 593 tamen
551 553 640 604 ejus
679 555 875 606 quaedam
916 566 1016 594 non-

44 616 141 656 dum
174 615 308 666 edita,
341 623 387 655 ut
416 621 538 656 sunt:
573 616 680 668 Opus
710 628 766 656 eae
796 615 914 656 libris
942 618 1014 655 Re-

48 687 148 729 qum
173 677 222 717 de
240 676 418 729 ylorioso
447 680 547 729 Repe
588 679 721 717 David
739 709 748 726 ‚
779 679 884 730 quod
929 680 1013 729 ipse

45 739 208 780 adducit
230 741 269 778 in
295 740 540 791 praefatione
562 740 610 778 ad
633 740 778 779 librum
801 740 849 778 de
866 739 1014 778 divinis

46 801 211 840 officiis:
253 800 497 853 Opusculum
528 801 652 840 trium
676 799 900 839 libellorum
938 798 1012 838 sub

45 861 211 914 Dialoyo
238 861 386 902 Iudaei
406 867 445 901 et
463 862 686 902 Christiani
707 861 754 900 de
782 872 1014 901 sacramen-

46 928 83 964 to
105 923 225 977 fidei,
253 930 448 964 memorat
468 936 547 964 una
578 936 669 963 cum
696 925 825 974 priore
849 923 1014 973 Anony-

45 996 138 1026 mus
165 986 408 1036 Mellieensis
433 997 468 1024 c.
493 985 582 1025 417.
628 984 902 1036 Epz'stolarum
946 983 1010 1023 lib.

44 1047 78 1086 Ῑ.
107 1047 354 1092 Tritbemius
377 1058 415 1086 c·
438 1047 527 1086 365.
549 1048 759 1086 Sermones
789 1051 828 1085 et
855 1046 1014 1086 Carmi-

42 1119 98 1148 na
123 1109 269 1159 varia,
294 1109 378 1148 scil.
408 1110 535 1148 Vitam
551 1109 597 1147 D.
623 1107 857 1159 Auyuslini,
887 1107 1012 1146 Vitam

42 1171 84 1210 S.
117 1169 268 1211 Odiliae
295 1169 477 1221 virqim‘s,
492 1170 643 1210 Cantus
658 1168 942 1208 ecclesiasticos
966 1167 1013 1206 de

27 1225 82 1272 S.
107 1233 254 1272 Severo
269 1230 505 1284 confessore.
521 1231 753 1269 Witlichius
779 1231 817 1268 in
848 1230 1012 1280 praefat.

42 1292 256 1344 Apologiae
280 1304 318 1343 p.
344 1292 408 1330 93.
428 1297 470 1330 et
492 1292 788 1330 Declamatione
804 1302 842 1340 p.
867 1291 956 1328 408.
975 1290 1013 1328 b.

95 1350 332 1391 Carminum
363 1348 462 1388 libri
485 1350 550 1389 IV.
582 1354 623 1388 et
645 1348 796 1400 Hymni
813 1349 904 1387 lecti
929 1349 1014 1387 fue-

43 1416 139 1452 runt
166 1411 300 1452 Leodii
324 1411 374 1451 ad
398 1411 436 1450 S.
458 1411 747 1458 Laurentium,
785 1414 892 1449 teste
928 1410 1012 1449 Val.

41 1474 201 1515 Andrea
232 1476 270 1513 in
296 1474 392 1514 Bibl.
417 1473 574 1525 Belgica
595 1485 632 1524 p.
659 1473 749 1512 805.

87 1536 337 1577 Exciderunt
353 1536 408 1575 illi
425 1534 622 1587 quaedam
639 1539 779 1573 contra
789 1535 1014 1573 Transsub-

42 1599 355 1646 stantiationem,
380 1608 483 1648 quae
498 1598 773 1636 protestantes
792 1600 983 1635 urserunt
1003 1625 1011 1643 ,

43 1659 237 1699 Pontificii
271 1669 368 1698 vero
391 1658 598 1697 vindicare
613 1657 775 1697 audent.
796 1657 892 1697 Vide
909 1657 1015 1697 Aub.

45 1721 176 1766 Miraei
215 1719 372 1760 Scholia
400 1719 448 1759 ad
495 1720 712 1759 Honorium
754 1719 1011 1769 Augustodu-

42 1793 209 1821 nensem
256 1782 319 1822 IV.
350 1782 416 1821 26.
445 1793 484 1832 p.
509 1781 573 1820 92.
588 1781 782 1820 Bulaeum
803 1781 1013 1819 Hist.Uni-

45 1854 154 1882 vers.
187 1844 391 1882 Parisinae
419 1848 518 1881 tom.
546 1842 596 1880 ΙΙ.
625 1853 712 1892 pag.
741 1842 837 1881 744.
865 1842 1013 1881 Bellar-

49 1905 205 1944 minum
235 1904 285 1943 de
315 1905 574 1944 Sacramento
617 1903 895 1942 Eucharistiae.
943 1904 1010 1941 ΙΙΙ.

46 1968 109 2006 44.
139 1971 182 2005 et
210 1967 272 2006 45.
303 1976 378 2004 nec
407 1976 485 2004 non
526 1965 577 2004 de
621 1965 890 2015 Scriptoribus
935 1965 1011 2003 Ec-

45 2028 142 2068 cles.
172 2028 335 2078 Pagium
365 2027 413 2066 ad
443 2038 479 2066 a.
510 2028 626 2066 4444.
658 2038 698 2065 n.
727 2027 764 2064 9.
794 2025 905 2064 Rich.
951 2026 1010 2065 Si-

51 2099 212 2128 monem
244 2089 345 2128 Hist.
376 2089 474 2128 Crit.
505 2090 550 2129 N.
581 2090 624 2127 T.
655 2099 692 2138 p.
723 2088 812 2127 389.
843 2099 955 2138 seqq.

95 2150 349 2198 RURICIUS,
373 2150 529 2199 Gallus,
562 2150 679 2189 nobili
701 2161 847 2201 genere
869 2154 1008 2197 natus,

45 2213 163 2253 duxit
185 2211 354 2252 Iberiam
384 2212 530 2252 illustri
560 2213 712 2262 stirpe,
741 2211 890 2260 quibus
919 2211 1011 2260 Epi—

44 2274 285 2314 thalamium
317 2275 478 2325 scripsit
492 2273 653 2314 Sidonis
668 2273 922 2324 Apollinaris.
941 2273 1011 2310 Po-

44 2343 130 2376 stea
159 2335 296 2374 seculo
342 2337 614 2383 renunciavit,
659 2336 790 2374 factus
836 2346 872 2373 a.
917 2335 1006 2372 484.

43 2399 269 2449 Episcopus
297 2396 621 2444 Lemovicenus‚
652 2401 839 2435 mortuus
868 2400 931 2433 est
973 2406 1007 2433 a.

44 2458 134 2499 507.
164 2458 340 2497 Exstant
366 2455 456 2506 ejus
488 2455 760 2507 Epis-telarum
791 2454 889 2494 libri
904 2456 957 2495 ΙΙ.
973 2457 1007 2503 a)

44 2521 217 2572 primum
247 2518 343 2558 editi
371 2529 393 2557 a
423 2519 582 2558 Canisio
603 2519 712 2561 Lect,
741 2518 1008 2567 Antiquarum

43 2587 142 2622 tom.
169 2583 216 2621 V.
243 2594 281 2633 p.
313 2581 403 2620 459.
437 2579 533 2619 edit.
564 2580 814 2630 Basnagiana
853 2583 947 2616 tom.
979 2579 1006 2616 l.

44 2656 82 2696 p.
113 2644 203 2683 369.
236 2643 385 2683 Deinde
433 2641 674 2693 prodierunt
718 2641 754 2677 in
800 2638 898 2677 Bibl.
940 2639 1007 2677 PP.

44 2706 226 2746 Parisina
255 2705 373 2745 4654.
405 2708 503 2742 tom.
532 2703 564 2741 Il
596 2713 632 2752 p.
665 2700 754 2740 369.
785 2705 825 2739 et
855 2701 893 2738 in
914 2699 1011 2739 dua—

45 2767 122 2807 bus
149 2765 424 2817 sequentibus.
455 2764 640 2803 Baluzius
683 2761 895 2800 editionem
943 2772 1011 2798 no-

48 2839 140 2868 vam
169 2829 380 2880 promisit,
411 2826 481 2865 sed
514 2829 718 2876 praestare
748 2834 824 2861 non
870 2824 1008 2872 potuit.

45 2889 145 2930 Vide
174 2890 358 2942 pluribus
387 2889 602 2928 Historiam
627 2885 775 2925 Galliae
797 2885 1010 2922 literariam

47 2957 146 2991 tom.
174 2953 242 2992 ΠΙ.
270 2964 309 3003 p.
339 2951 401 2989 49.
424 2950 537 2989 Circa
563 2947 868 2997 Chronologiam
886 2946 1012 2984 variat

47 3014 174 3054 Gallia
203 3013 429 3052 Christiana
458 3015 485 3049 t.
517 3012 562 3049 11.
594 3022 631 3060 p.
656 3010 746 3048 504.
771 3018 803 3046 s.

143 3075 308 3115 Nomina
337 3084 476 3113 eorum
497 3102 505 3120 ,
534 3071 583 3111 ad
608 3081 710 3121 quos
733 3069 919 3108 Ruricius

389 3135 527 3173 literas
556 3132 677 3171 dedit.

104 3199 245 3240 AEonio
273 3197 407 3248 Episc.
437 3196 465 3234 Ι.
498 3197 560 3234 45.
593 3195 638 3232 11.
671 3194 708 3232 8.
739 3195 802 3232 45.

1974 244 2052 283 435

1137 308 1343 358 Agricolae
1364 339 1374 356 ,
1408 310 1453 348 ll.
1485 311 1548 349 31.

1139 368 1280 407 Albino
1311 370 1442 409 Presb.
1474 371 1519 409 li.
1553 372 1615 410 45:

1140 430 1348 469 Ambrosio
1378 431 1511 481 Episc.
1543 433 1590 470 ΙΙ.
1623 433 1687 470 43.

1139 492 1378 543 Apollinari,
1412 494 1457 531 ll.
1490 493 1555 532 25.
1587 495 1649 532 40.

1141 553 1405 603 Aprunculo,
1436 555 1481 592 11.
1515 556 1578 593 48.
1609 556 1672 594 54.
1704 558 1766 596 55.
1799 558 1862 596 56.
1893 558 1957 597 57.

1136 615 1304 652 Bassulo
1335 615 1468 664 Episc.
1499 615 1527 653 Ι.
1557 617 1594 654 7.

1141 675 1329 713 Caesario
1363 676 1492 725 Episc.
1525 678 1571 724 ll,
1602 678 1666 716 32.
1697 679 1757 717 35.

1142 736 1340 787 Capilluto
1371 736 1502 786 Episc.
1537 738 1580 775 ll.
1607 739 1670 776 20.
1693 740 1754 778 30.

1141 798 1284 845 Celso,
1314 798 1344 835 I.
1376 797 1441 835 12.
1470 799 1532 836 43.
1564 800 1625 837 44.

1142 859 1335 897 Censurio
1365 859 1498 909 Episc·
1530 861 1576 898 Il.
1609 863 1671 899 50.

1142 921 1388 967 cerauniae,
1419 921 1465 958 11.
1501 922 1562 959 44.
1593 921 1656 960 40.
1679 934 1715 961 v.
1737 924 1835 961 inira
1854 925 2056 964 Namacio.

1140 983 1255 1022 Claro
1285 983 1416 1033 Episc.
1451 983 1495 1021 [Ι.
1528 984 1590 1022 63.

1141 1044 1403 1092 Constantio,
1432 1045 1479 1083 11.
1509 1046 1573 1084 23.
1606 1047 1666 1084 42.

1146 1106 1366 1156 Coronopio
1396 1105 1528 1157 Episc.
1559 1108 1606 1145 ll.
1638 1109 1672 1145 6.

1138 1167 1286 1216 Elafio,
1316 1168 1362 1205 ΙΙ.
1394 1167 1430 1206 7.

1139 1228 1290 1272 Eonio,
1319 1228 1398 1266 vid.
1430 1228 1585 1267 AEonio.

1139 1289 1375 1337 Eracliano,
1407 1291 1455 1328 ΙΙ.
1484 1291 1550 1328 29.

1142 1350 1325 1388 Eudonio
1355 1355 1395 1388 et
1423 1351 1655 1400 Melantiae,
1689 1353 1737 1391 11.
1767 1353 1832 1390 38.

1140 1410 1326 1449 Eufrasio
1356 1411 1490 1461 Episc.
1520 1413 1566 1450 ll.
1597 1413 1662 1451 24.
1692 1414 1756 1451 22.
1837 1427 1841 1431 ·

1139 1473 1288 1511 Fausto
1317 1473 1449 1523 Episc.
1482 1473 1508 1510 1.
1536 1475 1571 1512 4.
1600 1474 1637 1511 2.

1139 1533 1354 1573 Foedamio
1383 1538 1425 1573 et
1455 1534 1603 1583 Vilico,
1635 1535 1681 1572 ΙΙ.
1715 1535 1777 1574 43.

1142 1595 1357 1644 Fredario,
1389 1597 1416 1634 1.
1450 1598 1512 1635 44.

1140 1659 1330 1709 Hesperio
1349 1689 1360 1706 ‚
1392 1659 1428 1696 3.
1461 1659 1496 1696 4.
1528 1660 1564 1696 5.

1139 1718 1360 1770 Hispanio,
1393 1721 1456 1759 45.

1138 1779 1302 1829 Ioanni,
1328 1781 1375 1819 ΙΙ.
1409 1781 1472 1820 47.

1144 1843 1333 1891 Leontio,
1364 1843 1410 1881 ll.
1442 1842 1506 1882 44.

1141 1905 1278 1954 Lupo,
1308 1905 1336 1942 Ι.
1369 1906 1432 1944 40.

1138 1965 1353 2014 Namacio,
1384 1966 1431 2004 ΙΙ.
1462 1967 1498 2004 5.
1530 1966 1592 2004 64.

1138 2027 1324 2065 Namacio
1352 2031 1394 2065 et
1423 2027 1671 2076 Cerauniae,
1702 2027 1747 2064 ΙΙ.
1771 2028 1807 2066 4.
1831 2027 1868 2064 2.
1898 2027 1934 2064 8.
1953 2026 1989 2064 4.

1140 2088 1384 2139 Nepet-iano,
1415 2089 1442 2127 l.
1475 2089 1511 2126 6.

1141 2149 1372 2198 Ommaeio,
1403 2151 1431 2188 Ι.
1464 2151 1525 2190 48.
1557 2151 1603 2189 ΙΙ.
1635 2150 1698 2190 27.

1140 2211 1366 2250 Parthemlo
1396 2216 1438 2249 et
1466 2212 1731 2262 Papianillae,
1761 2213 1809 2250 ll.
1840 2213 1903 2251 36.

1138 2274 1220 2311 Pet.
1254 2302 1261 2309 .
1293 2299 1304 2310 .
1334 2301 1342 2310 .
1374 2273 1423 2310 ΙΙ.
1453 2272 1516 2310 37.

1136 2335 1342 2382 Pomerio,
1374 2334 1403 2371 1.
1433 2333 1495 2372 47.
1528 2335 1574 2372 ll.
1605 2335 1642 2371 9.

1139 2394 1367 2444 Praesidio,
1398 2396 1445 2434 ll.
1476 2397 1538 2443 44,
1570 2395 1632 2434 42.
1663 2395 1729 2434 52.

1138 2457 1328 2504 Rustico,
1359 2457 1488 2503 ΙΙ,49.
1518 2458 1580 2496 53.

1139 2520 1310 2568 Sancto,
1343 2520 1390 2557 ΙΙ.
1409 2519 1472 2556 18.

1143 2579 1288 2618 Sedato
1316 2581 1449 2629 Episc.
1480 2580 1525 2617 ll.
1553 2578 1615 2617 47.
1646 2579 1708 2618 33.
1739 2579 1803 2616 34.

1138 2641 1316 2687 Severo,
1347 2642 1392 2679 ll.
1425 2640 1488 2679 58.

1139 2701 1301 2741 Sidonio
1332 2702 1461 2752 Episc.
1495 2703 1521 2739 Ι.
1553 2702 1587 2739 8.
1620 2702 1656 2738 9.

1139 2762 1299 2801 Sidonio
1327 2763 1507 2810 Videnti,
1539 2763 1567 2801 I.
1599 2763 1661 2801 46.

1140 2824 1370 2874 Stephano,
1403 2826 1455 2863 ll.
1482 2826 1546 2863 54.

1143 2886 1375 2934 Sthoracio,
1407 2887 1433 2924 f.
1464 2887 1696 2935 Stauracio,
1727 2887 1772 2924 Il.
1801 2886 1864 2925 59.

1139 2948 1360 2986 Taurencio
1391 2949 1454 2987 vel
1484 2948 1707 2997 Tmencio,
1738 2949 1783 2985 li.
1818 2947 1877 2986 46.
1912 2948 1975 2985 46.

1142 3009 1270 3058 Vero,
1300 3010 1345 3047 11.
1376 3010 1439 3047 22.

1144 3071 1342 3109 Victorino
1372 3071 1503 3121 Episc.
1535 3071 1580 3108 ll.
1613 3071 1674 3107 39.

1144 3133 1395 3180 vittamenO,
1428 3133 1473 3170 ll.
1506 3132 1569 3169 60.
1599 3132 1662 3169 62.

1145 3194 1386 3241 Volusiano,
1415 3194 1463 3231 ll.
1487 3194 1550 3230 64.

105 3342 137 3382 a)
158 3343 230 3373 Non
252 3341 305 3373 xi.
329 3341 365 3371 ut
389 3335 546 3379 mendose
583 3335 702 3375 legitur
742 3334 828 3373 apud
868 3336 1017 3376 litigium
1095 3336 1135 3366 de
1164 3334 1377 3366 Bibliothecis
1403 3336 1537 3365 Petrum
1561 3343 1593 3373 p.
1619 3331 1689 3364 115.
