2517 4009
849 250 1307 292 ODORANNUS

85 322 252 362 macione
295 323 381 360 sive
410 321 459 360 de
489 321 672 361 formulis
712 324 912 363 actionum
943 335 1040 374 qua-

87 397 176 425 rum
209 395 305 424 usus
333 387 396 422 est
426 384 463 421 in
495 385 672 423 Judiciis.
719 385 774 423 De
809 386 945 425 ordine
972 387 1043 425 Ju-

89 445 270 486 diciario.
292 445 586 485 Commentaria
611 447 651 484 in
672 446 889 487 Pandectas
913 453 949 487 et
973 449 1045 488 Co-

87 507 238 556 dicem,
265 507 544 548 commendata
565 510 746 559 inprimis
775 512 797 548 a
830 512 1048 561 perspicui-

89 574 184 610 tate.
211 569 440 608 Feudorum
467 570 747 622 compendium.
771 572 824 610 De
850 571 1045 612 Curatore

90 630 200 672 bonis
222 631 352 671 dando
395 633 450 671 De
472 632 718 672 restitucione
737 633 850 672 dotis.
878 635 932 672 De
952 646 1046 685 per-

89 692 353 734 cussionibus.
382 694 437 733 De
462 693 723 746 positionibus
756 699 793 735 et
826 696 1046 747 z'ncerroqa-

90 754 272 796 tionibus.
320 757 484 795 Glossae
533 756 588 795 ad
631 768 827 796 summam
871 760 1018 798 Azonis
1034 790 1044 808 ‚

0 833 13 879 g
90 820 386 870 Praeceptoriss
417 820 453 856 in
485 820 546 857 tit.
575 818 621 858 de
644 831 746 871 pace
777 820 1045 860 constantiae.

89 881 146 921 De
174 883 300 933 primo
329 885 369 920 et
398 881 574 920 secundo
598 883 764 921 Decreto
787 888 861 922 etc.

143 942 166 967 *³
193 944 236 983 ln
267 943 410 983 Codice
443 943 744 983 membranaceo
774 946 957 984 Biblioth.
979 946 1050 983 Fe-

91 1006 161 1045 lini
189 1009 331 1045 extant.
374 1005 558 1044 Friderici
591 1007 616 1044 1.
659 1005 963 1046 constitutiones
993 1009 1051 1045 in-

90 1069 262 1119 scriptae
304 1067 352 1106 de
395 1068 496 1106 Pace
538 1067 792 1108 Constantiae
821 1080 911 1109 cum
945 1071 1050 1108 notis

89 1136 131 1170 et
158 1130 362 1181 perpetuis
390 1132 688 1169 commentariis
705 1131 888 1170 Odofredi
917 1132 1049 1171 huius,

93 1193 192 1240 Quia
236 1203 331 1232 vero
380 1193 662 1232 commentarii
715 1194 776 1231 isti
825 1194 1052 1233 subduntur

92 1254 327 1306 compendio
356 1254 563 1294 feudorum
588 1255 637 1294 ab
660 1255 830 1294 Antonio
858 1257 1050 1295 Minuccio

92 1316 142 1356 de
173 1319 286 1357 Prato
315 1317 446 1356 Veteri
475 1316 681 1365 confecto,
714 1322 757 1356 ut
788 1329 836 1356 ex
869 1317 941 1356 hoc
966 1319 1049 1368 ipso

91 1377 226 1418 codice
251 1379 454 1430 intellig03
477 1376 562 1416 ideo
583 1378 681 1417 forte
704 1379 906 1418 nonnullis
940 1380 1051 1419 obre-

94 1443 174 1492 psit
194 1469 206 1487 ,
233 1445 278 1480 ut
303 1440 529 1480 Feudorum
558 1440 829 1492 compendium
853 1442 1051 1481 Odofredo

93 1503 329 1542 tribuerent.

146 1563 451 1605 ODORANNUS
479 1564 698 1606 Monachus
741 1565 781 1604 S.
814 1566 916 1604 Petri
961 1565 1051 1604 Vivi

89 1628 335 1668 Senonensis
361 1626 455 1666 Ord.
486 1626 631 1666 Bened.
661 1626 707 1666 A.
744 1628 860 1666 1045.
892 1629 1053 1678 scripsit

94 1688 316 1730 Chronicon
342 1690 392 1730 ab
420 1689 466 1729 A.
496 1689 585 1729 675.
615 1688 665 1728 ad
696 1690 816 1728 4032.
840 1689 944 1740 quod
975 1689 1056 1728 edi-

91 1750 150 1791 dit
175 1751 356 1791 Andreas
382 1751 437 1791 du
465 1752 623 1792 Chesne
653 1756 681 1789 t.
712 1752 736 1791 2
765 1763 899 1791 rerum
933 1754 1049 1792 Fran—

94 1824 230 1853 corum
261 1825 348 1865 pag.
373 1814 562 1854 636-641.
584 1815 863 1865 Fragmentum
889 1814 1052 1854 dederat

90 1877 233 1916 Petrus
275 1875 462 1916 Pithoeus
493 1878 597 1915 inter
626 1878 712 1915 ΧΙΙ.
743 1879 958 1928 scriptores
987 1889 1052 1916 co-

89 1943 277 1978 aetaneos
304 1951 390 1991 pag.
421 1939 514 1979 214.
543 1939 634 1978 215.
667 1941 859 1978 Baronius
896 1939 942 1979 ad
974 1940 1049 1978 An.

92 2001 182 2041 875.
215 2014 254 2040 n.
281 2001 320 2041 7.
350 2013 436 2052 seq.

145 2064 425 2114 ODORICUS,
455 2063 738 2104 OLDERICUS
758 2093 768 2111 ,
797 2074 916 2114 supra
956 2062 1052 2102 Ode-

94 2138 218 2166 ricus.

148 2187 344 2228 Henricus
385 2187 432 2228 de
472 2188 738 2228 OERSCHET
778 2189 815 2225 in
846 2186 1050 2225 Bethleem

87 2251 207 2302 juxta
235 2252 454 2290 Lovanium
486 2251 815 2301 Augustinianus,
843 2249 960 2299 cujus
990 2249 1053 2287 Hi-

99 2313 221 2352 storia
251 2312 298 2352 de
321 2310 502 2352 cladibus
527 2311 794 2351 Leodiensium
819 2311 862 2350 A.
891 2312 1004 2348 1669.
1030 2312 1052 2349 a

93 2374 231 2414 Carolo
276 2374 462 2423 Audace‚
505 2373 758 2424 Burgundiae
788 2375 894 2412 Duce
933 2373 1051 2412 illatis

93 2436 349 2486 manuscripti
381 2436 419 2473 in
449 2435 545 2474 Bibl.
575 2436 808 2474 Cottoniana
840 2447 875 2484 p.
909 2436 996 2473 131.

146 2495 445 2536 OETBERTUS
486 2497 548 2534 cui
578 2494 701 2534 vitam
741 2496 783 2534 S.
823 2494 1048 2543 Friderici,

95 2557 278 2609 Episcopi
308 2556 553 2607 Ultrajectini
586 2559 623 2595 in
655 2557 785 2607 Belgio
815 2557 929 2595 Anno
958 2556 1047 2594 838.

96 2619 279 2670 Martyris
320 2618 501 2658 tribuunt
537 2617 635 2658 Acta
666 2619 843 2657 Sanctor.
876 2623 969 2656 tom.
1002 2618 1048 2655 lV

98 2681 191 2720 Julil
224 2679 286 2720 18.
311 2692 400 2732 pag.
432 2681 518 2719 460.

150 2742 408 2782 OFFELLUS
423 2741 540 2792 cujus
561 2752 721 2780 versum
748 2741 883 2780 laudat
899 2741 954 2779 so.
982 2742 1050 2780 So-

99 2804 349 2844 risberiensis
378 2804 552 2856 Epistola
583 2805 670 2843 492.
701 2803 780 2851 Qui
805 2807 944 2841 coarat
965 2801 1050 2842 vul-

92 2865 140 2917 pi
147 2895 157 2915 ,
185 2863 315 2905 sulcos
343 2865 508 2906 variare
536 2876 693 2904 necesse
717 2868 784 2903 est.

152 2926 293 2967 OFFO.
323 2928 476 2979 Supra,
505 2928 648 2967 OBBO.
678 2927 792 2966 Alius
820 2927 948 2967 OFFO
973 2926 1053 2966 An-

98 2989 225 3040 glicus
253 2990 355 3029 circa
385 2990 430 3028 Α.
462 2989 550 3028 610.
580 2989 628 3028 de
659 3002 736 3040 quo
769 2990 908 3028 Baleus
948 2988 1052 3027 xlll.

99 3051 164 3091 52.
193 3063 242 3090 ex
276 3051 365 3091 Seb.
396 3052 584 3091 Munsteri
617 3052 936 3102 cosmographia.

150 3114 350 3153 OFlLlUS
378 3111 621 3164 Ser-ymnus,
654 3113 751 3152 infra
782 3114 998 3152 ovinius.

150 3175 370 3216 OGEfflUS
411 3173 618 3227 Alferius,
649 3175 747 3213 infru
791 3175 894 3214 Guil.
938 3175 1055 3214 VEN-

101 3236 252 3278 TURA.

152 3378 186 3418 a)
213 3380 330 3414 Confer
353 3382 503 3413 vossium
527 3388 566 3419 p.
585 3378 656 3410 300.
683 3385 755 3417 seq.

1165 323 1385 363 OGERlUS
1414 324 1573 364 Lucedii
1595 325 1753 375 Abbas‚
1777 327 1894 380 cujus
1915 329 2073 368 Sermo-

1114 396 1184 424 nes
1212 386 1305 424 editi
1337 394 1433 426 sunt
1465 389 1566 426 inter
1613 389 1653 426 S.
1696 391 1883 430 Bernardi
1928 402 2085 442 opera,'

1117 452 1162 486 ut
1190 448 1269 486 dixi
1315 454 1408 488 torn.
1440 452 1454 489 1
1493 463 1578 501 pag.
1609 451 1699 489 209.
1734 454 1963 492 Tractatum
1995 456 2074 493 Ma-

1117 522 1249 550 nuscr.
1274 511 1320 550 (le
1346 511 1532 552 laudibus
1559 513 1756 564 Deiparae
1780 522 1976 554 memorat
1993 517 2073 556 Ou-

1118 573 1237 613 dinus
1261 579 1356 613 tom.
1382 575 1406 613 2
1436 587 1460 626 p
1504 574 1620 614 1Ιι17.

1174 636 1194 658 ³*
1226 638 1283 675 Ex
1314 641 1486 676 tractatu
1524 639 1611 675 eius
1640 637 1686 676 de
1716 637 1902 679 laudibus
1932 641 1972 679 S.
2003 641 2073 679 Dez

1114 698 1347 749 yenitricis.
1377 700 1444 748 qui
1474 704 1585 737 extat
1614 701 1689 738 MS.
1723 702 1759 738 in
1792 701 1884 739 Cod.
1917 702 1985 741 761
2019 704 2082 741 Bi-

1120 760 1339 799 bliothecae
1372 762 1651 799 Universitatis
1681 763 1939 801 Taurinensis
1977 766 2076 802 inte-

1119 834 1228 873 gram
1274 825 1583 873 praestationem
1628 825 1869 874 evulgarunt
1901 828 1972 864 viri
2008 827 2078 865 do-

1120 886 1407 935 ctissimi,q·1i
1451 888 1760 925 commentarios
1801 888 2076 928 eiusdemqu-

1121 946 1338 986 bliothecae
1368 949 1617 997 scripserunt
1648 953 1672 986 t.
1706 949 1735 987 ll
1768 961 1803 998 p.
1833 949 1924 987 220.

1175 1007 1383 1048 Gz‘lbertus
1406 1009 1453 1047 (le
1480 1010 1733 1049 OltAMnA.
1765 1012 1891 1061 Supra
1918 1020 1946 1050 t.
1977 1015 2011 1052 3.
2039 1025 2074 1063 p.

1123 1073 1187 1110 5⁵..
1212 1072 1493 1110 GlLBERTUS
1512 1071 1558 1110 (le
1584 1072 1817 1123 Iloylandiu.

1174 1133 1320 1172 Ericus
1349 1134 1477 1172 OLAl.
1521 1136 1645 1185 Supra
1677 1140 1770 1173 tom.
1802 1136 1825 1174 2
1868 1148 1954 1187 pag.
1985 1139 2074 1176 3318.

1174 1197 1438 1235 OLBERTUS
1468 1199 1553 1235 sive
1581 1197 1863 1242 OBBERTUS.
1894 1199 1980 1236 aliis
2010 1199 2078 1237 :ll-

1123 1257 1258 1297 bertus
1282 1270 1400 1308 supra
1427 1264 1520 1297 tom.
1554 1262 1567 1298 1
1601 1271 1687 1309 pag.
1712 1259 1753 1298 ἱι1
1779 1272 1787 1307 l
1822 1260 1977 1299 auditor
2005 1263 2079 1299 lla-

1122 1322 1238 1371 rigeri
1261 1320 1425 1358 Abbatis
1451 1321 1708 1369 Laubiensis,
1729 1326 1769 1359 et
1794 1322 1964 1360 l‘ullwrti
1987 1324 2078 1373 lipi-

1122 1384 1228 1433 scopi
1258 1383 1540 1421 Carnotensis:
1566 1394 1613 1420 ex
1649 1384 1854 1421 Lauhiensi
1886 1384 2078 1423 Monacho

1122 1446 1255 1485 Abbas
1285 1445 1586 1483 Gemblacensis
1615 1445 1729 1483 Anno
1760 1446 1862 1484 1012
1892 1458 1936 1484 ac
1972 1447 2080 1485 ‹leni-

1122 1519 1201 1558 que
1231 1508 1269 1546 S.
1299 1507 1432 1545 Jacobi
1466 1506 1721 1555 Leodiensis‚
1753 1507 1815 1545 ubi
1847 1508 1949 1546 diem
1982 1509 2076 1547 obiit

1122 1572 1197 1609 An.
1230 1569 1343 1609 4048.
1376 1570 1433 1607 Ex
1457 1569 1551 1608 vitis
1575 1570 1811 1607 Sanctorum
1841 1582 1943 1620 quas
1983 1573 2078 1609 scri-

1123 1634 1254 1684 psisse.
1284 1642 1375 1670 eum
1407 1635 1580 1670 testatur
1609 1631 1841 1681 Sigehertus
1869 1643 1955 1682 cap.
1990 1633 2078 1672 ⁴42.

1124 1696 1237 1736 unica
1280 1697 1453 1732 aetatem
1496 1694 1587 1732 tulit
1616 1692 1783 1732 historia
1822 1694 2074 1737 intentionis,

1125 1755 1492 1806 miraculorumque
1516 1760 1554 1794 et
1577 1755 1850 1795 translationis
1874 1758 1912 1796 S.
1944 1758 2084 1795 l'erone'

1124 1820 1398 1865 Confossoris,
1443 1819 1490 1857 de
1536 1820 1658 1868 stirpe
1703 1819 1998 1867 Car-olidarum,
2029 1820 2076 1858 ad

1124 1883 1320 1923 Comitem
1352 1881 1579 1919 llannoniae
1605 1882 1856 1927 Bagineriuni
1875 1914 1884 1928 ,
1910 1882 2013 1920 edita
2039 1888 2078 1919 et

1126 1947 1230 1984 notis
1261 1944 1458 1982 illustrata
1488 1944 1508 1980 a
1539 1943 1704 1991 Georgio
1741 1944 1955 1993 Calminio,
2001 1956 2081 1981 mo-

1125 2007 1286 2046 nasterii
1321 2007 1357 2042 in
1388 2005 1485 2043 cella
1517 2005 1556 2043 S.
1586 2005 1734 2042 (Jisleni
1779 2004 1971 2043 monacho
2011 2007 2080 2043 lle-

1125 2069 1337 2108 nedictino.
1382 2067 1581 2105 Montibus
1627 2066 1728 2105 4636
1758 2072 1876 2116 atque.
1915 2067 2003 2105 inde
2031 2067 2080 2105 ab

1125 2130 1376 2170 llenschenio
1409 2131 1443 2167 in
1475 2129 1586 2167 Actis
1616 2129 1792 2167 Sanctor.
1825 2134 1850 2167 t.
1883 2130 1918 2167 3.
1954 2131 2077 2168 Martii

1124 2195 1173 2234 30
1204 2205 1290 2244 pag.
1321 2191 1397 2230 8125
1427 2192 1515 2230 850.
1546 2192 1675 2229 Etiam
1707 2194 1846 2229 cantus
1869 2193 1904 2229 in
1932 2193 2077 2230 honore

1125 2257 1360 2295 Sanctorum
1407 2254 1678 2302 composuisse
1721 2253 1926 2291 Olbertnm
1971 2256 2078 2303 Sige-

1124 2318 1261 2355 bertus
1290 2319 1475 2354 annotat:
1501 2318 1540 2351 et
1567 2313 1836 2352 Burchardum
1859 2318 1891 2352 a*
1917 2316 2078 2364 Episco-

1124 2390 1218 2429 pum
1249 2378 1584 2416 Wormatiensem
1617 2374 1704 2423 ejus
1736 2381 1967 2424 provectum
2001 2379 2075 2414 Ma-

1122 2441 1282 2490 gisterio
1301 2471 1309 2487 ,
1338 2438 1493 2477 celebre
1524 2436 1615 2475 illud
1653 2436 1856 2474 Canonum
1889 2439 2073 2476 volumen

1123 2502 1320 2545 edidisse,
1350 2500 1453 2551 quod
1501 2501 1603 2537 inter
1629 2498 1777 2536 Olherti
1816 2500 1959 2548 scripta
1992 2512 2075 2548 per-

1123 2574 1255 2613 peram
1289 2563 1408 2600 refert
1438 2562 1660 2599 Sweertius
1690 2570 1774 2608 pag.
1807 2561 1896 2597 5588.
1930 2560 2074 2598 ,niu-n.

1124 2625 1231 2673 Belg.
1255 2624 1476 2662 Historiam
1500 2626 1646 2660 veteris
1676 2625 1710 2658 el
1740 2621 1831 2658 nove·
1869 2621 1964 2659 Test.
1997 2634 2075 2659 nie-

1125 2691 1281 2723 morant
1314 2689 1468 2735 pinoter
1507 2683 1746 2720 Sum-rtium
1780 2683 1959 2720 Valerius
1998 2684 2075 2720 Λιι-

1123 2746 1240 2785 dreas
1272 2759 1356 2797 pag.
1388 2746 1477 2783 700.
1509 2744 1603 2782 Bibl.
1637 2745 1738 2791 lle—lg.
1760 2750 1799 2781 ct
1823 2744 1868 2781 ud
1896 2745 2076 2791 Sim-ber-

1126 2815 1238 2856 tum,
1289 2810 1486 2855 Mimeus3
1530 2806 1604 2844 Sed
1659 2806 1855 2844 Valerium
1886 2818 1933 2844 ex
1979 2807 2074 2844 libro

1129 2872 1321 2921 Sigeberti
1353 2870 1401 2908 de
1431 2870 1554 2917 gestis
1586 2868 1780 2906 minatum
1821 2869 2075 2906 (ieniblueeu-

1128 2935 1231 2972 sium
1264 2933 1469 2974 hausisse,
1500 2941 1601 2982 quae
1641 2930 1689 2967 de
1730 2931 1889 2967 (ilberto
1932 2930 2076 2970 tradit.

1129 2997 1358 3045 neutiquam
1403 2993 1637 3031 crediderim
1676 2990 1829 3030 Oudino
1861 2992 1931 3029 hoc
1973 2993 2075 3030 allii·-

1130 3058 1253 3097 manti
1288 3062 1380 3094 tom.
1412 3056 1447 3093 2.
1481 3067 1564 3105 pag.
1596 3054 1684 3091 5339.

1180 3119 1438 3157 OLBER'I'US
1459 3148 1467 3159 ,
1515 3113 1746 3153 edelbertus
1768 3142 1776 3158 ,
1819 3111 2075 3163 (idelperlus.

1130 3179 1362 3225 (Moberlns,
1386 3178 1411 3217 A
1422 3176 1610 3215 libertus.
1635 3174 1840 3223 sin-pernas
1863 3204 1870 3218 ,
1898 3174 2074 3214 odilber—

1129 3249 1215 3289 tus,
1257 3239 1515 3286 Edelbvrlus,
1558 3236 1779 3277 (tlibi-rcus.
1825 3235 2073 3286 aldibertus,

1704 3441 1768 3477 171
