2533 4009
436 228 512 267 562

491 298 526 335 ἃ.
553 291 756 343 Praesidio
800 289 836 327 in
874 285 982 326 Petri
1003 281 1240 324 Ravennatis
1271 280 1383 320 Com-

434 372 505 412 μνη
523 358 613 394 lium
630 353 741 391 ,ΜΗ-ῖς
759 349 897 389 civilis.
919 349 1152 398 impressum
1174 341 1385 391 „tibimet-92·

432 419 558 471 preli.»
593 425 712 453 nouus
752 409 1012 462 Septembres.
1049 409 1157 446 Anno
1196 418 1219 443 a
1259 403 1386 442 natali

438 479 660 520 Christiano
696 475 844 514 .1[Ι)Ι.ΙῙ.
888 475 920 511 4.
960 471 1075 509 Hunc
1115 469 1256 508 librum
1299 468 1380 516 ipse

436 542 631 593 possideo.
669 539 832 576 sortasse
875 537 1044 586 primum
1083 533 1279 572 omnium,
1317 528 1382 577 qui

437 604 543 639 With
563 603 701 650 bergas*
724 609 897 648 unquam
925 601 1017 634 sunt
1041 595 1176 632 excusi
1207 592 1253 643 (al
1283 591 1381 640 Typi

436 670 527 703 sunt
564 664 636 701 sati
680 661 816 708 nitidi⁷
856 659 923 698 sed
963 668 1106 696 nomen
1150 652 1382 706 typographi

437 738 512 765 non
537 725 710 775 adparet.

488 789 524 827 5.
547 786 702 825 mersche
722 797 795 825 von
828 782 911 822 dem
938 794 990 821 zu
1026 778 1241 829 Scernberq
1282 777 1377 817 lli9l

435 848 739 901 2.*01·9eI‹111fe’11e11
755 842 1068 886 littleiz-llcinilel.
1090 843 1195 883 Rosc.
1214 844 1328 890 1510,
1347 841 1385 881 [ι.

440 916 510 954 list
533 915 703 952 narratio
728 913 775 950 sle
801 911 969 957 clerico,
996 909 1061 959 qui
1098 908 1269 947 bostiam
1295 917 1386 945 con-

434 983 628 1016 secratam
651 976 811 1014 judaeis
830 973 1073 1019 vendiderat,
1095 983 1115 1010 a
1133 971 1278 1022 quibus
1300 981 1386 1021 pes-

434 1041 531 1078 sime
562 1044 747 1089 accepta,
788 1038 822 1075 bi
863 1047 955 1074 vero
994 1034 1135 1072 deinde
1177 1044 1252 1072 una
1292 1043 1383 1071 cum

435 1102 652 1139 sacrificulo
686 1100 889 1150 suppliciis
915 1098 1056 1136 adfecti
1082 1100 1178 1135 sunt
1196 1096 1257 1144 (b).
1281 1096 1388 1144 Opu-

435 1164 588 1201 sculum
613 1162 704 1201 illud
735 1166 868 1212 postea
896 1161 1017 1198 latino
1042 1169 1226 1197 sermone
1251 1157 1384 1204 edidit,

435 1225 505 1262 hoc
533 1226 601 1273 ipsi
624 1225 787 1263 rubrum
814 1222 1052 1273 praefigens:
1078 1222 1148 1258 nes
1169 1232 1194 1257 α
1224 1218 1388 1257 Iudaeis

431 1285 709 1336 perfidissimis
737 1285 774 1323 in
801 1285 931 1323 Monte
952 1281 1167 1322 Stellarum
1188 1284 1310 1331 qesta,
1336 1278 1390 1317 acl

437 1346 615 1386 Illuslres
643 1346 847 1397 Principes
871 1345 1084 1384 IIenre'cum
1107 1347 1144 1382 et
1166 1340 1386 1389 .-1Ibertum,

432 1419 657 1459 yet-manos.
686 1409 809 1446 Duces
833 1404 1192 1456 ,lleclclenburgyicos
1225 1402 1389 1442 inclitos.

435 1472 540 1508 Rost.
573 1471 769 1508 mxxxii.
812 1468 846 1507 '⁴.
891 1467 1032 1506 Nostro
1073 1473 1249 1517 tempore
1294 1465 1387 1503 illud

436 1538 596 1584 propter
630 1534 830 1570 raritatem
855 1543 1013 1570 rursum
1040 1530 1162 1568 edidit
1196 1530 1252 1566 Jo.
1288 1528 1390 1566 llub-

438 1606 559 1633 nerus
581 1596 735 1641 Junior,
762 1596 795 1634 J.
823 1596 866 1634 U.
893 1596 930 1633 L.
955 1594 1095 1632 llamb.
1121 1592 1391 1631 MDGCXXX.

439 1657 472 1694 t.
497 1658 545 1707 pl.
570 1658 605 1695 6.

492 1719 527 1756 6.
556 1718 846 1757 Inste'luli'onmn
869 1717 977 1770 Rcip.
1002 1717 1186 1756 militaris
1201 1727 1249 1755 ac
1268 1713 1397 1754 civilis

439 1779 532 1819 libra·
559 1782 620 1820 IX.
644 1782 724 1820 Sub
743 1782 859 1820 linem
882 1781 976 1818 liaeo
999 1781 1196 1827 leguntur:
1227 1780 1395 1831 Impres-

440 1852 524 1880 sum
558 1840 726 1892 feliciter
763 1841 801 1878 ιή
825 1839 971 1879 celebri
994 1838 1092 1878 urbe
1132 1837 1334 1878 Roscochz‘o
1356 1838 1396 1875 in

440 1901 602 1941 aedibus
623 1902 781 1941 Thuriis
799 1903 907 1940 :tuno
924 1915 948 1940 a
966 1902 1054 1940 Nat.
1077 1900 1224 1941 Christ.
1244 1900 1396 1938 MDXV.

442 1965 494 2002 ad
521 1963 602 2003 Cal.
630 1965 767 2003 Maias.
794 1965 855 2002 101.
892 1965 950 2002 Cl.
986 1966 1290 2009 Bi’inemannus‚
1325 1962 1397 1999 boc

442 2037 540 2076 opus
562 2038 686 2075 nuper
704 2038 777 2064 una
797 2038 886 2064 cum
906 2027 990 2064 aliis
1010 2037 1156 2063 venum
1177 2033 1396 2075 exponens,

448 2090 616 2138 pretium
642 2091 845 2127 constituit
869 2094 955 2126 octo
980 2088 1255 2137 imperialium.

502 2152 538 2188 Τ.
563 2149 711 2189 (moniis
733 2150 953 2202 Philosophi
972 2148 1198 2188 'l‘liebam'de
1212 2147 1398 2199 fortunae

454 2212 705 2251 ursiobi'lslrile
730 2226 824 2265 opus
858 2212 1204 2263 eleysintsssimum.
1243 2211 1323 2249 Sub
1360 2212 1400 2248 ii-

455 2287 540 2312 nein
579 2276 671 2313 liuee
700 2276 903 2320 lefsuntur:
935 2275 1175 2326 Impressum
1209 2272 1405 2311 Rosloclii'i

453 2338 489 2375 in
532 2336 695 2376 aedibus
748 2337 905 2376 Thuriis
946 2336 1000 2374 cul
1042 2335 1234 2377 Calenclas
1283 2334 1398 2374 Febr.

454 2399 635 2438 ,llDXl'L
662 2398 697 2437 Ῑι.
723 2401 907 2437 Continet
930 2400 1106 2449 plagulas
1129 2400 1188 2437 [V.

506 2465 543 2499 8.
565 2461 745 2500 Historia
770 2459 1018 2513 aquatilium,
1045 2462 1162 2499 latine
1184 2465 1222 2499 et
1247 2471 1400 2510 graece,

456 2523 659 2571 Ilosloclei'i‘,
685 2524 721 2562 in
756 2521 920 2562 aedibus
957 2523 1080 2573 ipsius
1105 2533 1206 2560 armo
1233 2522 1336 2560 1520
1361 2522 1401 2559 in

451 2585 564 2637 folio:
591 2598 677 2625 cum
702 2586 866 2637 fissuris.
891 2585 958 2624 sed
981 2584 1182 2624 absurdis.
1209 2584 1405 2623 Promiteic

457 2648 745 2701 Zoogyraplii'um
768 2652 801 2686 et
823 2647 971 2686 Hierion
993 2647 1211 2694 historiam,
1236 2650 1274 2685 et
1296 2646 1401 2685 orni-

507 2755 555 2794 (α’,
592 2755 724 2794 Alium,
749 2757 807 2794 qui
832 2763 919 2786 anno
944 2759 1099 2794 sequente
1117 2755 1242 2787 Albiori
1265 2755 1399 2795 prodiit,

453 2807 484 2836 in
516 2806 718 2836 Bibliotheca
744 2806 880 2837 scholae.
899 2810 1028 2836 nostrae
1052 2806 1236 2836 Criic'ianae
1263 2808 1402 2846 conspi-

453 2855 633 2893 ciendum,
662 2860 821 2886 memorat
846 2857 893 2887 Cli
918 2859 1059 2895 Beyerus
1087 2857 1120 2886 in
1147 2857 1252 2896 Epist.
1283 2857 1322 2888 de
1347 2858 1404 2888 Bi-

451 2906 627 2937 bliothecis
655 2907 903 2938 Dresilensibus.

512 2957 565 2995 (b)
591 2959 636 2988 Ex
662 2956 861 2988 marschalco
886 2965 944 2988 sua
967 2956 1217 2996 de>umserunt‚
1242 2962 1406 2998 quotquot

454 3006 610 3047 delun-effi
641 3008 738 3046 liujus
769 3009 892 3047 negotii
928 3010 1176 3045 meminerunt,
1211 3017 1248 3040 ex
1282 3009 1400 3048 quibus

461 3060 640 3098 praecipue
665 3057 858 3089 nominandi
881 3062 957 3088 sunt
976 3061 1053 3089 Dav.
1071 3061 1170 3090 chr.
1189 3060 1401 3098 Koepkenius

457 3109 490 3138 in
510 3108 655 3139 sabulosa
676 3110 833 3147 ›tegapeti
854 3116 885 3147 p.
911 3107 967 3138 104
997 3117 1088 3148 seqq.
1114 3112 1212 3140 ttenr.
1231 3109 1402 3140 Ascanius

458 3158 624 3196 Engelke,
651 3158 727 3189 di<s.
753 3158 792 3190 de
817 3159 948 3195 hostia,
976 3159 1192 3199 Sternbergac
1218 3168 1234 3190 a
1268 3159 1401 3190 Judacis

457 3209 605 3239 consona
627 3214 657 3239 et
676 3213 864 3241 cruentata.
880 3210 968 3248 Ltp-.·
992 3208 1122 3248 tout),4.
1142 3210 1230 3241 Dav.
1251 3209 1407 3242 Franclcs

458 3257 593 3287 mrtem
637 3266 701 3286 ron
749 3258 809 3288 der
850 3257 1043 3297 [lostiepzu
1105 3259 1409 3300 srvrnberq-ltosc.

459 3305 550 3341 1721,
573 3306 590 3335 4
617 3312 745 3345 coquos
764 3309 979 3346 soz-pitonius
1007 3318 1082 3341 cum
1103 3311 1266 3342 Franckio
1289 3317 1408 3349 magno

459 3367 596 3390 nurnero
619 3358 712 3390 citat.

1245 205 1585 248 THURIUS

1457 274 1749 328 tlzoyraphiam,
1771 285 1874 327 quae
1897 287 1950 315 an
1966 274 2233 327 praestiterit,
2260 275 2405 317 nescio.

1459 341 1559 378 llaec
1580 339 1786 377 Gesnerus
1809 339 1844 376 in
1872 339 2126 384 Bibliotheca,
2152 339 2215 377 cui
2241 340 2422 378 notitiam

1459 402 1674 452 pleniorem
1701 400 1822 450 hujus
1847 403 1992 451 operis,
2017 401 2159 439 leviter
2186 405 2340 440 tantum
2369 400 2420 440 ab

1458 463 1544 502 aliis
1572 464 1677 511 tacti,
1704 461 1914 501 debemus.

1514 525 1550 562 9.
1573 521 1746 562 Annales
1777 523 2026 563 Herulorum
2053 536 2101 564 ac
2130 523 2426 574 Wandalorum,

1462 585 1558 626 libri
1595 586 1674 625 l'll.
1704 587 1808 625 Ros-t.
1846 586 1959 625 1521.
1987 587 2048 625 sol.
2084 587 2186 638 plag.
2218 586 2283 626 26.
2315 588 2429 627 Hunc

1465 649 1610 688 librum
1659 650 1695 686 in
1737 648 1976 687 Bibliotheca
2021 649 2139 698 Regia
2185 649 2428 688 Berolinensi

1462 711 1593 750 oculis
1647 711 1867 761 usurpavi,
1934 722 2013 761 quo
2060 714 2239 762 tempore
2283 710 2431 751 Nobilis

1461 773 1623 824 quidam
1661 772 2012 823 Megalopolitanus
2040 772 2169 823 ipsum
2209 784 2331 813 manu
2364 768 2437 812 sua

1465 835 1729 875 describebat.
1767 835 1848 874 Sub
1875 835 1994 874 tinem
2038 834 2196 874 additae
2229 839 2326 875 sunt
2349 834 2431 874 An-

1464 899 1686 936 notationes
1716 897 1912 948 quaedam
1947 896 2240 937 Grammaticae
2282 909 2427 941 vocum

1466 962 1695 1000 Latinarum
1748 964 1790 998 et
1841 959 2082 998 Graecarum
2100 989 2110 1007 ,
2169 971 2246 999 nou
2297 961 2428 1000 ubivis

1463 1023 1787 1070 occurrentium,
1836 1033 1939 1072 quae
1983 1033 2059 1060 nou
2108 1024 2206 1061 satis
2251 1027 2431 1062 versatos

1467 1086 1654 1125 remorari
1679 1089 1874 1135 poterant,
1894 1088 2032 1135 rogatu
2057 1084 2255 1123 Valentini
2278 1085 2433 1124 Stoien-

1466 1151 1566 1197 tini,
1608 1149 1766 1199 Equitis
1803 1147 2033 1193 Pomeiani,
2060 1152 2099 1185 et
2138 1147 2224 1186 JCti
2262 1146 2434 1199 Gryphi-

1466 1211 1720 1255 swaldensis‚
1743 1211 2006 1259 conscriptae.
2023 1209 2210 1249 Notitiam
2233 1210 2432 1249 sufficien-

1466 1278 1544 1311 tem
1562 1277 1845 1312 contentorum
1867 1271 1987 1321 hujus
2007 1271 2092 1310 libri
2110 1271 2430 1311 datBibliotheca

1467 1337 1658 1374 ilistorica
1683 1335 1996 1385 [lemburgensis
2015 1335 2074 1384 i‘c).
2101 1334 2201 1385 Typi
2226 1345 2302 1373 non
2337 1337 2434 1373 sunt

1465 1398 1678 1437 admodum
1697 1397 1913 1446 elegantes,
1928 1396 2091 1435 minoris
2110 1396 2271 1436 formae:
2289 1407 2429 1448 graeca

1468 1472 1544 1498 non
1570 1461 1668 1498 satis
1694 1470 1785 1497 sese
1811 1458 2110 1507 commendant,
2134 1464 2175 1497 et
2194 1458 2430 1498 accentibus

1467 1523 1756 1560 destituuntur.
1794 1520 2002 1569 Judicant,
2040 1521 2106 1571 qui
2147 1521 2425 1572 perlegerunt,

1468 1584 1684 1623 Auctorem
1711 1584 1808 1621 satis
1834 1583 1933 1621 bene
1968 1583 2162 1631 scribere,
2185 1583 2254 1622 sed
2290 1584 2361 1630 ita,
2388 1589 2431 1623 ut

1473 1648 1568 1685 vitio
1592 1645 1713 1684 seculi
1735 1646 1795 1684 sui
1816 1644 1977 1691 laboret,
1999 1655 2129 1694 neque
2147 1644 2195 1684 ad
2219 1644 2433 1685 hodiernas

1471 1708 1754 1747 Historicorum
1810 1706 2102 1745 accuratiorum
2155 1707 2329 1746 rationes
2378 1707 2436 1745 sic

1470 1769 1704 1821 exigendus.
1748 1770 1961 1818 Postquam
2003 1767 2066 1806 hic
2101 1767 2199 1807 liber
2227 1768 2294 1808 diu
2329 1770 2434 1808 inter

1471 1833 1696 1871 rarissimos
1737 1831 1897 1870 babitus
1942 1831 2041 1878 fuit,
2082 1831 2230 1881 optime
2273 1830 2323 1870 de
2367 1831 2432 1871 illo

1474 1896 1640 1933 meritus
1676 1898 1738 1933 est
1764 1894 1829 1932 Vir
1853 1893 2035 1941 illustris,
2056 1904 2175 1943 quem
2211 1892 2326 1932 modo
2347 1893 2430 1933 lau-

1472 1955 1678 2004 davimus,
1712 1957 1911 1994 Ernestus
1939 1955 2171 1994 ,loachimus
2206 1954 2257 1994 de
2293 1956 2428 1995 West-

1474 2018 1637 2069 pliiilen,
1674 2019 1926 2057 Serenissimi
1954 2017 2149 2056 [lolsatiae
2176 2018 2296 2057 Ducis
2335 2018 2439 2057 Can-

1474 2081 1676 2128 cellarius,
1715 2081 1781 2130 qui
1823 2080 1931 2118 illum
1975 2084 2081 2118 tomo
2119 2080 2143 2118 1.
2186 2080 2433 2131 Scriptorum

1476 2144 1763 2182 Cimbricorum
1787 2148 1826 2181 et
1847 2143 2180 2193 Megapolensium
2202 2142 2334 2182 recudi
2350 2142 2438 2193 jus-

1476 2208 1527 2245 sit
1565 2219 1596 2257 p.
1637 2207 1714 2245 165
1751 2211 1790 2244 et
1826 2205 2153 2245 annotationibus
2193 2205 2436 2257 quibusdam

1481 2269 1710 2308 illustravit.

1530 2333 1675 2370 llorum
1698 2331 1911 2370 Annalium
1937 2336 2049 2370 extat
2066 2332 2205 2371 Versi.›
2224 2330 2440 2371 vernacula

1478 2394 1585 2433 Eliae
1627 2393 1784 2433 Schedii
1801 2425 1808 2440 ‚
1828 2404 1947 2443 quam
1973 2394 2036 2431 Vir
2060 2393 2233 2434 Illustris
2258 2392 2305 2433 ad
2332 2394 2438 2433 latus

1479 2461 1615 2495 textus
1653 2456 1778 2495 Latini
1817 2457 1904 2506 poni
1946 2456 2084 2495 voluit.
2130 2454 2239 2495 Haec
2282 2460 2439 2496 textum

1478 2521 1680 2565 Latinum,
1715 2522 1852 2569 utpote
1879 2519 1945 2569 qui
1977 2519 2264 2558 obscuritatem
2305 2520 2443 2570 singu-

1478 2583 1599 2622 larem
1625 2582 1843 2627 affectavit,
1867 2581 1918 2619 ita
1942 2581 2135 2632 explicat,
2162 2584 2206 2621 ut
2235 2583 2374 2621 Lector
2400 2584 2438 2622 in

1477 2645 1697 2684 eruditione
1736 2645 1900 2694 antiqua
1945 2653 2022 2681 non
2056 2644 2154 2682 satis
2197 2644 2441 2684 exercitatus

1480 2718 1557 2745 non
1583 2706 1822 2745 detineatur.

1534 2769 1663 2815 Quum
1709 2779 1800 2807 vero
1845 2767 2022 2807 Anuales
2062 2766 2291 2807 Marscbalci
2340 2769 2442 2809 ultra

1482 2843 1630 2871 annum
1659 2832 1754 2871 1521
1788 2842 1864 2869 non
1893 2829 2177 2881 procederent,
2202 2830 2441 2871 laudabilem

1484 2906 1642 2946 operam
1675 2895 1851 2945 suscepit
1885 2893 2150 2933 Sebastianus
2177 2892 2445 2934 Backmeiste-

1486 2969 1575 3005 rus,
1599 2957 1713 2996 Verbi
1739 2956 1862 2995 divini
1889 2956 2068 2995 Minister
2091 2956 2128 2993 in
2151 2955 2329 2995 Ecclesia
2352 2951 2449 2995 Tra·'

1488 3020 1768 3068 vemundensi‚
1790 3019 1857 3069 qui
1879 3018 1966 3057 illos
1987 3019 2136 3069 Lingua
2160 3018 2296 3057 Latina
2318 3028 2445 3070 usque

1488 3081 1534 3120 ad
1561 3093 1595 3122 a.
1636 3082 1739 3122 1713
1771 3081 2034 3120 continuavit.
2063 3080 2247 3119 invenies
2283 3091 2444 3132 operam

1489 3144 1576 3195 ejus
1597 3147 1634 3183 in
1659 3145 1898 3186 Collectioue
1923 3142 2081 3183 laudata
2103 3153 2142 3194 p.
2165 3141 2257 3182 339.

1549 3308 1594 3349 (c)
1614 3311 1706 3340 Tom.
1725 3309 1766 3338 lt.
1783 3316 1815 3347 p.
1828 3305 1886 3336 261
1907 3312 1998 3344 seqq.
2016 3303 2106 3336 Adde
2133 3302 2284 3338 stiebers
2293 3303 2461 3338 Historia

1494 3358 1555 3389 ‹le-5
1579 3356 1767 3393 Mecttenb.
1795 3352 2077 3390 Gelehrsamkeis
2101 3363 2135 3396 p.
2160 3353 2216 3396 76,
2239 3353 2296 3386 77.
