2517 4009
854 225 1364 270 WALAFRIDUS

97 303 194 353 ipsu,
220 312 348 351 neque
374 303 550 350 tempora
585 300 843 339 conveniunt.
880 300 919 339 Si
946 302 1051 338 enim

96 364 341 402 walafridus
357 375 390 402 a.
415 362 493 400 750
514 362 620 406 obiit,
639 365 675 399 in
706 365 944 401 monasterio
966 363 1053 402 Ful-

95 425 206 464 densi
246 426 404 464 educari
447 436 521 462 non
565 426 703 474 potuit.
748 425 888 464 Melius
933 428 1053 475 igitur

95 486 638 538 SigebcrtusGemblacensis
663 498 753 526 cum
773 488 990 526 Tritliemio
1012 492 1049 525 et

93 548 181 587 aliis
226 550 470 588 Germanum
516 550 688 598 faciunt,
733 551 892 590 Suevus
943 551 1047 607 enim

95 610 188 658 fuit,
237 609 287 662 (a)
338 612 524 661 quamvis
572 612 681 651 locus
727 613 880 663 patrius
921 611 1052 663 detegi

93 673 224 713 adhuc
258 677 442 724 nequeat.
474 673 680 713 Educatus
705 680 838 713 autem
877 675 1048 725 primum

94 735 168 775 fuit
205 736 243 774 in
279 737 520 774 monasterio
556 737 593 775 S.
623 736 744 783 Galli,
784 740 902 786 prout
939 735 1054 774 docet

92 797 350 837 Ermenricus
383 799 602 838 monachus
631 798 843 848 Augiensis
878 799 914 836 in
956 798 1052 836 libro

93 859 142 898 de
165 859 453 909 Grammatica;
479 874 597 912 quom
639 861 828 900 exhibent
862 861 1051 900 Analecta

92 922 367 962 Mabillouiana
394 936 432 975 p.
455 922 525 963 421
555 925 618 964 ubi
644 929 781 963 auctor
802 922 1050 962 Grimoldum

93 985 150 1023 sic
194 984 438 1036 alloquitur,
473 997 565 1025 cum
603 988 713 1037 prius
745 986 794 1025 de
834 986 921 1024 aliis
958 986 1052 1024 viris

91 1046 209 1085 claris
234 1048 270 1085 in
295 1048 358 1086 illo
385 1051 628 1087 monasterio
651 1050 859 1088 instructis
894 1048 1052 1087 locutus

52 1140 61 1144 -
92 1107 251 1148 fuisset:
287 1111 462 1150 Domnns
491 1110 778 1164 Walhafredus
803 1110 876 1150 tibi
896 1111 1052 1150 notissi-

0 3274 15 3636 l

90 1182 200 1220 mus,
221 1183 335 1224 quem
365 1173 486 1212 etiam
509 1177 550 1212 tu
574 1173 655 1226 ipse
677 1177 722 1212 ut
739 1175 896 1226 peritus
921 1173 1051 1213 ealhe-

87 1236 180 1284 9eta
197 1235 373 1286 peritum
393 1235 609 1287 sophistam
634 1237 835 1276 enutristi.
853 1238 934 1276 lmo
955 1239 1050 1288 ipse,

91 1300 194 1335 teste
230 1295 438 1346 Gotdasto,
476 1299 524 1347 (b)
565 1299 706 1337 alicubi
747 1299 914 1344 scribit,
942 1311 984 1337 se
1014 1301 1050 1336 in

91 1359 333 1397 monasterio
357 1360 397 1398 S.
423 1359 522 1398 Galli
558 1361 715 1399 scholas
755 1362 1052 1411 frequentasse,

90 1418 160 1458 sed
183 1420 311 1460 locum
339 1422 580 1473 investigare
606 1423 783 1461 nondum
810 1425 930 1473 potui.
957 1422 1052 1461 lnde

89 1481 137 1520 ad
178 1485 466 1523 monasterium
510 1484 709 1523 Fuldense
758 1486 967 1535 pervenit,
1013 1489 1053 1521 et

91 1543 298 1584 Rabanum
339 1547 518 1585 Maurum
564 1552 859 1598 praeceptorem
903 1546 1051 1585 habuit.

91 1606 267 1646 Primum
308 1613 442 1648 autem
484 1609 556 1648 fuit
579 1610 764 1648 Decanus
801 1609 984 1648 Coenobii
1011 1607 1049 1646 S.

91 1667 212 1718 Galli,
237 1669 380 1709 deinde
409 1682 444 1709 a.
465 1670 557 1710 842.
587 1671 721 1710 Abbas
746 1671 895 1721 Augiae
916 1670 1052 1708 divitis

89 1729 339 1783 (Rez‘chenau)
361 1734 397 1770 in
417 1733 588 1772 dioecesi
615 1734 924 1781 Constantiensi,
948 1744 1051 1770 mor-

89 1796 169 1831 tem
195 1794 290 1833 obiit
313 1807 346 1834 a.
370 1795 447 1834 849
474 1801 512 1833 et
538 1795 698 1846 quidem
722 1798 758 1833 in
798 1794 944 1842 Gallia,
969 1805 1047 1845 quo

86 1854 135 1893 ad
157 1855 450 1906 expediendum
477 1857 633 1908 aliquod
662 1859 862 1908 negotium
897 1859 1046 1896 missus

87 1915 227 1955 fuerat.
257 1918 500 1958 Trithemius
532 1921 662 1968 ipsum
696 1921 899 1958 Rectorem
933 1920 1047 1958 scho-

86 1978 215 2018 larum
257 1981 293 2019 in
334 1983 576 2020 monasterio
621 1981 882 2020 llirsfeldensi
921 1982 1044 2020 fuisse

86 2041 216 2079 tradit.
246 2042 358 2081 Adde
382 2043 574 2082 Bulaeum
602 2045 638 2081 in
672 2043 833 2082 historia
859 2042 1041 2082 Univers.

84 2103 284 2144 Parisinae
305 2110 386 2144 torn
419 2107 446 2145 1.
469 2117 505 2156 p.
528 2105 616 2153 446,
639 2105 731 2145 lm.

137 2167 193 2207 Ex
217 2168 376 2220 scriptis
399 2170 487 2222 ejus
511 2172 731 2220 supersunt
755 2171 983 2219 sequentia:

136 2229 172 2268 1.
196 2228 428 2286 Πε-οῙῙὶοίίε
451 2232 596 2272 decinis
635 2235 719 2270 sive
759 2232 805 2271 de
845 2234 1040 2274 Exordiis

82 2296 121 2329 et
142 2287 146 2289 ’
165 2292 423 2337 Incremenn's
466 2310 605 2338 rerum
649 2299 1037 2339 Ecclesiastz‘carnm.

80 2355 237 2395 Pitseus
276 2359 377 2397 male
420 2360 521 2400 duos
563 2375 611 2401 ex
655 2363 726 2402 boc
769 2363 889 2403 libros
934 2364 1038 2403 facit.

80 2416 224 2456 Exstat
265 2420 301 2456 in
342 2421 582 2461 collectione
615 2425 673 2461 Jo.
699 2425 904 2473 Cochlaei,
935 2438 1037 2476 quac

80 2478 326 2527 inscribitur:
349 2484 562 2534 Speculum
593 2479 780 2537 antiquae
815 2488 1038 2526 devotionis

77 2540 179 2580 circa
203 2543 384 2596 Missam,
420 2558 530 2586 num.
552 2548 577 2586 2
607 2551 642 2587 in
678 2550 917 2589 Collectione
946 2550 1038 2589 Mel-

79 2603 226 2645 chioris
264 2607 444 2660 Hittorpii
487 2609 536 2649 de
575 2613 800 2652 Catholicae
838 2614 1038 2652 Ecclesiae,

78 2661 228 2704 divinis
251 2667 390 2707 officiis
411 2680 457 2708 ac
484 2673 727 2723 ministeriis,
755 2685 793 2712 n.
814 2674 836 2713 7
863 2685 935 2713 nec
962 2685 1037 2712 non

78 2727 116 2765 in
141 2728 398 2770 Bibliothecis
418 2733 596 2773 Patrum.

132 2888 178 2929 (a)
199 2887 254 2921 Sic
278 2890 349 2931 ipse
371 2887 581 2924 walafridus
606 2893 639 2924 in
664 2893 873 2934 praefatione
909 2896 983 2927 libri
1009 2897 1035 2927 Ι.

74 2939 117 2971 de
153 2941 217 2971 vita
252 2940 288 2972 B.
323 2941 433 2974 Galli:
477 2945 600 2976 invem·
640 2949 796 2982 terram,
838 2954 941 2985 quam
973 2956 1036 2978 nos

73 2991 268 3024 Alamanni
289 2995 341 3025 vel
364 2994 466 3027 Saevi
482 2997 685 3032 incolimus,
712 2998 944 3027 Annnuniam
962 3006 1035 3027 εαιυ

68 3043 149 3082 pius
172 3045 366 3076 nominari.

129 3093 176 3134 (b)
200 3094 283 3127 Vide
307 3095 560 3138 Protegomona
584 3100 625 3130 de
651 3099 859 3131 Auctoribus
883 3100 922 3129 ati
947 3098 1031 3129 Scri-

70 3147 210 3183 piorum
234 3145 546 3179 Alemannicorum
573 3153 656 3181 inm.
685 3151 711 3181 Ι.
736 3155 868 3190 partem
895 3153 924 3180 2.
953 3150 1027 3179 l‘lu-

70 3194 162 3226 ribus
179 3197 358 3228 veroium]
378 3198 475 3229 docet
493 3199 639 3231 JOthOUS
657 3200 866 3232 Motzelmns
890 3202 930 3230 ds·
951 3201 1030 3230 viris

69 3243 176 3278 illust.
196 3244 230 3280 S.
250 3246 336 3279 Galli
357 3247 406 3279 ΙΙ.
425 3251 466 3279 68
488 3253 643 3290 quamvis
665 3262 732 3282 non
755 3254 867 3282 minus
887 3259 1028 3288 operose

69 3294 152 3328 illud
193 3297 374 3338 impugnet
411 3299 465 3331 Jo.
508 3301 601 3342 Egon
641 3303 684 3334 do
720 3303 807 3335 Viris
841 3301 1028 3333 illustribus

70 3346 202 3388 Augiae
225 3349 337 3382 divitis
363 3349 408 3382 ΙΙ.
436 3353 487 3383 13.

2019 240 2094 279 601

1180 299 1216 338 2.
1242 299 1299 339 De
1327 300 1412 340 υἰεα
1437 302 1481 342 B.
1508 302 1616 342 Galli
1651 304 1910 357 Confessoris
1938 309 2022 348 libri
2051 310 2101 350 ll.

1128 361 1332 401 Habentur
1365 365 1467 415 apud
1505 367 1664 406 Surium
1702 368 1738 406 d.
1768 369 1815 408 16
1852 369 2013 410 Octobr.
2051 373 2087 410 in

1127 423 1395 473 Scriptoribus
1438 439 1569 466 rerum
1611 429 1963 472 Alemannicarum
2007 434 2098 474 Gol-

1128 484 1228 522 dasti
1253 491 1348 525 tom.
1380 488 1407 526 l.
1430 494 1529 539 part.
1554 490 1594 528 2.
1620 503 1655 541 p.
1685 494 1761 531 112
1785 494 1888 544 apud
1914 496 2091 535 Mabillo-

1131 547 1239 585 nium
1264 549 1349 586 Soc.
1378 549 1425 588 ll.
1455 552 1711 592 Benedictioo
1737 567 1773 605 p.
1795 555 1887 594 227.

1185 609 1221 646 3.
1259 610 1312 649 De
1345 611 1428 650 vita
1465 614 1505 652 S.
1547 613 1732 654 Ochmari
1766 616 1949 657 Abbatis:
1981 621 2086 670 apud

1129 670 1289 709 Surium
1317 672 1426 712 (1.16
1463 675 1558 712 Νον.
1594 676 1828 717 Goldastum
1867 691 1901 730 p.
1941 682 2017 719 177
2055 686 2095 720 et

1127 733 1395 773 Mabillonium
1437 736 1524 774 Sec.
1567 737 1630 775 lll.
1674 740 1876 779 Benedict.
1919 748 2016 792 part.
2054 745 2091 783 2.

1129 805 1166 844 p.
1194 794 1285 833 153.

1183 857 1216 894 i.
1243 857 1328 896 Vita
1349 858 1386 897 S.
1409 857 1643 900 Blaz'cmaz'ci
1661 862 1825 902 Abbatis
1851 866 2021 906 [iliensis
2047 874 2087 908 et

1127 919 1328 969 Martyris:
1376 921 1478 972 apud
1522 923 1727 963 Canusium
1769 928 1932 977 Antiqu.
1985 931 2088 968 Lect.

1127 985 1220 1019 tom.
1241 981 1300 1020 Vl.
1324 982 1416 1020 edit.
1433 995 1560 1023 novae
1586 990 1680 1025 tom.
1706 987 1750 1026 ll.
1774 994 1873 1038 part.
1893 992 1929 1028 2.
1953 1003 1988 1040 p.
2011 993 2079 1032 201

1129 1044 1164 1080 in
1200 1043 1310 1082 Actis
1335 1045 1569 1086 Sanctorum
1608 1054 1700 1087 tom.
1726 1050 1750 1088 2
1775 1051 1859 1089 Jan.
1887 1065 1923 1103 p.
1944 1053 2024 1093 236
2050 1057 2086 1093 in

1128 1105 1222 1143 Bibl.
1243 1107 1309 1144 ΡΙ).
1330 1110 1501 1148 maxima
1523 1115 1618 1148 torn.
1640 1112 1722 1150 XV.
1750 1125 1786 1163 p.
1809 1113 1887 1152 210
1913 1115 1948 1152 in
1974 1117 2085 1156 Actis

1127 1167 1192 1205 SS.
1213 1168 1304 1207 Ord.
1328 1171 1528 1209 Benedicti
1548 1173 1573 1211 l.
1591 1184 1622 1211 c.
1642 1173 1772 1224 [2439
1792 1177 1828 1213 in
1850 1178 2085 1230 J0.1jolgani

1127 1229 1238 1268 Actis
1263 1232 1334 1270 SS.
1361 1234 1569 1273 Hiberniae
1594 1241 1687 1274 tom.
1715 1239 1740 1276 Ι.
1768 1251 1840 1288 pag
1879 1239 1966 1278 128.

1181 1292 1205 1331 5
1246 1294 1329 1331 Vita
1356 1296 1397 1334 S.
1426 1297 1622 1337 Mammae
1646 1299 1729 1338 sive
1760 1301 1979 1341 Mamann's
2006 1314 2085 1341 mo-

1126 1354 1261 1393 nachi:
1288 1357 1470 1398 Canisius
1492 1373 1525 1411 p,
1558 1361 1644 1399 184.
1672 1363 1765 1401 Bibl.
1790 1366 1855 1402 ΡΙ).
1886 1378 1918 1414 p.
1943 1366 2019 1406 205

1180 1418 1218 1455 6.
1252 1418 1340 1457 Vita
1364 1422 1392 1460 S
1432 1421 1668 1473 Leocleyari:
1695 1424 1878 1464 Canisius
1904 1439 1927 1477 p
1964 1429 2056 1468 210.

1180 1479 1217 1517 7.
1252 1481 1307 1519 De
1338 1482 1562 1523 visionibus
1602 1487 1642 1525 S.
1684 1487 1860 1526 Πέίίίηίε
1900 1491 2084 1531 Canisius

1129 1552 1162 1591 p.
1188 1542 1278 1582 204.
1302 1545 1398 1583 Bibl.
1422 1547 1488 1584 PP.
1515 1559 1619 1586 max.
1646 1561 1680 1599 p.
1716 1549 1806 1589 212.
1832 1552 2079 1593 Mabillonius

1127 1604 1213 1642 Sec.
1240 1605 1303 1644 tv.
1326 1607 1472 1646 Bened.
1494 1614 1594 1659 part.
1616 1610 1652 1648 1.
1672 1623 1705 1661 p.
1732 1611 1823 1650 272.

1179 1666 1204 1705 8
1243 1668 1463 1718 Hortalus,
1499 1683 1618 1721 quern
1650 1674 1707 1711 Jo.
1738 1674 1977 1715 Atrocianus
2011 1678 2086 1717 sub

1124 1726 1265 1766 Straba·
1297 1729 1404 1768 Galli·
1426 1734 1586 1770 nomine
1617 1734 1758 1774 edidit.
1787 1735 1955 1775 fortasse
1988 1740 2084 1777 scri-

1125 1795 1235 1840 ptum
1265 1792 1407 1841 fuerat,
1433 1793 1576 1833 Strabz'
1596 1796 1800 1836 Decanz'S.
1839 1797 1948 1837 Galli
1982 1801 2083 1838 Hor-

1123 1850 1241 1899 talus,
1258 1853 1360 1903 quod
1382 1866 1456 1892 non
1482 1861 1588 1894 recte.
1611 1860 1785 1897 assecuti
1811 1865 1917 1898 sunt.
1938 1862 2084 1900 Prodiit

1120 1918 1254 1951 autem
1282 1916 1452 1964 primum
1488 1919 1617 1956 Norib.
1655 1920 1757 1969 apud
1795 1922 1905 1959 Joan.
1940 1924 2084 1973 Weys-

1120 1974 1410 2026 senburgerum
1438 1978 1554 2023 1512.
1579 1979 1613 2018 [ι.
1641 1981 1756 2018 Porro
1781 1981 1888 2020 dedit
1910 1995 2000 2022 eum
2023 1985 2079 2023 Jo.

1119 2035 1357 2076 Atrocianus
1400 2038 1447 2077 ad
1489 2040 1637 2079 calcem
1685 2042 1828 2081 AEmilii
1868 2046 1983 2084 Macri
2031 2046 2078 2084 de

1119 2097 1331 2138 herbarum
1375 2102 1622 2151 virtutibuS,
1662 2105 1839 2156 Friburgi
1879 2109 2077 2157 Brisgoiao

1120 2159 1246 2209 4530,
1285 2161 1320 2200 8.
1355 2163 1499 2202 Editus
1535 2167 1654 2204 etiam
1696 2172 1758 2205 est
1790 2180 1881 2208 cum
1915 2169 2073 2208 Eobano

1116 2222 1243 2261 Hesso
1285 2223 1333 2261 de
1381 2226 1527 2264 tuenda
1570 2227 1796 2267 valetudine
1842 2231 1918 2268 Frf.
1959 2230 2082 2281 4564,

1116 2285 1241 2334 1571,
1266 2285 1304 2324 8.
1339 2287 1516 2326 Venetiis
1556 2289 1657 2338 apud
1689 2290 1834 2329 Aldum
1863 2293 1966 2330 1547
1990 2304 2082 2332 cum

1113 2350 1272 2387 Medicis
1309 2351 1484 2400 antiquis
1519 2363 1553 2400 p.
1596 2351 1685 2390 ⁶247.
1723 2355 1844 2392 Basil.
1887 2355 2011 2402 1627,
2042 2355 2080 2394 8.

1114 2410 1267 2450 Inserta
1295 2412 1437 2450 deind(¹
1478 2414 1730 2453 Bibliothecis
1769 2417 1927 2455 Patrum
1969 2418 2081 2456 Colo—

1113 2474 1238 2511 niensi
1265 2480 1304 2512 et
1331 2475 1607 2525 Lugdunensi,
1643 2489 1663 2515 a
1694 2478 1852 2517 Canisio
1890 2484 1986 2517 tom.
2016 2480 2078 2518 vl.

1115 2547 1149 2586 p.
1176 2537 1263 2574 672.
1289 2537 1433 2575 Exstat
1455 2538 1490 2575 in
1518 2538 1618 2576 Asse
1646 2544 1828 2578 veterum
1855 2540 1903 2578 de
1925 2553 1965 2579 re
1991 2541 2079 2580 her-

1114 2598 1220 2636 baria
1265 2610 1333 2649 per
1370 2598 1492 2638 Andr.
1519 2601 1704 2639 Rivinum
1735 2603 1836 2652 Lips.
1878 2603 2004 2651 1655,
2039 2604 2078 2643 8.

1113 2659 1401 2699 Dedicatoriam
1427 2661 1473 2700 ad
1493 2661 1765 2702 Grimoaldum
1787 2663 1979 2703 Abbatem
2000 2667 2076 2716 pri-

1116 2734 1205 2761 mus
1229 2722 1338 2761 dedit
1370 2724 1567 2763 Canisius.
1593 2725 1796 2771 Quaedam
1832 2726 1935 2765 iliius
1969 2738 2077 2766 ema-

1113 2785 1263 2823 culatit
1286 2789 1325 2823 et
1352 2784 1566 2823 illustravit
1591 2786 1777 2825 Barthius
1802 2786 1906 2826 Adv.
1934 2788 1995 2826 iv,
2022 2788 2073 2827 2⁷⁴

1112 2848 1178 2896 qui
1202 2852 1240 2885 et
1267 2846 1559 2886 Dedicationem
1586 2859 1657 2886 suo
1683 2849 1766 2887 loco
1803 2849 2072 2900 reponendam

1109 2920 1198 2948 esse
1221 2910 1385 2948 monuit.
1405 2909 1588 2948 Codicem
1607 2911 1694 2960 eJus
1720 2922 1839 2950 manu
1861 2917 2070 2951 exaratum

1111 2971 1148 3008 in
1196 2970 1376 3008 incendio
1418 2971 1683 3010 Bibliothecae
1730 2983 1826 3011 suae
1874 2975 2067 3012 amissum

1106 3032 1288 3082 deplorat
1315 3033 1567 3071 Bartliolinns
1594 3046 1629 3083 p.
1667 3033 1739 3078 89,
1776 3035 1838 3071 90.
1867 3035 1913 3072 L't
1941 3034 2067 3073 obiter

1107 3095 1177 3132 linc
1195 3094 1477 3139 ad‹lamu5,l1ic
1501 3095 1639 3133 Strabo
1660 3107 1679 3133 a
1700 3097 1825 3134 Murro
1842 3095 1890 3133 de
1909 3096 2062 3136 viribus

1107 3157 1319 3194 herbarum
1358 3157 1575 3206 allegatur,
1619 3169 1703 3208 cap.
1744 3158 1865 3196 XXV.
1908 3159 1976 3204 19,
2014 3159 2067 3200 25

1106 3218 1209 3257 unde
1248 3218 1295 3255 de
1321 3223 1449 3256 aetate
1477 3218 1595 3268 hujus
1628 3225 1857 3268 conjectura
1886 3221 1970 3270 capi
1999 3233 2063 3272 po-

1104 3281 1208 3318 terit.
1230 3279 1402 3319 Bulaeus
1429 3285 1550 3326 notat,
1576 3280 1838 3320 walafridum
1863 3287 2060 3331 nostrum,

1104 3342 1260 3386 poema,
1276 3341 1379 3390 quod
1400 3340 1613 3381 Hortalum
1639 3342 1863 3382 Puerorum
1890 3345 2061 3391 vocavit,

1660 3423 1740 3450 -'›·)·v

1661 3442 1732 3461 ..-Δ
