2533 4009
402 202 478 240 580

400 270 568 310 Lei-ando
597 271 724 303 toste.
757 262 944 310 Rogerius
991 245 1261 308 liovedeuns,
1293 263 1344 300 ita

397 339 540 370 tamen.
573 334 612 365 ut
641 330 842 363 auctorem
874 320 992 359 su'um
1025 331 1072 357 ne
1103 321 1227 359 semel
1259 325 1346 371 qui-

395 393 482 430 dem
512 387 702 425 citaverit.
733 384 860 433 Opera
890 381 978 430 ejus
1007 385 1102 418 sunt
1136 379 1258 420 haec':

447 454 479 488 4.
513 449 563 485 De
604 444 762 496 reyibus
806 441 1024 493 Anqlorum
1062 444 1101 480 et
1141 443 1346 482 Danorum

393 513 439 549 ab
467 522 500 547 a.
530 508 618 546 616.
650 518 776 556 usque
805 505 852 544 ad
888 505 1000 544 1129.
1024 505 1129 555 apud
1152 505 1346 556 Twysde-

391 582 484 609 nuni
516 571 554 607 S.
588 568 628 605 R.
657 567 770 615 Angl.
803 579 837 617 p.
873 567 935 604 85.

442 633 476 668 ⁹2.
509 631 560 666 De
599 626 796 667 obsidione
839 626 1027 666 Dunelmi
1054 638 1116 666 an.
1151 628 1240 665 869.
1272 628 1346 666 lbi-

390 693 476 730 ‹lcm
500 702 584 740 pag.
615 690 677 727 79.

442 754 477 790 3.
514 753 567 790 De.
607 750 917 803 Archiepiscopis
955 749 1137 789 Eboraci.
1189 750 1339 790 Ibidem

388 828 423 865 p.
454 815 514 852 75.
545 818 582 851 et
625 812 726 862 apud
774 813 970 852 Labbeum
1016 818 1112 850 tom.
1142 812 1170 850 1.
1212 814 1343 851 Novae

389 876 481 914 Bibl.
515 875 620 914 MSS.
651 879 748 912 sect.
779 875 814 911 2.

439 938 475 974 i.
504 936 677 975 Historia
710 935 979 974 Dunelmensis
1010 934 1223 974 Ecclesiae.
1269 935 1344 973 lbi-

385 999 474 1036 dem
507 1010 540 1047 p.
572 1000 585 1036 1
640 997 749 1036 lianc
779 997 975 1035 seldenus
1007 999 1043 1034 in
1079 997 1201 1047 praei.
1240 997 1344 1036 Scri-

387 1061 563 1110 ptoribus
606 1060 823 1109 Twysdoni
869 1060 1117 1110 praemissa,
1161 1070 1233 1098 noc
1265 1070 1341 1097 non

386 1122 481 1159 Acta
511 1122 745 1160 Sanctorum
794 1127 889 1159 tom.
921 1121 985 1159 lli.
1027 1122 1150 1159 Martii
1184 1133 1219 1171 p.
1253 1121 1341 1159 424.

389 1184 471 1221 ¹25.
501 1188 541 1220 et
571 1188 665 1220 tom.
697 1182 744 1221 Vl
798 1184 896 1232 Maii.
945 1195 981 1233 p.
1025 1182 1114 1220 718.
1163 1184 1341 1232 Turgoto

383 1245 573 1290 tribuunt.
605 1244 652 1281 de
682 1256 760 1294 quo
793 1245 958 1282 inf-›rius
991 1255 1062 1282 suo
1095 1246 1188 1282 loco.

435 1306 471 1344 5.
503 1306 556 1343 De
582 1304 834 1356 passionibus
862 1308 930 1345 SS.
959 1308 1186 1357 Martyrum
1211 1306 1337 1345 Ethel-

382 1365 483 1404 berli
507 1370 544 1404 et
574 1366 728 1405 Ellielrc
743 1366 782 1410 l·,
815 1366 1153 1406 :lbbrevialiones
1189 1367 1359 1407 Malme-

381 1426 612 1466 sbariensis.
657 1432 685 1474 a)
727 1433 762 1466 el
808 1428 1006 1479 Iz'piscolae
1039 1429 1092 1467 atl
1139 1428 1339 1469 Elmerum

380 1489 456 1527 liuc
487 1500 613 1539 usqu·v
647 1491 822 1529 nondum
863 1491 1106 1540 prodierunt.

435 1550 530 1587 Vide
563 1551 775 1589 Lol-andum
807 1564 839 1590 c.
876 1553 966 1591 160.
1002 1553 1186 1591 Bai-acum
1236 1556 1339 1591 (ien-

384 1618 460 1649 tur.
492 1613 536 1649 ΙΙ.
565 1613 628 1649 98.
660 1614 831 1650 Pitseum
862 1624 894 1650 c.
928 1613 1017 1651 226.
1048 1614 1224 1652 Caveum
1252 1627 1335 1665 pag.

381 1673 468 1710 577.
500 1677 539 1709 et
568 1679 659 1711 ante
688 1685 828 1711 ornnes
860 1674 1077 1713 Seldenurn
1120 1676 1155 1712 in
1189 1677 1339 1725 praefa-

379 1736 483 1771 tione
512 1733 558 1771 ad
590 1733 809 1784 Scriptores
845 1736 1059 1785 Twysdcni
1088 1748 1121 1786 p.
1152 1738 1184 1774 vi.
1222 1747 1319 1786 seqq

379 1794 579 1833 oudinum
612 1801 706 1833 tom.
739 1798 784 1834 11.
816 1809 849 1847 p.
880 1798 993 1835 1101.

434 1852 615 1892 ΞΙΜΕΟΧ
647 1856 785 1894 Scotas
813 1859 988 1894 carmine
1035 1859 1195 1908 scripsit
1238 1858 1337 1896 Acta

380 1916 408 1953 S
439 1913 654 1953 Columbae
683 1917 730 1955 ad
751 1918 1021 1957 Alexandrum
1040 1920 1247 1959 Scotorum
1266 1922 1338 1959 Re-

381 1989 482 2027 gem,
516 1984 557 2016 ut
580 1983 690 2016 no¹at
718 1979 798 2017 Jac.
825 1980 1009 2018 L'sserius
1039 1981 1087 2019 de
1114 1981 1337 2030 primordiis

387 2039 587 2077 Ecclesiae
616 2040 854 2089 Anglicanac
885 2052 919 2090 p.
950 2042 1039 2079 689.
1070 2043 1160 2080 697.
1191 2054 1235 2081 ex
1260 2054 1338 2092 quo

388 2102 606 2149 fragmenta
635 2101 828 2150 quaedam
859 2102 1018 2140 exbibet
1050 2105 1105 2140 Jo.
1137 2104 1338 2153 (loiganus

387 2163 423 2198 in
455 2161 594 2199 Triade
623 2163 916 2208 Tiiavmaturga
944 2165 1148 2202 Hiberniae
1182 2177 1218 2215 p,
1251 2166 1338 2203 466.

437 2224 584 2261 sisio&
603 2221 902 2273 Affliyemiensz's
926 2226 1100 2264 coenobii
1119 2227 1338 2265 monachus

382 2286 419 2320 in
441 2284 659 2330 Brabantia‚
689 2284 781 2322 Ord.
812 2286 848 2321 S.
882 2286 1094 2324 Benedicti:
1133 2288 1236 2325 circa
1269 2299 1338 2326 an-

384 2357 476 2382 nun]
510 2346 623 2383 4250.
654 2347 820 2395 Scripsit
849 2348 1056 2386 Sermones
1096 2349 1136 2386 in
1171 2348 1339 2388 Cantica

383 2406 635 2444 Canticorum
654 2439 664 2454 ‚
717 2406 1060 2448 Abbreviacionem
1125 2410 1337 2449 Moralium

380 2468 565 2518 Greyorii
587 2469 625 2506 in
648 2467 802 2517 Jobum,
838 2471 1050 2519 Commeat,
1082 2471 1122 2509 in
1151 2472 1340 2511 Ezechie-

377 2528 449 2568 lem
477 2542 525 2568 ex
557 2532 754 2581 Gregorio,
785 2533 1071 2571 Collationibus
1104 2535 1262 2572 Patrum
1293 2539 1333 2572 ct

378 2593 568 2631 Richardo
586 2592 633 2630 de
658 2593 698 2631 S.
720 2595 885 2640 Victore,
913 2594 1105 2633 Visionem
1129 2594 1337 2647 quasclam

378 2654 558 2692 conversi
599 2653 694 2692 Ord.
735 2655 1138 2694 Praemonstratensis
1170 2668 1226 2696 eae
1255 2668 1334 2695 mo-

379 2715 550 2753 nasterio
593 2715 753 2753 Postele.
798 2717 913 2754 Henr.
962 2717 1240 2756 Gandavensis
1285 2719 1334 2756 de

379 2779 511 2827 script.
542 2777 694 2815 Eccles.
724 2788 756 2815 c.
783 2779 844 2816 56.
878 2778 1004 2816 Valer.
1031 2778 1210 2818 Andreae
1235 2780 1332 2819 Bibl.

381 2840 534 2888 Belgica
567 2851 603 2888 p.
628 2840 717 2878 811.
749 2840 949 2878 Swertius
981 2840 1147 2878 Athenis
1171 2842 1338 2891 Belgicis

385 2912 420 2948 p.
450 2901 538 2938 674.
570 2900 660 2938 675.
1124 2930 1128 2933 -

436 2961 584 3000 Simos
614 2961 872 3009 mimmius,
914 2964 1030 3001 Poeta
1073 2963 1252 3013 Augias,
1285 2965 1340 3001 vi-

385 3023 441 3058 xit
470 3035 532 3059 an.
566 3024 678 3061 1156.
709 3029 749 3061 ct
780 3024 827 3061 (le
860 3023 949 3062 lado
978 3035 1208 3063 scaccorum
1246 3026 1342 3062 scri-

386 3085 474 3130 psit.
501 3086 656 3123 i'itseus
686 3086 1000 3136 Appr=n‹1.(:e11t.
1029 3089 1089 3126 iv.
1123 3088 1186 3127 34.

449 3179 482 3214 ¹¹¹)
506 3181 549 3210 De
573 3180 623 3211 his·
650 3183 692 3212 ita
729 3184 845 3214 scribit
883 3183 1042 3214 nenticue
1074 3182 1228 3215 Wharton
1247 3183 1349 3224 praet.

385 3225 424 3253 aii
449 3230 573 3257 (tmutn
600 3231 621 3259 1.
652 3232 786 3269 Angiiae
810 3234 927 3263 sacrae
949 3242 980 3271 p.
1000 3232 1047 3263 13.
1068 3233 1235 3264 willelmi
1251 3233 1349 3272 (Mai-

385 3273 616 3306 memorie-nsi<
657 3279 854 3309 niuem-iam
898 3281 1117 3313 (Pontificum
1153 3280 1347 3319 Angiorum)

1282 191 1507 232 SlMON

1475 264 1624 302 SiMON
1659 263 1878 316 Alconem,
1921 269 2101 321 Angius,
2146 272 2380 324 Theoiogiae

1420 324 1588 372 Doctor‚
1619 326 1820 366 Professor
1847 334 1888 368 et
1917 332 2182 371 Concionator
2209 335 2313 372 circa
2344 346 2379 373 3.

1422 385 1534 424 1380.
1567 386 1736 436 Scripsit
1777 387 1823 427 de
1868 392 1978 430 modo
2015 392 2216 432 dividendi
2252 393 2382 434 thema

1415 458 1491 496 pro
1521 448 1690 486 materia
1719 451 1913 490 sermont‘s
1942 453 2172 503 dilatanda,
2207 455 2381 506 Eoeposi-

1420 507 1542 546 tiones
1572 508 1611 545 in
1640 509 1883 559 Mayiscrum
1916 514 2208 554 Sententiarum
2227 519 2266 555 et
2280 517 2380 557 Con-

1418 569 1557 608 ciones.
1581 571 1748 609 Baiaeus
1765 572 2062 615 Centuer.52.
2074 579 2273 618 Pitseusc.
2286 578 2378 618 652.

1471 632 1621 671 SIMON
1650 631 1696 670 de
1725 631 1906 683 Anyelis‚
1931 635 2024 675 Ord.
2051 639 2372 679 praedicatorum

1420 693 1457 730 in
1487 698 1690 732 conventu
1720 694 1888 734 Senensi
1918 706 1998 736 sec.
2030 700 2112 738 XV.
2159 704 2377 751 vergente,

1417 755 1576 802 scripsit
1622 754 1750 793 Vitam
1798 755 2045 797 Calliarinae
2090 759 2137 800 de
2180 761 2340 801 Lenziis
2365 792 2376 810 ,

1416 828 1518 865 quae
1577 817 1696 867 vulgo
1753 818 1876 856 altera
1940 819 2154 860 catherina
2217 822 2267 862 de
2311 823 2379 862 Se-

1419 878 1478 914 nis
1507 877 1611 916 dicta
1639 884 1750 926 erat,
1780 880 1924 930 cuique
1955 891 1976 918 a
2005 883 2130 920 sacris
2157 884 2378 924 confessio—

1418 938 1534 977 nibus
1564 939 1649 978 fuit.
1681 940 1790 979 Vino.
1819 942 1937 980 Maria
1970 943 2144 982 Fontana
2189 943 2239 984 de
2287 947 2377 984 Pro-

1417 1001 1543 1038 vincia
1575 1002 1747 1040 Romana
1778 1002 1870 1041 Ord.
1903 1003 2037 1042 Praed.
2079 1016 2116 1054 p.
2162 1003 2254 1044 376.
2295 1009 2379 1046 Jac.

1415 1062 1550 1108 Quetif
1590 1061 1640 1100 de
1683 1063 1951 1113 scriptoribus
1995 1063 2090 1104 Ord.
2135 1065 2378 1106 Praedicato-

1417 1134 1521 1161 rum.
1552 1127 1649 1161 tom.
1679 1124 1706 1162 1.
1739 1136 1775 1174 p.
1796 1125 1887 1163 876.

1477 1185 1628 1223 SlMON
1658 1183 1832 1235 Anyelus
1861 1185 1908 1225 de
1940 1186 2082 1234 noces,
2113 1186 2229 1227 Senis
2258 1191 2378 1228 natus

1416 1256 1519 1284 anno
1551 1246 1666 1285 4437.
1702 1247 1803 1287 Ord.
1839 1248 2185 1296 praedicatorum,
2230 1248 2377 1289 Patavii

1415 1307 1538 1346 literis
1568 1309 1771 1357 incubuit,
1789 1315 1877 1360 post
1898 1311 2034 1348 Lector
2051 1310 2196 1350 Bibliae
2213 1314 2254 1349 et
2270 1311 2371 1350 Sen-

1415 1370 1627 1408 tentiarum
1660 1371 1696 1407 in
1727 1376 1930 1410 conventu
1972 1371 2168 1421 Senensi,
2214 1371 2374 1422 Regens

1413 1430 1532 1468 studii
1565 1432 1784 1470 Florentiae
1815 1431 1862 1470 ad
1893 1433 1941 1471 S.·
1979 1434 2121 1472 Mariae
2169 1432 2375 1480 novellae,

1412 1492 1506 1530 obiit
1534 1504 1568 1531 a.
1601 1493 1715 1531 1509.
1748 1494 1913 1543 Scripsit
1943 1494 1992 1532 de
2025 1494 2290 1544 quaestione,
2323 1504 2378 1532 an

1412 1553 1496 1592 vita
1526 1553 1678 1593 laiculis
1698 1585 1705 1601 ,
1729 1565 1782 1592 an
1816 1553 2050 1594 claustralis
2073 1554 2132 1594 sit
2139 1553 2377 1607 praeferen-

1413 1615 1498 1653 aa?
1528 1617 1620 1654 item
1654 1615 1831 1669 Officium
1860 1614 2188 1655 Ecclesiasticum
2214 1615 2254 1655 in
2274 1615 2376 1668 festo

1413 1678 1442 1715 S
1484 1676 1682 1716 Ambsosii
1715 1677 1951 1716 Sansedonii
1991 1676 2236 1729 confessoris
2279 1677 2374 1718 Ord.

1414 1737 1739 1776 praedicatorum
1768 1738 2016 1777 recitandam
2044 1741 2081 1777 et
2108 1737 2364 1778 cantandum.

1410 1800 1493 1841 Jac.
1527 1801 1663 1846 Quotif
1689 1800 1738 1838 de
1775 1800 2042 1850 Scriptoribus
2077 1799 2171 1840 Ord.
2202 1799 2374 1840 Praedic.

1411 1866 1503 1899 iofn.
1540 1862 1569 1899 ΙΙ
1603 1874 1639 1911 p.
1674 1862 1736 1900 13.

1464 1924 1612 1961 5111οΝ
1644 1921 1794 1971 Anylas
1818 1951 1825 1969 ,
1855 1922 1947 1960 Ord.
1976 1922 2292 1961 Praedicatorum
2310 1933 2371 1961 se-

1412 1984 1500 2022 culo
1532 1985 1631 2022 xiv.
1663 1988 1863 2026 excunte,
1893 1985 2053 2034 scripsit
2085 1982 2267 2023 Postillas
2301 1995 2369 2022 su·

1406 2056 1482 2096 per
1513 2046 1579 2083 IV.
1614 2044 1828 2095 Prophetas
1859 2045 2032 2095 majores
2059 2074 2066 2088 .,
2097 2055 2220 2094 super
2247 2043 2371 2084 libros

1412 2104 1766 2152 Maccahaeorum,
1798 2106 1837 2144 in
1870 2104 2091 2144 Proverbia
2119 2104 2340 2145 Salomonis
2359 2137 2370 2154 ‚

1414 2166 1454 2204 in
1480 2165 1751 2218 praefationes
1787 2166 2005 2206 Biblioram
2043 2168 2083 2206 S.
2128 2166 2373 2218 Hieronymi.

1413 2228 1519 2267 Idem
1552 2229 1688 2274 Quetif
1723 2240 1817 2280 pag.
1862 2229 1951 2267 705.
1999 2230 2153 2267 Pitseus
2189 2227 2371 2279 Append.

1417 2291 1581 2330 Centur.
1614 2291 1675 2328 iv.
1699 2291 1761 2329 35.

1465 2351 1614 2390 SIMON
1644 2351 1943 2402 Barinyuedus,
1974 2352 2217 2398 Tolosanus,
2247 2350 2375 2389 Theo-

1412 2414 1533 2463 logiae
1563 2415 1706 2452 Doctor
1738 2414 1939 2452 Parisinus
1954 2414 2056 2451 circa
2076 2423 2227 2451 annum
2257 2411 2373 2452 ⁴373.

1412 2475 1577 2525 Scripsit
1608 2475 1819 2514 Commeat.
1850 2474 1891 2512 in
1913 2472 2202 2525 Apocalypsin,
2218 2472 2266 2512 de
2289 2472 2373 2512 Tri·

1412 2537 1560 2582 nitate,
1589 2536 1635 2575 cle
1663 2535 1820 2575 viribus
1851 2537 2011 2575 animae
2029 2567 2038 2582 ,
2070 2535 2111 2573 in
2148 2535 2294 2586 priora
2335 2538 2373 2574 et

1409 2597 1632 2648 posteriora
1661 2596 1916 2644 Aristotelis,
1941 2597 1987 2636 de
2015 2594 2243 2644 attributis,
2272 2596 2374 2646 Ope-

1411 2669 1461 2695 ra
1503 2657 1698 2709 quaedam
1743 2658 1959 2709 Auquscem·
1999 2658 2039 2696 in
2088 2656 2368 2698 conclusiones

1412 2718 1586 2757 redacta,
1619 2720 1712 2758 Phil.
1747 2721 1862 2759 Elssii
1899 2721 2218 2759 lincomiasticon
2236 2719 2373 2770 Augu-

1411 2782 1628 2820 stinianum
1660 2793 1693 2831 p.
1726 2782 1815 2820 625.
1859 2781 2079 2820 Gandoifus
2123 2780 2172 2819 de
2214 2779 2371 2819 ducen-

1412 2842 1462 2880 tis
1491 2842 1750 2892 scriptoribus
1782 2842 2087 2892 Augustinianis
2113 2853 2150 2892 p.
2180 2842 2223 2882 31
2237 2842 2272 2880 4.

1466 2903 1614 2942 SIMON
1644 2902 1835 2942 Beaulieu
1857 2935 1867 2952 ‚
1897 2903 2002 2954 apud
2036 2903 2188 2943 Bellum
2234 2903 2367 2942 locum

1415 2966 1451 3002 in
1485 2963 1570 3003 Bria
1601 2965 1841 3014 Campaniae
1877 2965 2021 3004 familia
2068 2965 2183 3003 nobili
2228 2968 2340 3002 ortus
2361 2993 2372 3012 ,

1418 3026 1489 3064 fuit
1519 3025 1835 3065 Archidiaconus
1863 3027 2124 3065 Carnotensis
2165 3030 2206 3064 et
2249 3026 2374 3064 Picta-

1419 3087 1592 3135 vicnsis,
1627 3091 1712 3126 tum
1758 3087 1986 3126 Canonicus
2031 3087 2291 3126 Bituricensis
2333 3089 2372 3123 et

1411 3180 1550 3212 Simeon
1572 3181 1819 3212 Dunelmeasis
1846 3180 2071 3213 abbreviasset
2093 3181 2240 3214 dicitur.
2259 3180 2372 3212 Extat

1411 3231 1549 3269 quidem
1559 3229 1736 3267 ejusmodi
1750 3229 1974 3262 Abbreviatio
1988 3232 2026 3263 in
2042 3230 2262 3263 Bibliotheca
2275 3228 2377 3260 Lam-

1417 3280 1589 3320 beehcma,
1616 3281 1746 3311 millias
1769 3280 1877 3319 plane
1902 3280 2023 3318 precii.
