2517 4009
853 233 1435 276 WILLIBRORDUS

142 304 207 346 lib.
233 306 280 345 11.
306 304 354 345 de
377 306 473 345 Bibl.
498 305 612 345 vind.
640 318 675 358 p.
703 307 793 347 764.
815 319 903 360 sqq.
923 308 1099 348 Tandem

142 368 284 419 prodiit
310 370 346 407 in
374 369 578 408 Thesauro
605 370 866 409 Schilteriano
893 375 1000 410 tomo
1026 370 1073 409 ΙΙ.

197 431 308 470 Plura
334 431 578 471 Trithemius
612 432 660 471 de
698 433 964 485 Scriptoribus
994 433 1101 472 Feci.

138 497 179 532 et
203 493 252 532 de
277 493 375 533 viris
407 494 630 535 illustribus
663 496 926 544 Germaniae,
963 497 1104 535 Recor-

141 555 217 596 dus
243 556 264 595 l.
291 567 323 596 c.
352 558 511 608 Leyseri
538 556 721 598 Histnria
746 560 955 598 Poetarum
985 559 1100 598 medii

137 620 250 667 aevi,
276 631 310 670 p.
337 618 426 660 35⁷4.
461 621 520 660 Jo.
554 622 670 660 Henr.
705 634 726 662 a
763 622 902 662 Seelen
945 624 981 660 in
1020 623 1100 660 vita

118 682 318 722 vStadenii
345 696 382 735 p.
409 685 472 724 58.

191 747 572 796 W1LL113ALDUS,
605 747 817 799 Presbyter
850 748 885 786 in
917 748 1100 788 Ecclesia

139 811 176 851 S.
205 810 376 850 Victeris
404 812 653 862 moguntiae,
686 822 766 850 sec.
794 809 895 850 Vlll.
925 813 991 862 qui
1019 810 1104 862 jus-

138 885 186 914 su
213 874 310 914 Lulli
339 874 633 926 Archiepiscopi
659 875 875 925 Mogontini
898 879 937 912 et
959 875 1103 924 Megin-

137 936 254 989 gaudi
281 937 463 989 Episcopi
489 937 785 989 Herbipolensis
819 936 943 976 Vitam
966 938 1006 977 S.
1029 938 1101 975 Bo-

136 999 281 1054 m'facii
301 1004 472 1053 primum
500 1003 536 1041 in
563 1003 708 1041 ceratis
749 1000 895 1040 tabulis
926 1001 1099 1039 conscri-

137 1064 242 1115 psit,
282 1063 472 1117 deinceps
510 1066 547 1104 in
591 1065 844 1117 pergamenis
883 1063 1103 1103 rescriben-

117 1125 253 1183 dam,
277 1132 394 1179 prout
435 1127 553 1167 habet
590 1127 740 1167 Auctor
781 1128 958 1166 incertus
989 1125 1101 1165 Vitae

139 1188 178 1228 S.
206 1189 420 1239 Bonifacii‚
448 1192 484 1229 in
523 1189 636 1229 Actis
675 1191 854 1230 Sanctor.
886 1190 990 1229 Junii
1018 1193 1043 1227 t.
1072 1189 1100 1227 I.

136 1263 175 1302 p.
199 1250 290 1290 1476.
310 1253 372 1291 cui
399 1251 570 1292 addatur
594 1253 800 1292 Eccardus
824 1265 957 1292 rerum
981 1253 1102 1291 Fran-

134 1313 310 1353 cicarum
350 1313 496 1353 XXIV.
536 1315 599 1354 22.
642 1316 733 1354 Nec.
786 1315 942 1362 obstat,
992 1315 1097 1365 quod

137 1376 388 1416 Mabillonius
417 1380 458 1415 et
489 1377 780 1428 Pepebrochius
814 1378 1032 1427 objiciunt,
1060 1378 1095 1415 in

135 1438 212 1478 fine
236 1440 368 1485 operis
393 1440 450 1478 sic
475 1439 572 1489 legi:
603 1439 685 1491 Eyo
723 1437 976 1481 Willtbctlclus
1007 1439 1099 1491 Epi-

139 1513 282 1554 scopus
306 1501 476 1555 scri'psi:
501 1514 590 1542 nam
619 1502 716 1541 baec
743 1503 882 1541 lacinia
904 1502 952 1541 ab
974 1502 1098 1540 bomi-

135 1576 183 1604 ne
208 1566 332 1604 otioso
352 1570 392 1604 et
414 1567 547 1616 ignaro
569 1564 770 1616 adscripta
792 1569 866 1603 est.
890 1566 1096 1603 Praeterea

133 1627 389 1667 Willibaldus
415 1632 550 1667 noster
574 1629 826 1680 cognationis
851 1639 942 1667 cum
966 1628 1005 1666 S.
1026 1629 1097 1666 Bo-

133 1689 275 1729 nifacio
312 1702 361 1729 ne
400 1690 520 1729 verba
565 1690 726 1742 quidem
773 1691 978 1740 meminit;
1020 1691 1096 1728 imo

133 1764 175 1791 n.
213 1752 277 1792 [26.
318 1753 431 1793 Vitae
470 1753 602 1802 illius,
635 1754 672 1791 in
709 1753 820 1792 Actis
859 1754 1096 1792 Sanctorum

131 1827 168 1867 p.
194 1815 282 1855 469.
309 1827 501 1868 expresse
526 1815 575 1855 de
602 1817 796 1867 Episcopo
818 1815 1098 1855 Eichstadien-

131 1878 163 1917 si
183 1908 192 1924 ,
217 1882 410 1930 tanquam
435 1891 455 1918 a
482 1890 525 1918 se
551 1878 710 1917 diverso
733 1879 795 1917 his
819 1879 951 1918 verbis
973 1880 1096 1930 loqui-

135 1944 226 1980 tur:
254 1942 361 1981 Duos
387 1939 510 1981 bonae
534 1940 759 1980 industriae
782 1941 891 1981 viros
915 1941 969 1981 acl
993 1941 1098 1980 orcle·-

131 2015 220 2043 nem
261 2004 524 2057 Episcopatus
556 2004 783 2056 promovit,
822 2003 1094 2045 We'lle'battlam

126 2071 136 2116 (
157 2067 520 2117 Eichstedensem)
547 2071 585 2106 et
613 2066 902 2118 Burkqlzctrdum
940 2069 949 2117 (
971 2069 1097 2107 Wirz-

133 2128 376 2181 burgensein
396 2133 418 2177 ).
444 2129 556 2169 Adde
580 2131 639 2168 Jo.
665 2132 777 2181 Bapt.
809 2131 960 2169 Sollerii
983 2132 1099 2170 Com—

136 2194 380 2233 mentarium
407 2195 616 2245 praevium
648 2193 694 2232 ad
729 2193 856 2233 Vitam
883 2194 1096 2233 willibaldi

137 2260 244 2295 tomo
270 2256 316 2296 ll.
341 2256 433 2296 Julii
461 2269 497 2308 p.
523 2255 614 2296 [487.

184 2319 301 2358 Edita
337 2324 400 2358 est
435 2319 533 2358 haec
569 2320 648 2359 vita
687 2321 859 2372 primum
890 2332 911 2360 a
944 2322 1101 2361 Canisio

137 2381 349 2434 Antiquar.
381 2383 612 2422 Lectionum
646 2388 751 2422 tomo
776 2385 838 2423 lv,
865 2385 901 2422 in
928 2384 1100 2423 editione

130 2446 386 2497 Rasnagiana
413 2450 519 2484 tomo
542 2447 590 2485 11.
614 2452 713 2498 part.
736 2446 763 2486 1.
788 2459 825 2497 p.
845 2447 934 2487 ⁶227.
957 2447 1101 2486 deinde

139 2520 161 2548 a
184 2509 339 2549 Serario
364 2508 411 2548 nd
437 2509 587 2548 calcem
611 2509 879 2560 Epistolarum
903 2510 1101 2559 Bonifatii,

141 2573 315 2623 Mogunt.
337 2571 451 2611 ⁴605.
473 2570 509 2611 [ι.
531 2573 624 2610 etin
644 2572 900 2612 Bibliotliecis
919 2575 1076 2613 Patrum
1091 2603 1100 2621 ‚

141 2634 245 2687 apud
267 2636 429 2675 Surium
452 2634 490 2674 d.
510 2634 548 2675 5.
566 2636 671 2675 Junii
691 2665 699 2684 ,
721 2635 988 2675 mabillonium
1015 2637 1102 2675 Sec.

144 2697 210 2737 ΙΙΙ.
234 2697 384 2738 Bened.
409 2703 510 2750 part.
541 2699 579 2738 2.
608 2698 684 2738 sub
716 2699 872 2738 initium
895 2728 902 2747 ,
930 2700 966 2738 in
993 2700 1104 2738 Actis

144 2762 386 2802 Sanctorum
413 2766 519 2801 tomo
544 2763 571 2801 Ι.
597 2762 701 2802 Junii
730 2774 764 2813 p.
795 2761 883 2801 460.

202 2823 291 2866 Vita
311 2825 353 2865 S.
376 2823 623 2877 Walburyae
643 2823 797 2864 sororis
817 2830 856 2863 et
879 2824 1079 2877 Epz'stoloe
1093 2857 1103 2873 ,

143 2885 371 2927 Willibaldo
409 2888 689 2928 Eichstedensi
731 2887 984 2937 tribuuntur,
1012 2893 1106 2927 sunt

147 2948 277 2990 adbuc
303 2950 488 2991 ineditae.

200 3013 346 3052 Confer
370 3018 526 3066 praeter
547 3013 630 3066 jam
663 3014 844 3055 laudatos
868 3015 1103 3054 llensclienii

147 3075 302 3114 Comm.
320 3078 525 3126 praevium
543 3077 589 3116 ad
605 3076 734 3116 Vitam
756 3077 940 3116 Bonifzieii
961 3090 996 3128 p.
1014 3076 1103 3116 452.

147 3138 356 3177 Mabillonii
404 3138 717 3178 Observationes
765 3140 960 3190 praevios.
1010 3140 1105 3178 llist.

149 3199 321 3239 literaire
345 3200 394 3240 de
420 3201 453 3240 la
480 3203 627 3241 France
653 3207 744 3240 tom.
777 3203 820 3240 ll.
849 3213 883 3251 p.
912 3201 998 3239 167.

204 3264 244 3303 S.
266 3263 678 3313 W1L1ABRORDUS,
703 3266 738 3302 in
763 3263 1041 3303 lN'ortltumbria
1069 3265 1106 3302 in

150 3326 346 3366 territorio
364 3325 606 3378 Ripponensi
627 3331 764 3374 natus,
785 3325 1003 3364 monachus
1020 3337 1108 3365 coc-

133 3381 238 3430 nobii
279 3389 574 3442 Ripponensis,
605 3388 769 3429 Ordinis
799 3389 840 3428 S.
877 3388 1106 3441 Benedicti,

2059 231 2138 272 615

1183 311 1270 358 post
1297 306 1522 357 Episcopus
1547 305 1852 356 Ultrnjectinus,
1883 305 1978 345 obiit
2001 317 2035 346 a.
2060 305 2141 344 736

1183 370 1243 408 vel
1267 371 1356 410 739.
1383 371 1550 421 Scripsit
1570 368 1748 409 canones
1770 367 2142 416 Ecclesz·asticos,cle

1179 443 1256 471 sua
1279 433 1620 485 pereffli'ncttlone,
1652 432 1957 481 Homiliarium,
1986 433 2140 483 Episto-

1181 493 1241 534 las
1264 495 1316 533 ad
1347 495 1540 535 diversos.
1578 497 1776 537 Lelandus
1809 508 1844 536 c.
1876 497 1941 535 72.
1976 496 2143 534 Bulaeus

1179 555 1294 595 Ccnt.
1334 557 1377 597 ll.
1415 559 1450 596 5.
1488 560 1646 598 l’itseus
1669 570 1703 597 c.
1731 559 1820 599 402.
1854 558 2141 598 Testamentum

1178 621 1266 670 ejus
1291 619 1414 659 edidit
1453 621 1685 661 Scribonius
1719 623 1755 660 in
1788 622 2022 671 Antwerpia
2043 649 2050 667 ‚
2074 620 2142 658 Mi-

1179 695 1296 722 raeus
1320 685 1355 722 in
1380 683 1524 723 Codice
1550 685 1702 735 piarum
1730 684 1987 723 donationum
2016 694 2050 733 p.
2077 682 2089 720 rl
2110 683 2141 720 l.

1180 746 1216 784 in
1245 747 1405 785 Batavia
1432 758 1541 786 sacra
1565 752 1659 786 tom.
1682 746 1709 784 1.
1732 752 1771 785 et
1795 748 1830 784 in
1851 746 2016 786 Calmcti
2038 746 2135 785 [list.

1182 809 1406 860 Lolliaring.
1435 813 1529 848 tom.
1554 811 1581 849 1.
1606 809 1786 860 Append.
1810 821 1845 860 p.
1870 809 1959 848 270.

1232 873 1287 910 De
1314 871 1401 911 Vita
1425 872 1514 925 ejus
1545 874 1759 924 scriptores
1794 872 1873 911 iere
1899 873 2058 924 triginta
2085 872 2140 912 al-

1180 936 1366 988 legantur
1406 937 1442 975 in
1482 936 1615 976 Indice
1642 935 1800 975 Lelandi
1823 966 1829 984 ,
1855 936 2003 988 quibus
2042 935 2142 974 addc

1180 1001 1394 1039 Wflraeum
1431 999 1480 1038 de
1516 1002 1697 1051 scriptor.
1734 999 1939 1038 Hiberniae
1977 1011 2011 1049 p.
2049 998 2139 1037 108.

1183 1061 1288 1101 Hist.
1317 1063 1489 1102 literaire
1511 1062 1558 1102 de
1584 1062 1793 1102 laFrance
1815 1067 1909 1102 tom.
1930 1060 1995 1101 IV.
2017 1074 2051 1113 p.
2076 1062 2138 1101 63.

1184 1126 1280 1165 Arn.
1305 1127 1419 1164 Wion
1447 1126 1616 1176 Lignum
1642 1125 1754 1164 Vitae
1781 1124 1825 1163 V.
1853 1127 1914 1165 51.

1204 1188 1224 1213 ³*
1241 1189 1412 1228 Jacobus
1432 1188 1840 1228 WlMl’HELlNGlUS
1862 1188 2143 1228 Selestatensis

1177 1252 1337 1302 scripsit
1356 1250 1641 1303 eleyanttarum
1660 1250 1872 1291 medullam
1888 1253 2138 1302 oratoriaque

1176 1319 1385 1365 praecepta
1409 1316 1445 1352 in
1471 1314 1650 1353 ordinem
1676 1315 1780 1354 clare
1806 1315 2062 1365 breviterque
2085 1325 2144 1352 re-

1175 1376 1291 1416 dacta
1311 1407 1317 1425 ‚
1334 1389 1437 1428 quae
1465 1377 1611 1416 dicavit
1636 1377 1878 1416 Theodorico
1903 1377 2144 1416 Orosmundi

1174 1440 1404 1490 Moguntino
1443 1439 1586 1489 juniori
1629 1439 1717 1480 dala
1746 1440 1792 1479 at]
1822 1441 1928 1480 illum
1970 1441 2144 1492 Epistola

1174 1503 1328 1553 signata
1351 1502 1425 1542 An.
1453 1503 1569 1543 1493.
1595 1503 1740 1541 Prodiit
1765 1503 2003 1554 opusculum
2030 1502 2136 1542 istud

1173 1566 1259 1604 sine
1276 1570 1365 1604 nota
1382 1567 1474 1605 anni
1491 1573 1530 1605 et
1544 1566 1613 1605 loci
1634 1566 1906 1617 impressionis
1922 1567 1958 1604 in
1977 1566 2146 1616 &Scrip-

1172 1628 1224 1666 sit
1265 1633 1468 1679 praeterea
1510 1639 1610 1680 opus
1649 1628 1698 1668 de
1739 1629 1993 1679 integritate,
2031 1629 2146 1667 cuius

1175 1691 1356 1729 meminit
1380 1692 1625 1732 Trithemius
1651 1692 1714 1732 lib.
1741 1692 1774 1730 2.
1795 1693 1915 1743 epist.
1938 1692 1987 1731 38
2012 1696 2052 1730 et
2076 1692 2148 1729 itc-

1173 1764 1260 1792 rum
1289 1754 1415 1804 Epist.
1458 1753 1509 1794 42
1548 1755 1594 1793 ad
1637 1754 1880 1794 Matthaeum
1909 1753 2143 1793 Hibernum.

1172 1815 1216 1854 ln
1242 1817 1364 1856 altera
1405 1829 1454 1856 ex
1495 1819 1582 1856 istis
1609 1818 1789 1869 epistolis
1816 1821 1950 1856 narrat
1985 1816 2140 1856 Trithe-

1173 1881 1277 1919 mius
1301 1882 1387 1920 eius
1405 1881 1491 1920 libri
1516 1882 1724 1920 authorem
1751 1882 1938 1920 evincere
1957 1879 2142 1919 adnisum

1173 1941 1321 1990 fuisse,
1348 1945 1386 1983 S.
1413 1944 1685 1995 Augustinum
1713 1955 1919 1994 nunquam
1945 1942 2143 1982 cucullam

1173 2004 1377 2056 induisse3
1403 2019 1481 2058 quo
1508 2008 1667 2047 nomine
1695 2007 1872 2046 delatum
1914 2005 1960 2045 ad
2005 2006 2144 2046 sedem

1172 2068 1439 2119 Apostolicam
1459 2071 1688 2122 Apologiam
1720 2082 1835 2111 suam
1861 2074 2024 2110 centum
2051 2080 2140 2107 ver-

1172 2133 1307 2171 siculis
1345 2133 1573 2184 digessisse.
1623 2135 1791 2185 Scripsit
1837 2134 1956 2172 etiam
2011 2132 2140 2170 Vitam

1173 2195 1339 2235 Joannz's
1371 2195 1520 2235 Gee'lert'
1558 2195 1831 2249 Κεῐοερειῃίί,
1862 2207 1964 2247 quae
2003 2199 2137 2234 exstat

1175 2260 1213 2296 in
1242 2260 1356 2310 priori
1384 2261 1586 2299 volumine
1604 2272 1836 2299 sermonum
1855 2257 2034 2297 eiusdem
2054 2258 2146 2296 Gei-

1177 2321 1273 2369 lei-i,
1300 2322 1404 2361 edito
1428 2334 1519 2362 cum
1560 2323 1684 2361 altero
1722 2321 1900 2362 secundo
1940 2321 2143 2360 volumine

1175 2385 1222 2424 A.
1245 2387 1346 2425 1518
1369 2391 1408 2424 et
1434 2387 1535 2425 ’1519
1556 2387 1591 2424 in
1613 2386 1674 2424 fol.
1693 2385 1884 2424 Eiusdem
1911 2389 1972 2423 est
1998 2384 2145 2434 pariter

1177 2447 1274 2486 liber
1300 2449 1515 2499 inscriptus
1539 2446 1812 2487 Adolescentia
1835 2447 2048 2497 editusque
2071 2445 2143 2484 Ar-

1177 2512 1364 2562 gentinae
1396 2510 1512 2550 Anno
1545 2510 1661 2551 1520.

1232 2572 1532 2621 wmuxDUs‘,
1557 2573 1844 2612 Benedictinus
1870 2584 1919 2611 ex
1950 2569 2144 2610 monacho

1177 2635 1371 2675 Abbatiac
1403 2635 1452 2674 de
1483 2636 1612 2676 Cruce
1643 2637 1684 2676 S.
1711 2634 1885 2675 Leufiidi
1918 2646 1989 2674 seu
2016 2633 2144 2672 llelto-

1181 2699 1265 2748 nis,
1291 2698 1627 2750 Arcbiepiscopus
1669 2698 1904 2738 Aversanus
1943 2698 2044 2736 circa
2075 2707 2145 2734 an-

1181 2772 1276 2800 num
1305 2761 1408 2800 lOb'O
1448 2759 1627 2813 Epistola
1653 2760 1767 2812 ejus,
1792 2773 1873 2812 qua
1910 2760 2068 2799 Erfasto
2097 2757 2143 2797 cle

1179 2834 1257 2862 uno
1282 2823 1358 2862 Deo
1383 2827 1420 2862 et
1441 2823 1544 2862 trino
1565 2825 1783 2875 inquirenti
1811 2823 2051 2874 respondet,
2074 2831 2142 2860 ex-

1181 2891 1260 2925 stat
1284 2891 1389 2925 tomo
1417 2888 1480 2925 lll.
1505 2887 1701 2937 Spicilegii
1734 2886 1964 2925 Docberiani
1992 2897 2027 2935 p.
2053 2883 2142 2922 401.

1237 2948 1614 2997 WlNDlGNOTUS,
1642 2951 1860 2988 llistoricus
1887 2948 2066 2998 Anguis,
2093 2950 2136 2985 ut

1180 3024 1228 3052 ex
1267 3012 1491 3052 Guillielmo
1532 3013 1759 3051 llormanno
1796 3012 2020 3061 colligitur,
2071 3007 2141 3047 sed

1179 3076 1320 3114 aetatis
1347 3077 1531 3113 incertae.
1555 3076 1726 3125 Scripsit
1758 3074 1978 3112 Historiam
2011 3072 2143 3111 Samo-

1182 3149 1293 3185 mcm,
1319 3149 1420 3187 qnae,
1446 3137 1575 3177 adbuc
1615 3138 1729 3175 l‘itsei
1775 3142 1952 3186 tempore
1980 3134 2142 3173 Winde-

1182 3202 1307 3239 sori-de
1326 3202 1362 3238 in
1382 3201 1619 3239 Bibliotheca
1643 3199 1734 3237 dicti
1759 3198 1979 3238 Hormanni
2005 3198 2142 3237 adfuit.

1184 3263 1398 3314 Sunt‚qui
1439 3275 1530 3302 eum
1570 3263 1741 3303 eundem
1781 3273 1872 3301 cum
1904 3260 2142 3300 witichindo

1182 3327 1420 3366 Corbeiense
1445 3327 1567 3366 fuisse
1589 3326 1748 3374 dicant,
1774 3324 1878 3376 quod
1912 3335 2027 3364 nemo
2051 3324 2143 3363 diri-

1185 3393 1291 3440 met,
1327 3391 1400 3430 nisi
1439 3391 1506 3441 qui
1549 3390 1728 3430 conferre
1772 3389 1928 3441 poterit.
1972 3388 2142 3428 Balaeus
