2533 4009
449 238 526 278 '⁴28

513 298 803 346 RL'DOLl‘Hl'S
832 308 849 330 e
884 289 1118 330 Bndheseim
1143 318 1151 332 ,
1193 288 1413 336 Episcopus

456 360 794 408 L'ratislaviensis,
840 353 998 402 scripsit
1030 349 1068 387 in
1105 347 1414 386 pentateuchum

451 426 569 467 Musis
586 454 594 469 ‚
622 422 658 458 in
683 420 843 455 Josnam
867 443 874 451 .
912 411 1103 451 ,Indicum
1137 413 1173 446 et
1216 408 1387 446 [esaiam
1405 438 1413 454 ,

453 480 747 534 Expositionem
762 486 862 526 quoq
871 485 916 511 ue
935 473 971 509 in
987 470 1162 522 ilicetum·
1179 468 1301 506 libros
1321 469 1415 507 Sen-

451 544 674 585 tentiarum,
698 540 905 578 Sermones
921 534 967 572 de
989 533 1172 584 Tempore
1182 534 1218 569 et
1244 531 1413 570 Sanctis.

449 604 613 643 Vivebat
637 613 669 639 a.
703 599 818 638 4470.
851 599 952 635 llaec
984 594 1227 632 Possevinus
1252 597 1332 629 tom
1367 592 1414 628 11.

450 669 674 717 Apparatus
705 674 738 712 p.
772 660 862 698 350.
1126 658 1129 660 “

503 723 728 770 RUFlNL’S,
748 723 905 759 natione
930 718 1082 765 Gallus,
1108 717 1145 753 in
1172 714 1262 753 aula
1289 714 1413 752 Theo-

450 789 546 827 dosii
578 794 777 824 summam
804 781 1039 831 dignitatem
1073 780 1315 816 consecutus
1341 780 1414 822 est,

450 850 497 888 de
527 859 605 898 quo
636 845 811 885 historici
850 847 945 881 sunt
988 838 1238 879 consulendi.
1271 839 1417 875 Litera-

451 922 538 949 rum
571 908 760 960 cupidum
793 907 940 949 fuisse,
970 902 1086 940 docet
1116 898 1385 949 Symmachus
1406 928 1415 944 ‚

451 973 604 1011 amicus
650 969 762 1019 ejus,
811 967 936 1016 Epist.
982 964 1045 1002 ΙΙΙ.
1077 962 1140 1000 82.
1171 961 1234 999 83.
1261 960 1322 998 88.
1354 959 1418 997 90.

454 1035 520 1084 qui
552 1032 640 1083 ejus
665 1029 933 1078 eloquentiam
958 1054 965 1066 ,
991 1024 1096 1062 sales
1117 1027 1156 1059 et
1182 1021 1419 1071 elegantiam

454 1093 722 1132 commendat.
767 1088 926 1127 Adsunt
971 1085 1154 1124 undecim
1219 1081 1420 1133 Epistolae

455 1152 684 1206 Symmachi
727 1150 773 1189 ad
820 1151 950 1199 ipsum
981 1147 1178 1196 scriptae,
1213 1143 1282 1182 sed
1315 1143 1422 1182 nulla

455 1217 559 1256 illius
582 1214 695 1254 adest
734 1211 951 1261 responsio.
989 1208 1184 1247 Auctores
1229 1205 1423 1244 Historiae

457 1278 653 1317 literariae
682 1274 855 1312 Gallicae
887 1276 979 1308 tom.
1015 1270 1040 1308 1.
1074 1273 1174 1318 part.
1205 1268 1240 1304 2.
1271 1279 1305 1316 p.
1333 1265 1424 1304 323.

457 1340 721 1383 existimant,
755 1334 927 1380 Poema,
954 1330 1047 1369 illud
1067 1358 1075 1374 ,
1105 1327 1210 1378 quod
1250 1327 1422 1365 fabulam

457 1399 671 1451 Pasiphaes
700 1396 840 1434 metris
870 1394 949 1431 fere
980 1390 1166 1429 omnibus
1204 1387 1424 1427 Horatianis

459 1461 671 1512 exprimit,
702 1467 790 1494 esse
822 1454 941 1504 hujus
973 1452 1132 1497 Rufini,
1163 1451 1254 1500 quia
1300 1448 1424 1498 siglae

458 1524 501 1559 V.
532 1522 575 1560 C.
609 1520 680 1570 ipsi
711 1529 732 1556 a
763 1516 951 1555 Goldasto
984 1515 1019 1550 in
1046 1513 1218 1550 editione
1256 1511 1424 1547 Petronii

461 1583 616 1623 additae
648 1584 754 1619 sunt.
789 1580 918 1626 Longe
950 1575 1086 1613 melior
1116 1577 1178 1611 est
1223 1571 1426 1608 sententia

460 1643 620 1683 Fabricii
676 1640 817 1682 nostri,
862 1635 1045 1675 Biblioth.
1098 1634 1221 1672 Latin.
1274 1631 1336 1668 lV.
1389 1629 1425 1666 7.

463 1717 548 1757 pag.
580 1703 669 1741 796.
700 1702 766 1750 qui
804 1698 990 1736 Victorini
1035 1693 1291 1732 Grammatici
1338 1701 1429 1728 esse

459 1764 657 1810 ostendit,
688 1763 792 1800 illius
822 1760 975 1798 scilicet
1006 1754 1331 1801 Aretiochensis,
1363 1763 1431 1790 cu-

457 1827 525 1877 jus
554 1826 697 1864 librum
730 1821 776 1860 de
800 1820 938 1859 metris
964 1816 1207 1856 Terentianis
1233 1816 1270 1853 in
1302 1814 1430 1852 Colle-

461 1890 590 1926 ctione
607 1897 678 1924 sua
694 1884 853 1923 exhibet
872 1882 1002 1920 Helias
1025 1878 1238 1918 Putscnius
1255 1889 1292 1927 p.
1314 1876 1430 1914 2706.

461 1949 649 1997 Adeoque
681 1944 773 1983 illud
807 1944 977 1982 Carmen
1006 1940 1090 1978 ideo
1116 1943 1272 1976 tantum
1299 1937 1432 1976 elabo-

462 2015 591 2048 ratum
618 2011 704 2054 est,
732 2010 775 2044 ut
803 2005 934 2043 omnia
962 2006 1176 2040 metrorum
1204 2010 1349 2050 genera
1371 2009 1434 2046 Ju-

465 2080 589 2109 venes
619 2067 738 2107 simul
769 2075 959 2116 expressa
990 2063 1193 2101 haberent.

517 2129 729 2171 RUFINUS
748 2158 755 2175 ,
776 2130 948 2166 incertae
967 2125 1073 2163 sedis
1095 2124 1344 2173 Episcopus,
1363 2121 1434 2159 sed

465 2196 531 2244 qui
562 2198 695 2231 tamen
718 2190 851 2228 seculo
876 2189 941 2226 Xl.
974 2187 1138 2234 vixit,et
1156 2186 1269 2222 Petro
1290 2183 1435 2221 Abbati

466 2255 694 2296 Cassinensi
720 2252 878 2290 Librum
905 2249 951 2288 (le
976 2247 1197 2299 bonopacis
1221 2247 1432 2296 inscripsit,

463 2317 614 2355 editum
637 2327 655 2354 a
686 2317 803 2353 Bern.
825 2314 899 2351 Pez
918 2310 1014 2350 Bibl.
1035 2310 1243 2348 Asceticae
1261 2312 1288 2345 t.
1308 2308 1375 2346 IX.
1399 2309 1432 2346 4.

517 2376 759 2422 RUFINL'S,
804 2375 871 2424 qui
918 2384 960 2410 se
1003 2371 1242 2421 maqislrum
1290 2374 1433 2417 vocat,

464 2440 623 2489 scripsit
646 2439 772 2476 Vitam
798 2437 838 2475 S.
862 2432 1083 2485 Raymundi
1105 2430 1308 2470 Palmarii
1332 2431 1433 2469 Con-

462 2499 651 2551 fessoris,
681 2499 801 2549 quia.
830 2497 944 2537 4200.
976 2496 1097 2542 obiit,
1128 2498 1263 2531 exstat
1293 2497 1427 2530 autem

464 2565 501 2599 in
527 2562 637 2601 Actis
660 2562 894 2600 Sanctorum
922 2563 1017 2596 tom.
1040 2558 1087 2594 Vl
1113 2556 1205 2594 Julii
1230 2566 1314 2606 pag.
1338 2554 1431 2592 6435.

466 2635 541 2662 non
573 2635 594 2662 a
627 2634 746 2661 manu
778 2623 1008 2672 primaeva,
1039 2618 1106 2658 sed
1153 2629 1203 2655 ex
1249 2618 1432 2654 versione

466 2686 597 2725 Italica
628 2686 719 2723 anni
748 2683 863 2722 4525.
906 2684 942 2720 in
979 2684 1160 2719 Latinum
1198 2689 1427 2718 sermonem

466 2758 672 2785 conversa.
702 2747 785 2784 Alia
830 2743 949 2793 hujus
980 2741 1207 2792 Raymundi
1241 2742 1322 2779 vita
1357 2741 1431 2778 lta-

468 2810 540 2848 lico
582 2818 765 2846 sermone
795 2808 942 2856 scripta
988 2810 1049 2842 est
1090 2815 1111 2842 a
1156 2805 1269 2841 Petro
1312 2803 1431 2841 Maria

469 2870 631 2919 Campio
661 2868 882 2906 Placentiae
912 2866 1027 2905 4648.

522 2930 764 2969 RUFFffiUS
792 2928 1090 2972 Antiochenus,
1122 2926 1428 2964 Grammaticus.

476 2991 790 3031 Commentarius
819 2990 907 3041 ejus
937 2990 975 3026 in
1010 2987 1231 3027 Terentium
1260 2988 1340 3025 MS.
1370 2989 1432 3022 est

472 3056 508 3091 in
541 3055 636 3092 Bibl.
667 3054 852 3092 Vaticana
881 3056 923 3090 et
945 3051 1218 3089 Ambrosiana.
1242 3051 1358 3087 Bern.
1382 3046 1430 3083 de

474 3116 721 3153 Montfaucon
753 3115 850 3152 Bibl.
884 3112 1212 3164 Bibliothecarum
1256 3109 1361 3148 MSS.
1395 3118 1429 3157 p.

475 3177 537 3212 92.
570 3176 654 3213 406,
701 3176 788 3214 523.
835 3177 934 3214 Cum
968 3176 1165 3213 Prisciano
1211 3173 1431 3222 impressus

476 3241 536 3271 est
564 3237 713 3274 Comm.
744 3237 790 3275 de
821 3237 958 3275 metris
987 3246 1144 3274 comicis
1175 3237 1212 3273 et
1235 3230 1428 3271 oratoriis

478 3297 674 3337 numeris,
705 3302 806 3334 teste
836 3298 1026 3335 Gesnero.

1293 217 1323 253 R
1345 214 1377 253 U
1399 214 1426 252 F
1451 214 1463 252 1
1486 212 1518 251 N
1541 212 1571 250 U
1595 212 1622 249 S

1540 281 1775 329 RUFlMJS,
1798 281 2087 332 Aquileyiensis
2110 281 2332 331 presbyter,
2349 283 2451 322 Con·
2495 299 2497 301 ¹

1487 342 1619 382 cordia
1648 343 1749 391 (non
1794 344 2019 382 Lusitaniae
2049 341 2218 393 oppido,
2250 346 2294 381 ut
2326 342 2449 382 Geor-
2524 360 2526 364 r

1489 406 1577 455 gius
1606 402 1806 442 Cardosus
1838 405 1875 442 in
1907 404 2136 455 hagiologio
2165 403 2203 442 d.
2233 404 2283 444 20
2313 403 2419 444 Junii
2440 433 2449 451 ,
2497 440 2499 443 .

2150 465 2289 504 credit.
2338 465 2451 505 Adde
2496 463 2502 500 ζ

1490 527 1569 565 Nic.
1595 526 1754 565 Antonii
1777 526 1874 564 Bibl.
1905 525 2126 576 Hispanam
2165 531 2343 566 veterem
2383 527 2450 566 111.
2485 538 2502 578 ᾗ

1489 588 1525 627 5.
1570 600 1607 626 n.
1654 586 1743 626 425.
1775 587 1890 635 426.)
1934 586 2001 625 sed
2033 588 2252 627 Carnorum
2300 588 2452 627 colonia
2527 620 2531 626 .

1490 649 1701 689 oriundus.
1750 647 1911 686 Toranii
1951 659 2170 697 cognomen
2219 650 2291 700 ipsi
2334 649 2454 699 vulgo

1491 712 1697 751 tribuunt:
1729 721 1848 761 quem
1887 707 2131 760 Tyr-annium
2155 715 2272 749 vocat
2291 709 2452 761 Appen-
2528 726 2531 750 ῑ

1493 772 1558 812 dix
1584 773 1632 812 ad
1665 772 1860 811 Isidorum
1886 775 1925 809 et
1957 769 2200 809 ildefonsum
2230 770 2279 810 de
2309 771 2454 822 Script.
2532 803 2533 806 ,

1490 465 1856 504 Pseudo-Dextrum
1906 470 2098 513 secutus,

1493 835 1644 874 Eccles.
1676 845 1709 872 c.
1743 835 1778 872 t.
1808 833 1865 871 De
1896 833 1977 870 vita
2007 830 2096 883 ejus
2143 829 2233 870 nolo
2275 833 2456 882 pluribus

1492 908 1638 947 agere.
1670 897 1856 934 Lectores
1886 893 2077 944 ablegans
2104 892 2154 932 ad
2187 892 2310 932 Henr.
2348 894 2458 934 Nori-
2498 892 2501 895 “

1493 959 1538 997 5ἰί
1571 957 1675 995 Hist.
1706 957 1954 1007 Pelagianam
1981 955 2008 994 1.
2033 955 2071 993 2.
2098 955 2134 994 3.
2158 955 2458 995 Tillemontium

1495 1025 1590 1058 tom.
1622 1019 1694 1058 ΧΗ
1720 1019 1966 1068 Dupinium,
1997 1016 2195 1064 Caveum5
2216 1015 2458 1063 Ceillerium‚

1497 1082 1708 1131 praecipue
1747 1080 2014 1118 Fontaninum
2060 1078 2098 1115 in
2142 1077 2234 1116 hist.
2287 1077 2462 1116 literaria

1497 1142 1796 1192 Aquilegiensi,
1828 1140 1893 1178 lib.
1925 1139 1987 1178 1V.
2016 1142 2057 1177 et
2087 1138 2129 1177 V.
2160 1142 2202 1177 et
2243 1138 2460 1178 Annalium
2529 1156 2531 1160 ·

1498 1203 1873 1243 Ecclesiasticorum
1905 1201 2134 1251 scriptores.
2153 1199 2338 1240 Oudinus
2363 1199 2459 1239 nihil

1499 1266 1546 1304 de
1579 1266 1669 1313 illo,
1702 1264 1807 1315 quod
1839 1274 1915 1302 non
1950 1263 2096 1311 miror,
2127 1272 2253 1312 quum
2283 1265 2325 1300 et
2366 1262 2464 1301 alios

1501 1327 1680 1365 omiserit
1707 1337 1783 1364 non
1811 1322 2081 1376 negligendos.
2107 1323 2196 1362 Vita
2221 1321 2350 1361 Rufini
2376 1321 2466 1361 Gal-

1502 1390 1574 1427 lico
1606 1399 1791 1427 sermone
1838 1385 1981 1437 prodiit
2026 1385 2145 1424 Paris.
2187 1381 2303 1423 472Ῑι.
2337 1383 2398 1424 42.
2428 1383 2465 1421 3.

1505 1451 1588 1488 Vol.
1637 1451 1814 1498 (Journ.
1861 1448 1933 1486 des
1979 1447 2158 1485 Scavans
2203 1443 2337 1493 4725,
2378 1456 2465 1496 pag.

1503 1513 1572 1550 394
1604 1512 1625 1558 ).
1670 1511 1812 1559 Pelagii
1857 1512 2091 1559 praeceptor
2121 1507 2217 1555 fuit,
2247 1507 2390 1557 pagius
2418 1506 2466 1546 ad

1504 1584 1539 1610 a.
1571 1571 1663 1610 hO9.
1693 1582 1730 1608 n.
1763 1571 1813 1608 26
1843 1581 1957 1619 seqq.
1981 1572 2189 1619 peccatum
2214 1569 2377 1619 originis
2401 1579 2469 1607 ne-

1504 1634 1641 1683 gavit,
1669 1631 1848 1680 adeoque
1877 1631 2178 1681 Pelagianorum
2209 1629 2468 1680 Coryphaeus

1505 1694 1590 1732 fuit.
1622 1692 1863 1731 Sirmondus
1894 1697 1987 1730 tom.
2016 1693 2028 1730 1
2055 1703 2095 1741 p.
2124 1691 2216 1729 304.
2248 1692 2367 1730 Henr.
2394 1691 2469 1730 No-

1507 1757 1560 1792 ris
1603 1754 1697 1792 diss.
1744 1753 1793 1791 de
1838 1752 1999 1803 Synodo
2029 1752 2072 1789 V.
2101 1762 2135 1790 c.
2167 1753 2229 1791 43.
2262 1751 2470 1791 Walchius

1507 1815 1602 1853 diss.
1630 1814 1679 1853 de
1704 1814 1992 1865 pelagianismo
2015 1817 2110 1851 ante
2133 1812 2337 1864 Pelagium
2358 1813 2469 1862 (Jen.

1510 1877 1652 1925 4738.)
1684 1877 1718 1927 ἓ.
1750 1876 1813 1913 39.
1845 1873 2044 1913 Palladius
2075 1872 2180 1912 Hist.
2219 1875 2409 1914 Lausiaca
2437 1885 2471 1914 e.

1509 1938 1596 1977 448.
1625 1941 1742 1987 negat
1767 1937 1841 1975 hoc
1866 1935 2006 1975 Rufino
2037 1937 2249 1975 inventum
2278 1947 2369 1976 esse
2407 1936 2470 1975 vel
2508 1970 2509 1974 ,

1506 2009 1789 2046 γνωςικωτερον
1815 1998 1879 2036 vel
1904 2009 2146 2045 επιεικεςερων
2176 1997 2344 2038 Fabulas
2373 1998 2475 2038 mul-

1510 2066 1572 2099 tas
1599 2061 1704 2099 illius
1745 2059 1897 2109 detegit
1940 2059 2158 2108 Baronius,
2187 2058 2305 2108 cujus
2337 2060 2477 2100 confer
2511 2059 2513 2062 ’

1508 2121 1684 2160 Iudicem
1716 2121 1810 2159 tomi
1843 2121 1904 2159 lV.
1930 2125 1970 2159 et
1995 2120 2040 2158 V.
2066 2131 2139 2159 nec
2173 2130 2250 2158 non
2291 2121 2475 2160 Possevi-

1512 2195 1608 2222 num
1641 2187 1737 2220 tom.
1767 2182 1799 2221 ΙΙ
1831 2181 2060 2232 Apparatus
2090 2193 2127 2231 p.
2158 2179 2250 2220 358.
2281 2191 2393 2232 seqq.
2418 2183 2474 2221 De
2507 2186 2509 2189 ’

1511 2245 1611 2284 mala
1642 2244 1729 2294 ejus
1775 2243 1852 2282 fide
1898 2245 1936 2281 in
1975 2241 2184 2281 vertendis
2214 2243 2475 2293 scriptoribus

1509 2305 1673 2344 Graecis
1718 2309 1978 2355 conqueritur
2025 2305 2144 2342 etiam
2195 2303 2381 2343 Dallaeus
2425 2304 2474 2344 de

1508 2369 1669 2417 scriptis
1694 2368 1870 2417 Dionysii
1904 2370 1945 2404 et
1975 2366 2115 2416 Ignatii
2147 2365 2192 2404 11.
2217 2366 2280 2404 40.
2306 2376 2419 2417 seqq.
2488 2379 2493 2390 ¹

1562 2430 1716 2480 Scripta
1743 2429 1832 2478 ejus
1860 2438 1967 2467 nunc
1989 2431 2226 2477 sequantur.

1563 2493 1599 2530 4.
1625 2490 1684 2529 De
1715 2487 2053 2529 benedictionibus
2091 2487 2221 2528 Judae
2244 2491 2282 2528 et
2303 2488 2475 2541 reliquo-
2492 2482 2502 2510 '-

1507 2564 1598 2591 rum
1626 2550 1978 2591 Patriarcharum.
2011 2551 2188 2589 Exstant
2213 2551 2251 2588 in
2277 2551 2474 2591 Orthodo-

1508 2615 1721 2667 xographis
1752 2613 1914 2656 Heroldi
1941 2617 1982 2651 et
2013 2612 2203 2663 Grynaei.
2231 2613 2314 2652 MS.
2345 2613 2383 2652 in
2414 2614 2476 2652 Bi-v

1508 2677 1561 2715 bl.
1592 2676 1812 2714 Vindobon.
1846 2679 1949 2713 teste
1975 2673 2184 2712 Lambecio
2209 2678 2237 2712 t.
2263 2674 2296 2712 11
2321 2685 2358 2724 p.
2383 2674 2473 2712 800.

1560 2739 1595 2776 2.
1623 2736 1913 2778 commentarii
1940 2735 1981 2774 in
2011 2736 2192 2774 Hoseam.
2222 2734 2283 2774 Ab
2311 2737 2500 2774 auctore*

1507 2800 1629 2839 seculi
1662 2800 1691 2837 V
1737 2798 1854 2837 medii
1881 2799 2056 2847 scriptos
2085 2807 2175 2836 esse
2204 2796 2332 2836 credit
2359 2796 2477 2834 Tillo-¹
2508 2832 2511 2833 γ

1508 2861 1683 2899 montius
1708 2865 1734 2898 t.
1762 2860 1847 2898 ΧΠ.
1875 2870 1913 2908 p.
1938 2858 2029 2897 290.

1562 2923 1598 2960 3.
1626 2922 1660 2958 4.
1685 2921 1897 2960 Commeat.
1920 2919 1959 2958 in
1983 2918 2129 2958 Joelem
2152 2923 2189 2958 et
2211 2917 2341 2958 Amos.

1558 2984 1593 3022 5.
1617 2981 1821 3033 Eaeposz'n'o
1837 2979 2015 3033 Symbola·
2027 2980 2082 3020 ad
2096 2979 2355 3020 Laurentium
2375 2979 2468 3031 Epi,-
2519 3026 2523 3032 .

1505 3056 1679 3095 scopum.
1710 3045 1871 3095 Legitur
1903 3045 2006 3082 inter
2045 3044 2174 3093 Opera
2212 3041 2400 3092 Cypriani
2430 3044 2472 3079 et

1508 3107 1735 3155 Hieronymi
1755 3133 1763 3149 ,
1780 3105 1927 3155 quibus
1951 3116 1972 3143 a
1999 3103 2206 3142 nonnullis
2225 3107 2376 3141 temere
2403 3099 2471 3139 ad-

1509 3167 1711 3205 scribitur.

1561 3230 1595 3266 6.
1623 3226 1825 3266 Historiae
1864 3224 2168 3264 Ecclesiasticae
2208 3220 2306 3262 libri
2338 3221 2391 3259 II.
2421 3223 2469 3260 ab
2516 3239 2518 3242 ·

1509 3292 1618 3328 initio
1646 3290 1856 3327 haereseos
1882 3288 2050 3326 Arianae
2077 3296 2206 3335 usque
2229 3283 2274 3322 ad
2299 3283 2467 3322 mortem

2502 3329 2524 3385 ’ὣ

2505 3292 2523 3312 ..l
