2517 4009
851 233 1299 272 RAIMUNDUS

78 304 130 344 M.
160 302 368 351 Conrado,
399 301 748 352 Eoeamzfnacionem
777 302 884 342 vitae
904 307 940 343 el
963 304 1034 342 mi-

76 367 310 407 raculorum
340 366 378 405 S.
411 362 674 402 Elisabetlme.
699 364 788 403 Car.
821 365 870 404 de
903 366 1035 404 Visch.

77 429 175 469 Bibl.
205 430 444 479 scriptorum
465 425 550 464 ord.
574 426 856 466 Cisterciensis
882 439 917 478 p.
943 427 1033 466 285.

128 489 419 531 RAlMUNDUS
448 487 495 526 de
525 487 559 526 F
563 486 704 527 orlivt'o
728 490 889 540 scripsit
914 489 959 527 de
981 488 1037 526 in-

77 553 356 606 terpretatione
387 552 527 602 lequm.
559 552 778 602 Gesnerus.

129 612 423 654 RAIMUNDUS
467 611 681 661 Gibonius,
731 613 952 652 monachus
996 614 1035 652 S.

78 676 265 717 Germani
295 675 344 715 de
374 676 514 714 Pratis.
545 675 644 725 Ejus
675 673 961 714 Commenta-rii
996 675 1035 712 in

76 738 272 790 quasdam
303 738 532 788 Scripturac
577 742 710 787 partes
741 739 826 775 sive
865 736 1038 775 ‘Graecas

75 802 163 840 sive
199 802 361 839 Latinas
389 805 551 838 exstant
582 801 619 838 in
663 799 760 838 Bibl.
808 800 1035 837 monasterii

73 862 235 903 laudati.
265 864 379 901 Bern.
409 862 458 900 de
488 862 738 901 Montfaucon
787 861 884 899 Bibl.
923 862 1033 899 MSS.

79 935 166 976 pag.
199 924 316 964 ⁴⁴25.

130 986 425 1026 RAlMUlN'DUS
439 984 624 1024 Peraudz·
638 986 700 1024 vel
721 983 927 1033 Peraldm,
947 984 1036 1023 Gal-

76 1050 153 1098 luS,
175 1048 394 1088 Gurcensis
412 1049 636 1099 Episcopus
665 1053 705 1086 et
737 1049 776 1087 S.
807 1049 847 1086 R.
881 1049 925 1087 E.
944 1048 1037 1086 Car-

79 1111 236 1150 dinalis.
268 1112 466 1161 Surgeriis
495 1109 599 1160 apud
632 1111 854 1148 Sanctones
887 1114 1034 1155 natus,

74 1183 181 1212 anno
212 1173 327 1212 1471.
359 1174 396 1211 in
429 1173 648 1223 Collegium
681 1173 880 1210 Navarrae
914 1173 1033 1209 venit.

79 1230 219 1274 Postea
249 1236 413 1273 Romam
444 1236 581 1279 venit,
604 1233 653 1272 ab
674 1235 904 1273 Innocentio
935 1234 1034 1271 vill.

77 1299 115 1334 in
145 1297 402 1336 Germaniam
447 1297 598 1335 missus
627 1300 717 1344 est,
749 1300 793 1334 ut
824 1296 1034 1345 pecuniam

12 1352 18 1357 ’
75 1363 213 1398 contra
237 1360 389 1398 Turcos
411 1358 627 1408 colligeret.
646 1357 913 1396 Maximiliano
930 1367 1038 1394 com-

77 1420 294 1460 mendante
319 1421 542 1471 Episcopus
571 1419 792 1458 Gurcensis
812 1423 853 1456 et.
873 1419 922 1456 ab
946 1418 1037 1456 Ale-

76 1483 228 1522 xandro
273 1484 336 1521 Vl.
380 1482 603 1522 Cardinalis
649 1486 811 1520 creatus
841 1486 915 1518 est.
948 1483 1037 1519 Fuit

77 1546 198 1584 etiam
227 1546 453 1595 Episcopus
476 1544 790 1586 sanctonensis,
822 1548 862 1581 et
893 1544 1037 1581 iterum

76 1608 115 1646 in
144 1607 398 1647 Germaniam
431 1607 583 1645 missus
613 1610 702 1652 est,
733 1605 830 1644 obiit
874 1605 1037 1644 Viterbii

74 1681 110 1709 a.
143 1670 260 1709 ⁴505.
289 1673 366 1708 aet.
394 1667 458 1707 70.
490 1669 574 1708 Lud
611 1668 784 1707 Jacohus
804 1679 824 1706 a
851 1669 889 1707 S.
921 1668 1040 1706 Caro-

72 1732 114 1770 lo
144 1732 182 1770 in
212 1731 310 1770 Bibl.
341 1731 545 1770 Pontificia
574 1743 610 1782 p.
645 1731 732 1769 429.
765 1732 897 1780 ipsum
942 1740 1039 1779 quo-

73 1804 152 1843 que
180 1793 422 1844 Episcopum
455 1793 762 1844 Agrigentinum
794 1792 901 1830 dicit.
934 1792 1038 1830 Scri-

78 1857 160 1907 psit
189 1853 338 1894 lzbrum
358 1855 405 1894 de
428 1854 617 1905 diqnitate
646 1853 892 1893 sacerdotali
916 1865 1038 1905 super

77 1928 210 1956 omnes
237 1928 352 1968 reyes
377 1916 536 1964 terrae,
563 1919 649 1955 sine
673 1928 777 1955 anno
799 1922 838 1954 et
865 1917 947 1955 loco
968 1928 1037 1954 ex-

75 1992 245 2028 cusum,
275 1979 322 2018 de
351 1979 452 2018 actis
480 1969 565 2018 suz‘s
594 1978 743 2018 Lubecz'
768 1979 867 2018 etin
897 1978 1035 2027 Dacia,

73 2055 146 2082 nec
176 2055 253 2081 non
280 2041 483 2094 Epistolas
511 2041 565 2080 ad
594 2042 835 2094 Capnionem
857 2045 894 2080 et
916 2041 1031 2081 alios.

76 2107 180 2145 Haec
210 2103 411 2154 Launojus
441 2104 534 2142 hist.
568 2103 776 2154 Gymnasii
820 2105 1033 2143 Navarraei

77 2171 176 2218 part.
208 2168 272 2206 111.
303 2167 368 2211 lib.
399 2168 434 2206 3.
465 2178 500 2206 c.
530 2167 566 2206 2.
600 2165 797 2206 Mandata
840 2170 878 2205 et
903 2165 1031 2204 decla-

71 2230 246 2269 rationes
274 2229 315 2268 in
341 2228 523 2282 favorem
561 2240 791 2280 pauperum
839 2227 1033 2266 aliorum-

71 2303 147 2343 que
176 2291 331 2332 Christi
348 2290 537 2342 fidelium.
571 2293 673 2342 Lips.
702 2292 736 2329 1..
758 2293 844 2329 sine
866 2291 1034 2329 mentio-

75 2365 125 2392 ne
154 2355 262 2392 anni.
294 2351 521 2404 Diplomata
549 2353 598 2392 ab
622 2364 668 2391 eo
692 2354 730 2390 in
755 2351 966 2391 Germania
993 2357 1032 2390 ot

73 2414 162 2454 alibi
191 2413 284 2452 data
314 2418 496 2464 prostant
525 2415 606 2452 fere.
638 2417 859 2453 innumera.
884 2415 1029 2453 Exstat

73 2487 232 2527 quoque
262 2476 366 2514 inter
394 2475 702 2513 Reuchlinianas
733 2488 767 2525 p.
798 2475 863 2513 67.
885 2477 922 2514 b.
948 2476 1033 2514 bre-

74 2549 137 2576 vis
177 2537 227 2577 ad
271 2537 537 2576 Reuchlinum
586 2535 791 2586 Epistola,
821 2538 882 2575 cui
915 2537 1032 2575 valde

75 2600 198 2645 favit,
242 2603 362 2649 prout
408 2600 529 2636 etiam
573 2598 674 2636 duae
718 2599 1031 2636 secretariorum

75 2661 164 2714 ejus
175 2661 376 2712 Epistolae
392 2661 548 2711 paginis
558 2659 892 2710 praecedentibus
902 2663 1032 2697 osten-

76 2725 204 2764 dunt:
234 2721 326 2761 Alia
354 2722 431 2761 sub
461 2722 618 2760 initium
663 2720 930 2760 Coelisodinae
973 2722 1037 2758 Jo-

75 2787 191 2825 annis
222 2785 341 2824 Paltz.
372 2784 519 2823 Confer
549 2783 598 2822 de
627 2794 673 2821 eo
696 2783 790 2822 Phil.
813 2783 932 2821 Elssii
958 2783 1037 2821 En·

79 2848 357 2888 comiasticum
397 2845 736 2897 Augustinianum
782 2858 817 2896 p.
863 2846 952 2884 600.
997 2849 1037 2883 et

75 2908 315 2949 Gandolfum
336 2908 385 2948 de
405 2909 591 2948 ducentis
613 2907 918 2959 Augustinianis
940 2907 1036 2945 scri-

82 2971 261 3023 ptoribus
289 2983 327 3022 p.
359 2970 447 3010 307.
478 2971 634 3010 Oldoini
679 2970 931 3009 Athenaeum
964 2970 1033 3008 Roae

79 3045 243 3074 inanum
275 3045 360 3085 pag.
392 3032 480 3072 575.
511 3033 664 3072 Goetzii
686 3032 950 3071 Memorabilia
977 3033 1037 3070 Bi-

76 3096 129 3135 bl.
158 3097 301 3146 Regiae
331 3094 570 3134 Dresdensis
599 3095 682 3133 Vol.
714 3095 741 3132 1.
772 3106 809 3144 p.
853 3095 942 3133 5⁴3.
974 3094 1036 3132 Ri-

78 3157 256 3197 diculum
286 3161 376 3205 est,
408 3155 512 3207 quod
546 3157 656 3206 Hugo
686 3156 863 3203 BlotiuS,
896 3155 1036 3194 Biblio-

81 3219 283 3259 thecarius
312 3219 535 3258 Caesareus
567 3216 832 3257 Raimundum
866 3215 1035 3255 Titulum

134 3342 169 3382 a)
196 3342 243 3375 lbi
269 3343 365 3375 Liber
391 3345 442 3374 vl.
467 3341 688 3378 desideratur,
713 3342 771 3381 qui
789 3341 827 3372 de
843 3341 944 3371 muria
959 3342 1042 3379 agit.

1997 237 2076 276 3ls3

1110 305 1221 343 nobis
1250 306 1401 355 effingit
1421 335 1430 351 ,
1461 306 1556 344 dum
1584 306 1705 356 liujus
1729 306 1952 346 Cardinalis
1970 308 2066 358 Epi·

1110 364 1254 405 stolam
1285 366 1339 405 ad
1368 368 1408 406 S.
1439 369 1482 406 B.
1509 368 1672 419 Imperiz
1696 368 1903 420 Principes
1932 369 1979 408 de
2002 382 2075 410 eoe-

1107 427 1304 479 pedi-tione
1335 432 1474 467 contra
1509 431 1678 469 Turcam
1703 431 1981 482 suscipienda,
2009 434 2074 472 Ul-

1115 502 1201 529 mae
1231 503 1265 529 a.
1298 492 1414 530 1301.
1458 492 1590 530 (latam
1610 525 1618 540 ,
1652 505 1726 532 nec
1757 505 1833 531 non
1871 493 1994 532 aliam
2024 495 2073 534 de

1113 552 1186 590 hac
1217 555 1380 592 matoria
1411 554 1543 592 datam
1579 558 1614 592 in
1649 556 1888 595 Bibliotheca
1928 557 2072 596 Vindo-

1113 613 1278 651 bonensi
1309 615 1451 652 adesso
1500 618 1674 656 nunciat.
1722 618 1815 655 Vide
1863 621 1993 657 Beros
2022 619 2072 659 de

1113 676 1363 714 Montfaucon
1399 677 1492 715 Bibl.
1526 678 1856 718 Bibliothecurum
1895 681 2000 720 MSS.
2036 694 2072 732 p.

1113 737 1202 777 573.
1226 738 1315 775 584.
1343 737 1470 776 Nosse
1496 742 1601 778 enim
1633 741 1825 789 debebat,
1859 745 2072 794 unicuique

1113 799 1382 839 Gai-dinalium
1400 812 1517 840 suum
1542 813 1631 840 esse
1653 802 1807 842 titulum
1826 806 1914 843 scil.
1938 807 2073 845 Eccle—

1113 863 1211 900 siam
1244 863 1414 911 Romae,
1446 863 1495 901 de
1525 876 1603 913 qua
1649 876 1688 902 re
1731 867 1981 906 evolvendus
2010 874 2074 907 est

1111 925 1191 963 Jac.
1226 924 1468 964 Laderchius
1498 925 1547 964 de
1578 927 1744 965 Basilica
1775 928 1843 966 SS.
1883 931 2073 970 Marcelli-

1112 988 1150 1024 ni
1180 992 1218 1024 ct
1266 989 1365 1026 Petri
1411 994 1521 1037 parto
1568 988 1631 1026 lll.
1662 1000 1695 1027 c.
1728 992 1762 1028 1.
1795 991 1831 1028 6.
1865 991 1937 1030 Hic
1973 1005 2066 1032 voro

1110 1048 1331 1088 Cardinalis
1361 1050 1518 1088 titulum
1541 1051 1678 1089 habuit
1702 1052 1741 1090 S.
1763 1054 1904 1092 Mariae
1929 1067 2070 1104 novae,

1113 1111 1209 1149 Lud.
1240 1112 1411 1150 lacobus
1456 1115 1513 1151 tit.
1560 1114 1630 1152 SS.
1677 1115 1840 1153 loannis
1886 1121 1926 1154 et
1959 1118 2066 1156 Pauli

1113 1173 1184 1222 ipsi
1215 1173 1429 1221 adscribit,
1462 1177 1582 1213 immo
1611 1180 1652 1214 et
1683 1178 1935 1216 l'ammachii.

1163 1233 1456 1275 RAfflUNJUS
1475 1266 1482 1283 ,
1510 1239 1731 1276 Patriurcha
1748 1239 2072 1291 Hierosolymita·

1110 1307 1211 1343 nus,
1243 1299 1404 1347 scripsit
1435 1299 1658 1337 Censuram
1682 1311 1807 1352 super
1830 1301 2016 1341 articulis
2044 1316 2072 1341 (ι

1109 1356 1255 1395 Jacobo
1295 1359 1600 1411 Archz'episcopo
1643 1362 1825 1412 Aquensz'
1847 1365 2072 1416 prop‹,·sitz‘s.

1111 1419 1186 1457 MS.
1235 1421 1272 1456 in
1315 1421 1413 1459 Bibl.
1460 1422 1658 1461 Vaticana.
1688 1426 1939 1464 Montfaucon
1972 1428 2000 1465 1.
2031 1440 2066 1478 p.

1115 1481 1203 1519 135.
1235 1492 1267 1518 c.

1166 1543 1464 1584 RAIMUNDUS
1492 1547 1671 1596 Huqonzs
1691 1574 1705 1594 ‚
1736 1548 1896 1587 Ordinis
1922 1551 2077 1589 Praedi-

1113 1610 1292 1644 catorum
1320 1607 1357 1644 in
1381 1613 1584 1648 conventu
1605 1611 1823 1660 Brageriaci
1850 1614 2076 1661 provinciae

1114 1668 1354 1717 Tolosanae,
1378 1672 1476 1708 vixit
1497 1682 1530 1709 a.
1559 1672 1676 1710 1360.
1701 1677 1740 1709 et
1762 1675 1923 1723 scripsit
1947 1674 2077 1712 Histo-

1112 1730 1219 1768 riam
1249 1730 1525 1770 translationis
1554 1734 1593 1772 S.
1630 1734 1660 1771 T
1658 1733 1796 1773 homae
1824 1735 1872 1773 de
1891 1735 2047 1786 Aquino
2065 1769 2075 1784 ‚

1112 1805 1215 1843 quae
1245 1804 1278 1831 a.
1312 1795 1427 1832 1368.
1453 1796 1639 1845 contigit,
1667 1808 1740 1835 nec
1766 1809 1843 1835 non
1875 1797 2076 1836 Miracula

1112 1855 1312 1906 ejusdem,
1344 1868 1446 1906 quae
1488 1863 1652 1896 exstant
1683 1860 1719 1896 in
1753 1859 1863 1898 Actis
1895 1861 1965 1899 SS.
1999 1867 2025 1897 t.
2059 1862 2072 1899 1

1110 1920 1235 1957 Martii
1269 1931 1305 1969 p.
1334 1919 1424 1958 725.
1456 1920 1548 1958 735.
1570 1926 1611 1959 et
1637 1923 1847 1960 Percinum
1876 1924 1911 1960 in
1938 1925 2075 1962 Monu—

1113 1982 1262 2019 mentis
1292 1981 1530 2020 Conventus
1561 1983 1744 2021 Tolosani
1792 1988 1891 2034 part.
1923 1986 1947 2022 2
1990 1996 2077 2035 pag.

1111 2044 1202 2082 211.
1226 2044 1342 2082 Plura
1365 2046 1445 2083 Jac.
1468 2045 1606 2090 Quetif
1623 2044 1672 2083 de
1693 2046 1956 2096 scriptoribus
1977 2047 2071 2085 Ord.

1111 2106 1433 2145 Praedicatorum
1466 2111 1560 2144 tom.
1595 2108 1607 2145 Ι
1640 2119 1677 2157 p.
1708 2108 1799 2145 662.

1164 2169 1457 2207 RAIMUNDUS
1499 2168 1715 2218 ιΙονίίαηίε,
1747 2170 1976 2209 Canonicus
2015 2182 2076 2208 re-

1108 2232 1256 2281 gularis
1286 2231 1436 2269 ordinis
1466 2231 1502 2269 S.
1548 2233 1789 2281 Augustini,
1820 2234 1948 2283 primo
1994 2233 2074 2271 Uti-

1107 2295 1241 2332 censis
1271 2294 1356 2331 sive
1380 2292 1610 2331 Useziensis
1637 2295 1674 2331 in
1694 2294 1818 2332 Gallia
1844 2295 2073 2332 Narbonen-

1107 2357 1138 2394 si
1171 2356 1448 2405 l‘raepositus,
1479 2354 1570 2392 dein
1603 2355 1800 2393 Cellensis
1826 2356 1862 2392 in
1889 2354 2062 2392 dioecesi

1106 2419 1346 2457 Bituricensi
1392 2416 1553 2464 Abbas,
1588 2429 1621 2457 a.
1670 2417 1786 2456 1381.
1822 2417 1950 2466 Opera
1981 2414 2070 2465 ejus

1107 2481 1186 2519 huc
1217 2491 1345 2531 usque
1370 2480 1446 2518 sub
1471 2479 1622 2518 [diotae
1640 2480 1801 2517 nomine
1826 2479 2010 2528 cognita,
2031 2482 2072 2515 et

1108 2544 1245 2582 seculo
1277 2543 1374 2580 Vlll.
1405 2548 1474 2581 aut
1507 2544 1572 2580 [X.
1605 2543 1753 2591 scripta
1786 2540 1919 2578 habita
1949 2544 2072 2588 sunt,

1109 2606 1263 2655 primus
1307 2608 1444 2642 autem
1489 2603 1725 2652 Raymundo
1755 2601 2001 2647 vindicavit,
2031 2606 2072 2639 et

1109 2666 1435 2714 castigationibus
1478 2665 1623 2704 additis
1654 2665 1715 2702 edi
1747 2665 1905 2702 curavit
1941 2664 2070 2702 Theo-

1111 2727 1245 2777 philus
1291 2727 1538 2777 Raynaudus
1582 2728 1701 2765 Paris.
1736 2726 1852 2764 4655..
1897 2726 1931 2763 4.
1979 2731 2067 2776 post

1113 2790 1289 2839 Operum
1320 2794 1415 2827 tom.
1447 2790 1501 2828 Xl
1535 2791 1638 2828 Sunt
1668 2792 1816 2827 autem.

1168 2855 1200 2889 1.
1234 2850 1618 2902 Contemplationum
1649 2849 1745 2888 libre·
1775 2850 1833 2888 VI.
1861 2851 1927 2899 qui
1953 2854 2070 2888 antea

1111 2914 1343 2964 prodierunt
1364 2945 1371 2963 ,
1391 2915 1508 2952 Paris.
1532 2913 1634 2964 apud
1660 2914 1775 2951 llenr.
1808 2911 2069 2961 Stephanum,

1111 2976 1226 3015 1519.
1260 2977 1293 3013 4.
1342 2978 1377 3013 in
1421 2974 1818 3025 Orthodoxographis
1846 2975 1883 3022 a)
1913 2973 2068 3011 Heroldi

1111 3042 1150 3077 et
1194 3040 1389 3088 (ἐι-ξηροί,
1435 3039 1470 3075 in
1516 3037 1769 3075 Bibliothecis
1813 3037 2002 3083 Patrum,
2030 3038 2071 3073 et

1110 3102 1242 3139 studio
1273 3102 1426 3139 ilenrici
1459 3100 1661 3139 Sornmnlii
1692 3111 1783 3137 cuin
1824 3098 2066 3147 Augustini,

1110 3163 1289 3202 Anselmi
1321 3168 1361 3201 et
1394 3161 1581 3201 Bernardi
1612 3160 1957 3207 Meditntionibus,
1991 3159 2068 3199 Co—

1111 3227 1187 3264 lon.
1222 3226 1333 3264 1637.
