2566 4009
911 273 1317 318 MARULLUS
2058 289 2110 330 125

123 345 262 392 duxit,
290 343 504 383 lectoribus
527 343 562 381 al
589 341 871 383 Bibliothecam
888 344 1078 384 Graecam

123 407 302 447 remissis
319 435 328 453 ,
359 405 469 444 facile
499 409 633 444 tamen
662 409 817 446 veniam
839 407 888 446 ab
912 406 1080 447 eruditis

123 471 417 520 impetravero,
447 468 481 505 si
510 479 555 506 ea
592 480 694 520 quae
724 469 773 509 de
802 474 964 509 vetusto
991 469 1082 508 Hie-

122 533 278 583 ronymi
316 530 578 581 Martirologio
607 543 630 570 a
672 532 914 571 Florentinio
945 537 1080 570 nostro

121 595 292 634 Lucensi
322 593 482 643 vulgato
500 593 822 633 animadvertere
854 593 951 633 mihi
971 595 1081 634 licuit

121 660 211 708 post
227 657 453 706 inspectum
475 655 743 706 collatumque
758 655 968 707 diligenter
991 656 1076 696 cod.

120 718 232 759 illum
249 717 472 757 membran.
488 717 586 756 Bibl.
606 718 896 758 Canonicorum
921 719 963 758 S.
981 720 1081 758 Mar-

118 781 191 819 tini
225 781 428 824 Lucensis,
447 792 496 819 cx
522 791 600 830 quo
623 780 864 830 opusculum
889 780 992 820 istud
1015 792 1080 820 ac-

119 847 279 894 ceptum
301 847 375 890 est,
394 842 456 881 hic
471 854 718 893 expressero.
737 844 977 882 Florentinio
993 845 1080 894 qui-

119 905 210 945 dem
255 904 389 944 Codex
434 905 616 944 eiusdem
646 904 900 957 Martjrologii
929 906 1080 958 duplex

118 973 276 1020 praesto
293 969 497 1018 fuit-,alter
515 968 677 1019 quidem
699 969 965 1008 Bibliothecae
983 980 1079 1009 suae

118 1032 423 1082 privatae,alius
441 1043 535 1070 vero
552 1031 654 1070 idem
673 1036 750 1078 est,
765 1031 882 1081 cujus
900 1032 1076 1081 memini,

117 1094 288 1142 saeculi,
312 1098 354 1133 ut
380 1093 534 1145 judicat
553 1094 696 1133 author
716 1123 724 1141 ‚
746 1095 813 1133 XI.
837 1096 1077 1146 scripturam

120 1156 294 1207 praefert
313 1156 448 1196 Codex
478 1157 553 1195 iste
583 1156 833 1196 Cathedralis
858 1158 1076 1206 Lucensis,

121 1218 193 1257 sed
222 1224 263 1256 et
293 1219 404 1257 facile
423 1224 487 1256 est
511 1219 598 1257 Xll.
620 1230 712 1257 cum
737 1220 774 1257 in
800 1219 888 1269 ejus
916 1219 1078 1258 exordio

118 1280 206 1318 folia
227 1281 309 1317 sint
345 1279 541 1329 quaedam
586 1282 832 1319 continentia
862 1281 1078 1320 chronicon

114 1341 313 1393 quoddam
323 1341 503 1392 adusque
511 1343 566 1381 adl
579 1343 592 1379 4
604 1342 1079 1393 05.perductum,eadem,

116 1404 181 1443 vel
212 1405 330 1444 simili
350 1434 359 1453 ,
388 1408 434 1444 ut
457 1408 622 1456 apparat
642 1416 721 1455 qua
743 1405 867 1443 codex
887 1406 1078 1456 reliquuS,

117 1478 239 1506 manu
268 1466 531 1507 delineatum.
570 1469 623 1506 De
654 1467 778 1506 altero
807 1467 951 1506 Codice
983 1468 1078 1507 nihil

114 1528 238 1567 habeo
256 1558 266 1578 ,
295 1529 402 1580 quod
427 1530 491 1568 hic
514 1529 752 1569 admoneam
777 1541 869 1569 cum
897 1529 1074 1569 nondum

112 1589 295 1630 viderim.
327 1593 369 1630 In
400 1591 554 1631 edendo
584 1603 680 1630 vero
709 1592 986 1643 Martyrologio
1011 1593 1075 1631 illo

115 1658 284 1704 utroque
311 1653 447 1694 codice
478 1655 530 1694 ita
573 1665 692 1693 usum
722 1654 841 1693 credo
884 1654 1075 1693 Florenti-

113 1728 231 1767 num,
257 1710 309 1756 ut
329 1717 510 1756 alterutri
544 1717 891 1756 indiscriminatim
915 1728 957 1756 se
977 1728 1072 1756 con-

114 1779 331 1828 formaret;
350 1792 427 1830 qua
445 1779 494 1819 de
525 1792 567 1819 re
587 1792 680 1820 cum
711 1791 784 1819 nec
814 1780 983 1819 lectores
1004 1780 1071 1819 ad-

113 1842 335 1891 monuerit,
366 1853 439 1881 nec
468 1843 580 1892 signo
610 1843 741 1893 aliquo
771 1842 924 1881 adiecto
949 1844 1069 1882 unius

110 1904 160 1944 ab
178 1905 302 1944 altero
323 1905 536 1944 discrimen
557 1906 779 1955 notaverit,
802 1905 894 1944 hinc
919 1906 1068 1945 factum

113 1970 176 2006 est
196 1973 241 2007 ut
268 1979 465 2007 excusum
496 1968 591 2008 illud
617 1969 940 2020 Martyrologium
971 1981 1068 2008 neu-

110 2035 216 2068 trum
247 2031 344 2068 satis
373 2035 559 2070 accurate
589 2036 875 2082 repraesentet.
906 2030 927 2054 ³*

135 2091 404 2131 MARULLUS
428 2093 598 2132 Calaber
617 2095 759 2142 Poeta,
781 2094 928 2133 Attilae
952 2092 1068 2133 Hun-

111 2165 255 2203 norum
290 2155 384 2206 Regi
414 2159 505 2206 post
532 2161 693 2206 captum
724 2155 771 2195 A.
801 2157 845 2196 C.
875 2156 967 2196 452.
997 2158 1066 2196 Pa-

107 2216 284 2265 tavium,
315 2218 484 2266 Carmen
515 2219 697 2257 recitavit
718 2230 796 2269 quo
816 2219 956 2258 laudes
980 2219 1067 2270 ejus

108 2278 160 2316 ita
184 2278 330 2317 extulit
354 2279 391 2317 in
417 2279 581 2319 Coelum
599 2312 609 2329 ,
641 2284 686 2320 ut
714 2286 754 2319 et
785 2282 915 2332 ipsum
938 2283 1064 2321 Deum

106 2344 147 2378 et
175 2341 339 2380 Divinae
369 2342 505 2392 stirpis
534 2343 688 2393 prolem
719 2343 961 2394 appellaret:
994 2343 1064 2382 sed

109 2402 231 2442 Attila
267 2414 312 2442 re
347 2415 416 2454 per
446 2404 706 2455 interpretem
737 2406 894 2456 cognita
933 2405 1068 2444 adula-

112 2465 262 2504 tionem
302 2465 561 2516 indignatus,
598 2477 758 2504 carmen
794 2468 828 2516 a)
863 2466 985 2516 jussit
1031 2468 1068 2504 in

103 2527 233 2576 ignem
264 2525 426 2576 conjici,
455 2531 578 2577 atque
613 2528 643 2566 si
675 2528 853 2579 Philippo
883 2530 1068 2568 Callima-

105 2588 179 2627 cho
208 2588 245 2638 b)
269 2588 398 2636 fides,
427 2590 544 2628 Poeta
575 2589 860 2640 propemodum
898 2592 981 2641 ipse
1011 2592 1069 2628 vi-

104 2661 181 2690 vus
201 2651 250 2690 ab
271 2652 355 2702 ipso
377 2662 457 2690 una
481 2662 572 2690 cum
599 2653 775 2691 carmine
798 2657 973 2692 exustus
993 2658 1066 2691 est.

128 2711 297 2753 Michael
317 2712 586 2753 MARULLUS
610 2714 875 2764 CPolitanus,
899 2716 961 2754 vel
987 2716 1067 2754 Nic.

105 2775 354 2814 Comnenum
379 2777 411 2814 si
443 2776 633 2815 audimus
663 2777 880 2826 Cretensis,
902 2778 1069 2827 (Joviani

103 2838 266 2876 Pontani
297 2837 517 2889 discipulus
546 2840 579 2877 si
612 2840 717 2878 Hort.
752 2839 883 2878 Lando
911 2841 1070 2890 (Cata-

105 2897 210 2950 loyhi
252 2898 353 2949 376)
394 2900 507 2940 tides.
537 2902 574 2941 2.
608 2902 867 2948 Lucchesinil
898 2903 1070 2942 Graecas

106 2962 261 3000 litteras
301 2963 324 3000 a
363 2963 547 3002 Zacharia
591 2965 784 3015 Calliergo
833 2967 918 3004 sive
955 2967 1070 3005 Scor-

99 3024 221 3075 dyllio
241 3053 252 3072 ,
283 3025 443 3063 Latinas
467 3025 490 3062 a
520 3025 713 3065 Sabellico
752 3028 920 3068 edoctus
961 3034 1069 3068 utra-

103 3099 180 3140 que
209 3087 342 3138 lingua
371 3087 509 3135 valuit,
539 3092 579 3126 et
608 3090 767 3140 scriptis
791 3090 1070 3143 Epiqramma-

106 3149 235 3193 tibus.
277 3149 445 3199 aliisque
479 3149 746 3190 Carminibus
775 3154 894 3192 etiam
926 3166 1067 3205 parum

176 3318 209 3357 a)
247 3317 400 3351 Nicolaus
441 3318 558 3356 olaus,
594 3319 800 3359 Metropolim
835 3324 1071 3362 strigoniensis

110 3369 145 3400 in
169 3368 290 3400 Attilae
315 3370 388 3400 vita
412 3377 485 3408 cap.
510 3368 558 3399 1:⁹2.
586 3378 659 3410 pag.
684 3370 755 3401 885.
783 3374 1000 3405 Arnoenittat.
1022 3374 1074 3406 lit-

107 3422 207 3451 terar.
233 3421 329 3450 Tom.
345 3419 385 3449 xi
427 3427 501 3459 pag.
526 3419 597 3451 fios.

1156 349 1230 400 piis
1279 351 1422 391 famam
1468 362 1722 397 consecutus.
1766 357 1867 408 Ejus
1915 359 2003 398 libri
2046 361 2110 399 lv.

1156 413 1496 464 Epigrammatum
1528 424 1567 456 et
1593 420 1758 459 totidem
1780 422 2110 472 HymnorumLa-

1154 473 1236 510 tine
1253 473 1431 523 prodiere
1450 478 1646 518 Bononiae
1664 482 1778 519 4504.
1799 482 1833 520 ιἰ.
1851 483 1971 521 Paris.
1994 483 2108 521 4529.

1155 534 1191 571 8.
1212 535 1326 574 4582.
1348 541 1423 575 etc.
1446 538 1614 578 Carmen
1638 541 1686 580 de
1705 543 1936 595 Principum
1956 544 2111 584 institu-

1153 595 1255 634 tione
1283 603 1417 637 exstat
1446 599 1492 638 ad
1524 602 1673 642 calcem
1706 606 1882 645 Belisarii
1922 607 2110 658 Aquivivi

1155 658 1379 699 libellorum
1419 663 1534 701 Basil.
1574 666 1688 704 4578.
1719 666 1756 706 8.
1787 680 1877 708 cum
1918 670 2111 709 Manuelis

1155 720 1370 773 Palaeologi
1409 728 1635 777 praeceptis
1668 728 1809 779 Regiae
1849 732 2108 772 educationis.

1151 783 1368 823 Extinctus
1397 790 1460 825 est
1490 789 1525 825 in
1561 788 1681 828 [invio
1721 793 1925 833 lletruriae
1965 796 2109 835 Cecina

1153 846 1198 884 Α.
1224 847 1338 886 4500.
1365 849 1401 886 in
1427 861 1548 900 quem
1570 851 1721 892 obitum
1747 861 1881 895 exstat
1902 859 2003 896 Petri
2027 859 2111 898 Cri-

1153 910 1222 946 niti
1246 910 1397 949 naenia.
1416 912 1471 950 De
1489 911 1560 952 hoc
1582 914 1750 954 Marullo
1770 918 1907 957 Jovius
1921 920 1955 957 in
1973 919 2110 971 elogiis

1154 982 1241 1022 pag.
1272 972 1336 1012 52.
1368 972 1547 1014 Gaddius
1571 977 1680 1016 Tom.
1709 981 1742 1018 4.
1767 979 1816 1018 de
1847 983 2109 1032 scriptoribus

1154 1044 1240 1084 pag·
1272 1034 1361 1073 270.
1394 1041 1433 1074 et
1464 1038 1574 1076 Tom.
1606 1040 1642 1077 2.
1674 1053 1761 1092 pag.
1792 1043 1856 1082 23.
1886 1055 1968 1095 seq.
2000 1050 2041 1083 et
2071 1048 2107 1084 in

1151 1096 1288 1147 elogiis
1320 1098 1453 1137 ltalice
1479 1100 1624 1140 editis:
1649 1103 1814 1143 Vossius
1845 1107 1950 1145 Poet.
1982 1109 2110 1146 Latin.

1153 1170 1240 1209 pag.
1265 1159 1327 1198 84.
1354 1161 1511 1200 Baelius
1540 1164 1575 1201 in
1618 1166 1783 1214 Lexico,
1819 1168 2040 1208 Morlierius
2071 1172 2109 1209 iu

1152 1220 1250 1259 libro
1278 1222 1416 1261 Essais
1440 1224 1488 1262 de
1518 1225 1739 1266 litterature
1765 1233 1858 1268 tom.
1883 1231 1922 1270 2.
1946 1243 2031 1282 pag.
2059 1233 2108 1270 65

1150 1283 1360 1322 Memoriae
1390 1285 1602 1327 litterariae
1633 1290 1884 1331 Trevoltinae
1913 1292 1958 1331 A.
1991 1293 2109 1333 4703.

1152 1356 1238 1395 pag.
1265 1346 1354 1384 295.
1373 1347 1467 1385 edit.
1485 1349 1614 1388 Amst.
1639 1352 2017 1394 Diariumeruditor.
2034 1356 2109 1394 lta-

1153 1406 1226 1445 liae
1257 1412 1353 1446 tom.
1386 1409 1445 1448 47.
1473 1423 1547 1462 pag
1587 1413 1675 1451 326.
1702 1415 1781 1453 Nic.
1808 1416 2109 1456 Comnenushi-

1153 1471 1271 1508 storia
1293 1472 1502 1522 Gymnasii
1529 1476 1705 1513 Patavini
1733 1481 1826 1515 tom.
1852 1478 1888 1517 2.
1915 1491 1988 1529 pag
2019 1481 2106 1518 484.

1151 1532 1387 1572 Lambecius
1405 1539 1499 1573 tom.
1523 1536 1559 1573 6.
1577 1548 1663 1587 pag.
1683 1538 1772 1576 279.
1795 1540 1858 1578 ubi
1887 1542 2005 1579 etiam
2028 1543 2109 1581 effi-

1149 1594 1233 1643 gies
1244 1606 1334 1633 aere
1350 1595 1564 1649 descripta,
1582 1601 1686 1639 sicut
1703 1606 1742 1638 et
1759 1601 1862 1653 apud
1874 1604 2107 1643 Bullartium

1148 1661 1242 1695 tom.
1275 1658 1310 1697 2.
1334 1658 1572 1700 Academiae
1590 1664 1790 1702 scientiar.
1811 1676 1895 1716 pag.
1916 1667 2006 1704 349.

1202 1716 1291 1769 (203
1310 1722 1364 1759 De
1387 1733 1432 1759 eo
1453 1723 1527 1761 vid.
1551 1735 1610 1774 op.
1630 1724 1676 1763 (le
1694 1725 1859 1766 Graecis
1879 1726 2107 1768 Illustribus

1145 1779 1301 1832 linquae
1325 1783 1503 1823 Graecae
1541 1785 1828 1840 literarumque
1857 1789 2014 1829 human.
2048 1792 2106 1830 in-

1143 1845 1444 1886 muratoribus
1461 1848 1654 1901 Humphr.
1671 1850 1800 1890 Horlc'e‘.
1818 1852 1987 1892 Londini
2002 1855 2104 1894 4742

1152 1907 1186 1945 8.
1210 1919 1294 1959 pag.
1322 1909 1410 1948 276.
1442 1922 1551 1962 εθᾳᾳ
1572 1914 1580 1960 J

1205 1971 1378 2011 Marcus
1397 1974 1662 2024 MARULUS,
1687 1978 1881 2016 Patricius
1906 1979 2110 2030 Spalaten-

1147 2033 1202 2071 sis
1226 2034 1272 2072 A.
1298 2036 1412 2074 4510.
1440 2037 1487 2075 ad
1514 2038 1763 2078 Dominicum
1790 2042 1970 2092 Papalem
2000 2045 2106 2082 misit

1143 2107 1260 2135 versa
1288 2098 1426 2137 Latine
1456 2111 1476 2137 a
1499 2111 1542 2138 se
1572 2112 1618 2139 ex
1652 2103 1869 2142 Dalmatico
1895 2104 2103 2154 idiomate,

1142 2159 1288 2210 Reyum
1322 2159 1548 2201 Dalmatiae
1577 2168 1615 2202 et
1635 2164 1823 2204 Croatiae
1847 2170 1961 2217 qesta
1985 2168 2033 2206 ab
2057 2170 2102 2206 A.

1143 2222 1233 2260 538.
1274 2222 1324 2261 ad
1355 2224 1470 2263 4079.
1501 2225 1639 2265 Edidit
1666 2227 1842 2267 Joannes
1872 2231 2018 2269 Lucius
2055 2231 2102 2269 ad

1141 2284 1290 2323 calcem
1313 2296 1384 2324 sex
1411 2286 1599 2326 librorum
1626 2290 1817 2329 Historiae
1839 2292 2078 2331 Dalmaticae
2095 2325 2104 2340 ,

1142 2358 1242 2397 quos
1257 2348 1339 2398 ipse
1357 2351 1519 2399 scripsit
1535 2351 1974 2403 publicavitqueAmst.
1988 2355 2102 2392 4666.

1148 2408 1211 2447 fol.
1235 2421 1320 2460 pag.
1349 2411 1538 2450 302-309.
1561 2414 1682 2452 Notae
1714 2416 1819 2453 Lucii
1846 2416 1882 2452 in
1908 2416 2102 2454 Maruluni

1143 2479 1228 2518 pag.
1262 2469 1450 2510 titt-450.
1482 2473 1619 2511 Maruli
1651 2473 1774 2511 breve
1805 2476 1999 2525 seriptum
2026 2487 2104 2525 quo

1142 2531 1171 2569 S
1190 2530 1479 2584 Hieronymum
1505 2546 1580 2572 non
1604 2536 1747 2574 Italum
1773 2537 1896 2574 fuisse
1922 2537 1989 2574 sed
2016 2537 2105 2575 Dal-

1144 2598 1290 2631 matam
1313 2597 1487 2643 evincit,
1509 2599 1647 2634 contra
1662 2598 1745 2635 Jac.
1762 2597 1989 2649 Philippum
2006 2599 2104 2636 Ber-

1140 2665 1375 2706 yomensem.
1394 2669 1480 2708 pag.
1502 2658 1591 2697 457.
1609 2670 1690 2709 seq.
1711 2660 1763 2697 De
1780 2660 1958 2708 ejusdem
1973 2661 2103 2699 Evan-

1139 2717 1346 2768 9el1'stario
1371 2719 1419 2757 de
1450 2722 1552 2771 Spe,
1583 2720 1700 2769 Fide,
1732 2722 1960 2771 Lharitate,
1988 2724 2099 2762 libris

1145 2782 1224 2820 Vll.
1254 2782 1389 2820 Colon.
1422 2783 1536 2822 4529.
1569 2784 1684 2823 4532.
1714 2786 1747 2822 8.
1780 2790 1818 2822 et
1848 2785 1896 2822 de
1926 2785 2014 2836 ejus
2036 2797 2100 2823 re-

1146 2843 1282 2895 ligiose
1318 2844 1480 2883 vivendi
1516 2845 1755 2885 institutione
1786 2848 1893 2886 libris
1931 2848 1993 2886 Vl.
2030 2860 2099 2886 ex-

1142 2908 1285 2958 emplis
1313 2907 1335 2946 e
1365 2908 1402 2946 S.
1434 2909 1637 2960 Scriptura
1669 2911 1800 2960 petitis
1831 2911 1947 2949 Paris.
1980 2911 2095 2949 4543.

1144 2968 1180 3008 [ι.
1207 2981 1252 3008 ac
1280 2969 1423 3008 deinde
1454 2973 1638 3022 saepius,
1670 2972 1759 3010 vide
1781 2973 2031 3012 Gesnerum:
2057 2979 2097 3013 et

1143 3033 1192 3071 de
1231 3034 1415 3071 versione
1456 3034 1628 3081 Gallica,
1663 3034 1922 3075 Germanica.
1963 3038 2098 3088 llispa·

1144 3097 1255 3140 nica,
1287 3096 1463 3134 Baelium
1497 3097 1532 3133 in
1567 3098 1718 3134 Lexieo.
1750 3097 1892 3135 Exstat
1922 3103 1961 3135 et
1993 3099 2098 3136 ltali-

1142 3169 1186 3196 ca
1212 3159 1375 3208 Remigii
1409 3159 1640 3205 Florentini,
1688 3160 1823 3197 Venet.
1857 3160 1958 3199 4580
1992 3160 2094 3200 4597

1196 3328 1229 3367 b)
1256 3329 1289 3357 ln
1310 3329 1377 3358 vita
1401 3327 1545 3368 ejusden·
1565 3329 1684 3360 Attilae
1713 3338 1786 3370 pag.
1807 3330 1877 3362 861.
1897 3331 1936 3363 ad
1959 3334 2097 3364 Bonfiaii

1148 3379 1355 3417 nungarlcor
1391 3377 1512 3409 calcini
