2533 4009
440 198 519 238 66&

447 275 688 314 suarumque
717 263 858 300 artium
878 288 885 301 ,
910 264 949 295 et
971 257 1145 295 laborum
1169 251 1392 292 mercedem

445 323 480 357 in
513 318 698 368 pecuniae
729 313 982 351 fundamenta
1014 311 1182 359 quisque
1228 308 1391 344 locatam

441 383 529 410 esse
560 375 694 419 putet:
725 365 792 403 sed
827 366 878 401 ita
908 362 1080 411 corrupti
1126 364 1220 398 sunt
1264 363 1392 396 aetate

444 429 576 462 nostr-i
609 431 756 463 mores,
790 423 830 455 ut
854 418 1023 454 maxima
1046 415 1164 452 etiam
1190 412 1390 456 diligentia

439 476 627 514 adhibita.
661 471 920 519 maximisque
953 469 1103 519 paenis,
1143 464 1392 504 animadver-

440 528 692 576 §iambusque
723 524 947 573 propositis,
981 521 1045 558 vix
1077 521 1254 569 reprimi,
1285 528 1392 555 coer-

438 583 595 629 cet-ique
638 579 813 627 possint:
857 576 922 624 qui
970 583 1155 612 nummos
1197 571 1391 616 tondent,

437 632 835 679 circuniriduntquffi
860 633 929 666 aut
959 627 1120 666 subdola
1149 626 1278 675 specie
1303 634 1395 661 con-

438 692 595 735 teguutz
617 689 682 723 aut
705 684 777 721 alia
798 683 940 731 quavis
966 680 1101 719 fraude
1118 676 1392 726 corrumpunt,

441 746 481 778 ut
510 741 545 776 iu
578 744 685 778 tanta
709 737 1016 774 facinorosorum
1041 733 1242 771 bominum
1269 731 1390 779 copia,

441 794 550 832 facile
583 791 742 839 intelligi
773 793 904 838 queat,
936 798 1017 830 eos,
1048 788 1280 835 impunitate
1306 795 1393 832 spe-

441 852 534 891 rata,
567 855 690 883 novas
723 842 936 893 quasdam,
979 847 1018 877 et
1065 841 1286 888 inopinatas
1327 837 1391 873 de-

443 898 666 949 pravandae
689 897 876 946 pecuniae
896 895 1066 932 rationes
1087 893 1390 941 excogitaturos.

440 953 538 992 Nam
564 964 653 991 cum
677 948 1108 998 circumspectissimus
1133 956 1276 995 parens
1296 951 1388 982 tuus

441 1008 546 1046 omni
582 1005 712 1044 studio
754 1012 927 1051 curaque
959 1000 992 1038 id
1025 1010 1151 1049 genus
1191 999 1393 1036 liominum

443 1065 728 1109 prosequatur:
764 1067 832 1094 nce
864 1061 994 1092 tamen
1027 1052 1155 1091 adbuc
1185 1063 1232 1090 ex
1265 1053 1396 1099 Regno

444 1121 509 1152 tuo
532 1114 666 1150 tollere
683 1142 692 1157 ,
713 1121 756 1149 ac
784 1110 942 1159 penitus
967 1106 1164 1145 eradicare
1196 1105 1363 1154 potuerit
1380 1133 1390 1150 ‚

442 1166 533 1217 quid
568 1167 603 1203 in
637 1166 695 1202 liis
726 1165 819 1201 locis
851 1163 1025 1199 futurum
1057 1159 1307 1201 arbitramur,
1334 1156 1396 1195 ubi

444 1221 547 1258 nulla
579 1219 773 1257 adversus
797 1227 864 1253 eos
888 1216 1082 1253 severitas
1105 1206 1399 1262 distringatur?

499 1274 631 1322 Neque
654 1272 724 1309 lioc
746 1269 793 1308 de
815 1269 958 1308 aureis.
979 1267 1256 1316 argenteisque
1283 1274 1398 1302 riuni-

447 1328 523 1365 mis
538 1331 692 1365 tantum
709 1322 912 1363 admoneri
929 1322 1140 1370 quisquam
1163 1323 1285 1369 putet.
1300 1318 1395 1356 Nam

447 1385 602 1418 moneta
624 1389 750 1420 aerea,
774 1388 851 1427 quo
871 1375 982 1413 vilior
1002 1379 1075 1418 est,
1093 1377 1154 1410 est
1179 1383 1224 1410 eo
1245 1371 1396 1409 facilius

447 1433 705 1471 adulteratur.
734 1430 903 1480 ldcoque
929 1438 975 1466 eo
1001 1426 1128 1472 modo,
1153 1436 1277 1475 eaque
1308 1435 1396 1474 pru-

448 1487 580 1525 dentia
608 1482 839 1524 excudenda
867 1487 941 1527 est,
981 1485 1023 1518 ut
1063 1481 1097 1516 in
1139 1490 1181 1517 ea
1222 1489 1261 1516 re
1303 1476 1395 1514 niliil

449 1540 596 1579 auctori
624 1539 718 1577 lucri
747 1538 836 1575 liat:
867 1546 940 1572 non
981 1533 1084 1570 enim
1124 1533 1169 1570 ad
1211 1531 1398 1580 principis

448 1597 673 1644 quaestum.
713 1590 780 1628 sed
821 1588 868 1627 ad
907 1586 1077 1628 emendi,
1120 1583 1397 1633 vendendique

447 1645 781 1687 commoditatem,
810 1647 848 1680 et
889 1638 1154 1678 multitudinis
1189 1638 1398 1676 utilitatem

448 1700 482 1738 id
523 1708 777 1737 nummorum
819 1705 945 1743 genus
983 1695 1213 1743 percutitur.
1251 1690 1398 1728 Idcirco

447 1759 601 1791 tantum
622 1753 723 1790 aeris
746 1752 781 1788 in
809 1749 974 1797 singulis
998 1756 1087 1783 esse
1122 1745 1251 1788 debet,
1279 1748 1321 1781 ut
1346 1743 1399 1780 la—

449 1807 517 1845 bor
540 1807 668 1844 omnis
692 1802 861 1843 cudendi
903 1812 970 1851 pro
1012 1798 1131 1837 nihilo
1178 1797 1396 1844 habeatur,

451 1872 499 1898 ne
521 1862 610 1905 quis
630 1870 651 1896 e
674 1867 837 1896 numero
862 1854 1121 1893 scelestorum
1160 1850 1206 1889 ad
1247 1861 1313 1888 eos
1348 1850 1399 1886 si-

451 1911 659 1951 mulandos
684 1921 840 1960 operam
869 1911 1025 1946 sumat:
1065 1917 1155 1943 cum
1186 1909 1225 1940 et
1252 1903 1396 1942 frustra

453 1972 611 2015 tempus
632 1965 756 2003 amitti
790 1964 1011 2007 cognoscet,
1048 1964 1087 1995 et
1119 1957 1269 1996 nullum
1310 1955 1399 2004 jande

453 2020 623 2058 fructum
650 2029 691 2055 se.
717 2020 1025 2055 consecuturum
1051 2022 1208 2060 sperare
1247 2009 1398 2059 poterit.

454 2072 490 2109 Si
516 2074 605 2122 quis
625 2077 757 2109 autem
785 2069 966 2118 princeps
1004 2063 1194 2110 signando
1229 2074 1318 2100 aere
1345 2062 1400 2100 lu-

453 2127 550 2163 crari
575 2125 741 2163 voluerit
762 2134 771 2169 ·,
799 2132 939 2165 magno
963 2119 1201 2156 detrimento
1242 2116 1400 2165 popula·

456 2190 518 2217 res
542 2179 696 2225 afficiet,
715 2182 753 2213 et
775 2187 863 2213 cum
889 2174 947 2211 liis
968 2172 1132 2211 conferri
1158 2181 1271 2220 posse
1293 2168 1398 2206 vide-

455 2233 570 2278 bitur,
593 2233 672 2280 qui,
706 2235 750 2269 ut
786 2227 958 2278 quotidie,
997 2224 1142 2274 aliquid
1180 2224 1399 2272 acquirant,

454 2285 501 2323 de
533 2285 677 2323 liordeo
698 2285 811 2334 equ5s
833 2284 916 2319 suis
936 2279 1101 2317 demunt
1120 2289 1129 2323 ς
1156 2288 1227 2314 nec
1259 2275 1400 2313 intelli-

454 2345 551 2389 gunt
575 2342 745 2387 ipsorum
769 2335 940 2386 periculo
965 2343 1032 2370 eos
1059 2341 1295 2369 mucescere.

507 2393 608 2430 Cum
631 2397 761 2429 autem
791 2399 864 2426 non
893 2398 981 2431 una,
1006 2385 1225 2434 eademque
1258 2383 1401 2432 ubique

453 2445 711 2487 consuetudo,
736 2448 804 2482 aut
844 2442 1030 2486 locorum,
1067 2443 1106 2476 et
1141 2438 1222 2487 agri
1262 2441 1401 2474 natura

456 2501 531 2544 sit,
553 2498 619 2536 sed
647 2499 765 2536 variis
791 2498 827 2533 in
846 2493 1070 2544 regionibus
1088 2492 1237 2530 victum
1253 2490 1315 2528 alii
1337 2489 1404 2528 ali-

461 2553 493 2590 is
512 2552 674 2598 artibus,
691 2552 845 2600 aliaque
862 2547 1052 2586 industria
1066 2545 1135 2583 sibi
1153 2547 1404 2594 comparent3

455 2605 668 2644 videndum
690 2606 764 2643 erit
789 2602 1056 2651 unicuquique
1075 2599 1238 2649 regenti,
1262 2602 1303 2635 ut
1322 2598 1405 2636 suis

460 2659 532 2697 liae
555 2663 767 2709 suppetant
780 2656 1112 2703 facultates,quas
1124 2652 1269 2702 patriae
1284 2651 1405 2701 ipsius

454 2714 567 2754 situs,
593 2718 631 2749 et
652 2711 935 2761 opportunitas,
962 2719 1037 2745 non
1062 2706 1264 2744 hominum
1289 2704 1403 2754 cupi-

456 2766 558 2803 ditas
584 2766 768 2815 postulat.
792 2763 978 2801 Omnium
998 2766 1129 2798 tamen
1157 2761 1342 2808 primurn,
1362 2762 1401 2794 et

457 2821 671 2856 maximum
697 2823 785 2865 est3
827 2816 943 2865 idque
974 2814 1133 2852 omnino
1174 2812 1402 2849 meminisse

455 2871 657 2911 debemus.
682 2877 723 2909 ut
748 2872 778 2907 si
805 2882 884 2915 agri
909 2869 1106 2916 ingenium
1131 2865 1253 2913 ierat3
1287 2864 1404 2902 detur

456 2936 584 2974 opera,
613 2931 792 2974 utquam
819 2924 1038 2971 largissima
1081 2920 1287 2967 colligatur
1324 2918 1401 2956 sru-

457 2991 562 3025 cum.
584 2985 620 3015 et
646 2979 774 3016 omnis
798 2986 976 3014 :iniionae
1002 2975 1122 3023 eopia.
1144 2973 1235 3009 Nam
1257 2971 1401 3021 quibus

460 3032 687 3069 civitatibus
699 3043 740 3068 ea
755 3031 940 3080 suppetit,
957 3033 1063 3065 tanta
1081 3026 1235 3063 saltem.
1253 3030 1399 3074 quanta

460 3085 596 3123 incolis
617 3085 835 3122 necessaria
871 3088 943 3124 est.
980 3080 1028 3119 ab
1064 3081 1122 3118 eis
1145 3080 1324 3130 plurima.
1362 3082 1402 3115 et

461 3137 628 3182 ingentia
657 3138 753 3176 mala
795 3136 1061 3186 probibentur,
1091 3144 1191 3183 quae
1231 3133 1283 3169 rei
1324 3131 1402 3169 fru-

464 3193 676 3228 mentariae
714 3192 837 3240 inopia
872 3188 1044 3240 quotidie
1087 3185 1263 3225 accidere
1297 3187 1403 3222 vide-

465 3253 567 3280 mus.
594 3242 926 3292 t'esterequidem
947 3240 1206 3280 Ferrarierisis
1234 3244 1399 3286 tractus,

458 3300 650 3343 quantum
682 3297 901 3345 perspicere
932 3295 1052 3345 potui,
1070 3293 1199 3341 tritici,
1237 3291 1402 3341 reliqua-

464 3357 630 3397 rumque
677 3348 831 3398 frugum
889 3348 1154 3386 feracissimus
1205 3349 1285 3381 est:
1331 3343 1397 3381 sed

464 3400 552 3448 quiri
580 3401 747 3449 saepius.
772 3406 978 3439 §laniante
1003 3399 1115 3444 l'arlo,
1142 3409 1280 3449 maana
1311 3408 1400 3447 pars

781 194 824 229 l».
873 168 1258 228 cAnAFrAE
1305 184 1389 223 DE
1439 183 1671 222 Parae.
1717 180 2067 221 OFFlclts.

1469 251 1646 300 intercipi
1673 248 1793 288 solet:
1819 250 2038 289 curandum
2064 254 2137 297 est,
2175 255 2218 289 ut
2256 251 2291 288 in
2329 251 2416 290 aliis

1467 305 1634 354 Imperio
1659 306 1794 341 vestro
1814 303 2003 352 subiectis
2029 304 2134 348 locis,
2151 315 2252 354 quae
2275 304 2412 343 fluvio-

1468 369 1553 396 rum
1578 355 1902 394 inundationibus
1929 368 2003 394 non
2026 361 2120 395 sunt
2143 358 2324 403 obnoxia,
2352 367 2416 396 co-

1465 412 1572 461 piosa
1611 408 1678 447 fiat
1711 410 1929 455 sementis;
1975 414 2017 448 ut
2054 410 2085 447 si
2124 422 2243 460 quam
2286 410 2414 449 Padus

1465 469 1639 511 stragem
1668 462 1754 500 istic
1774 461 1953 507 ediderit,
1977 475 1998 499 e
2023 462 2153 511 Regno
2177 465 2260 513 ipso
2285 463 2420 502 vestro

1467 515 1689 555 subsidium
1717 520 1850 564 petere¹
1875 516 2046 564 possitis.
2075 516 2132 554 Ad
2169 528 2255 555 eam
2282 527 2365 554 rem
2392 517 2421 554 i-

1467 572 1585 619 gitur,
1611 573 1814 618 tamquam
1855 579 2004 615 arcum,
2044 570 2236 608 intentam
2278 569 2420 608 habero

1469 627 1643 660 mentem
1676 621 1898 672 oportebit,
1923 625 1962 658 et
2001 623 2204 671 agricolas,
2252 628 2294 662 ut
2327 627 2421 660 ante

1467 675 1655 721 diximus,
1673 674 1878 726 adjuvare,
1903 675 1968 723 qui
1995 676 2025 711 si
2051 676 2296 725 gravioribus
2320 675 2418 714 torte

1468 729 1654 766 oneribus
1676 729 1726 766 ita
1751 729 1874 778 pressi
1900 727 2152 774 videbuntur,
2176 736 2214 767 ut
2232 729 2336 780 operi
2357 740 2423 768 ru-

1467 784 1566 820 stico
1591 793 1731 820 vacare
1767 786 1980 830 nequeant,
2012 781 2170 819 levandi
2209 787 2250 820 et
2289 782 2420 832 aliqua

1470 837 1721 873 immunitate
1746 833 1916 872 donandi
1935 839 2066 872 erunt.
2082 835 2218 885 Neque
2236 836 2340 874 enim
2362 834 2420 874 ul-

1470 889 1504 928 la
1536 889 1602 926 tibi
1630 890 1665 926 in
1694 889 1765 926 hac
1791 899 1830 925 re
1857 887 1923 925 liet
1943 886 2118 937 jactura3
2141 899 2231 927 cum
2256 887 2414 939 dempta

1469 953 1517 980 ex
1544 943 1590 978 iis
1617 942 1709 980 locis
1733 941 1891 986 tributa,
1916 946 1956 979 et
1987 941 2175 991 frequens
2210 941 2413 980 hominum

1473 996 1562 1034 illuc
1582 995 1903 1034 concurrentium
1946 995 2169 1038 multitudo,
2203 1000 2244 1033 et
2281 1005 2413 1033 rerum

1470 1049 1645 1087 omnium
1668 1052 1971 1098 compensatura
2015 1049 2066 1085 sit
2103 1049 2318 1088 affluentia.
2353 1047 2424 1086 Sa·

1472 1104 1616 1153 pientis
1638 1103 1743 1140 enim
1770 1107 1831 1139 est
1863 1102 2069 1151 pecuniam
2103 1104 2140 1140 in
2183 1102 2264 1141 loco
2302 1100 2423 1151 negli-

1471 1167 1585 1206 gere;
1612 1166 1744 1193 rerum
1769 1165 1925 1200 causas,
1951 1166 2169 1206 earumque
2188 1164 2424 1206 progressus

1471 1207 1688 1258 previdere,
1709 1213 1749 1245 et
1775 1209 1982 1259 praeterita
2024 1209 2170 1248 futuris
2194 1212 2425 1247 annectere.

1474 1261 1584 1300 ltude
1610 1267 1757 1306 autem,
1781 1266 1820 1299 et
1859 1263 2084 1311 imperitum
2118 1263 2275 1312 vulgus,
2319 1260 2423 1312 quod

1472 1327 1593 1353 sensu
1625 1320 1780 1352 tantum
1813 1319 2010 1363 movetur,
2026 1315 2073 1354 ad
2101 1315 2136 1353 id
2164 1316 2292 1354 solum
2317 1313 2422 1365 quod

1472 1369 1596 1412 adest,
1622 1368 1807 1418 quodque
1829 1379 2017 1417 praesens
2048 1374 2122 1416 est,
2140 1380 2183 1407 se
2200 1378 2423 1407 accommo-

1473 1421 1554 1459 dat.
1575 1422 1772 1467 Quantam
1801 1431 1892 1459 vero
1918 1422 2144 1466 utilitatem,
2170 1422 2425 1471 fructumque

1472 1476 1608 1513 afferat
1630 1486 1760 1513 rerum
1781 1475 1826 1513 ad
1852 1476 1972 1514 vitam
1999 1474 2219 1526 degendam
2243 1484 2425 1513 necessa-

1474 1540 1618 1566 riarum
1641 1528 1897 1578 praeparatio,
1914 1530 2138 1579 perspicum
2159 1533 2220 1566 est
2240 1527 2424 1566 conside-

1475 1592 1573 1624 rare,
1594 1588 1634 1619 et
1661 1583 1846 1620 memoria
1874 1586 2053 1633 repetere
2093 1582 2266 1620 volenti:
2305 1591 2424 1632 quam

1474 1635 1585 1694 multi
1614 1640 1742 1673 aetate
1776 1641 1909 1674 nostra
1950 1635 2022 1674 hac
2061 1637 2142 1687 ipsa
2177 1634 2423 1686 providentia

1474 1689 1623 1738 imperii
1649 1690 1708 1726 sui
1732 1693 1880 1727 statum
1917 1700 1994 1726 non
2031 1690 2144 1727 modo
2184 1688 2422 1727 incolumem

1472 1747 1836 1788 conservaverunt3
1863 1753 2002 1781 verum
2025 1744 2143 1782 etiam
2166 1753 2256 1781 cum
2282 1751 2423 1790 magna

1473 1796 1531 1834 Sui
1583 1795 1754 1838 nominis
1777 1794 2019 1844 celebr-itate,
2045 1796 2422 1844 existimationeque

1473 1847 1832 1898 amplificaverunt.
1859 1848 2085 1900 Contraque
2121 1859 2240 1900 quam
2278 1846 2424 1886 multos

1472 1906 1737 1939 commeatum
1761 1902 1998 1951 negligentia
2030 1904 2066 1940 in
2089 1901 2324 1953 gravissima
2357 1899 2424 1938 da-

1473 1966 1577 1998 mna,
1598 1954 1823 2005 cladesque,
1862 1956 1898 1991 in
1935 1956 2210 2005 turpissimum
2250 1953 2423 2003 denique

1472 2012 1759 2057 contemptum,
1789 2013 1909 2058 atque
1939 2009 2191 2056 ignominiam
2215 2007 2401 2047 adduxit.

1529 2061 1640 2098 l'lura
1665 2061 1862 2111 equidem,
1890 2061 2039 2110 Inclyta
2062 2062 2255 2107 Elianora,
2280 2059 2328 2098 ad
2353 2070 2420 2098 su-

1473 2119 1652 2163 sceptum
1693 2126 1792 2164 opus
1833 2115 2081 2164 pertinentia,
2118 2120 2159 2153 et
2190 2115 2286 2153 haec
2323 2114 2420 2163 ipsa,

1472 2179 1574 2217 quae.
1596 2168 1697 2205 dicta
1723 2174 1830 2216 sunt,
1851 2169 1981 2211 latius,
2005 2168 2280 2219 copiosiusque
2302 2165 2427 2216 expli-

1472 2222 1549 2259 cari
1579 2223 1753 2270 potuisse
1771 2222 1963 2270 a1·l>iti·or;
1985 2222 2054 2260 sed
2079 2224 2171 2273 quia
2189 2223 2320 2259 minus
2347 2229 2427 2257 ma-

1476 2275 1496 2312 li
1528 2279 1589 2310 est
1614 2275 1750 2322 semel,
1783 2286 1902 2326 quam
1940 2276 2000 2314 bis
2042 2286 2228 2325 peccare3
2265 2271 2351 2311 ideo
2388 2276 2428 2309 et

1475 2327 1658 2365 brevitati
1686 2328 1850 2376 studui3
1876 2333 1915 2365 et
1940 2340 2045 2368 nunc
2066 2330 2147 2378 jam
2174 2327 2292 2367 finem
2327 2325 2428 2364 face-

1475 2392 1515 2419 re
1541 2380 1699 2418 decrevi
1719 2393 1727 2430 ;
1755 2393 1803 2419 ne
1823 2387 1975 2430 praeter
1993 2383 2240 2434 arrogantiae
2263 2379 2427 2424 crimen,

1475 2433 1522 2472 de
1548 2446 1626 2484 quo
1650 2434 1698 2473 ab
1721 2436 1829 2473 initio
1850 2434 1944 2480 dixi,
1969 2437 2087 2474 etiam
2115 2433 2348 2485 prolixitatis
2367 2442 2428 2470 ar-

1477 2499 1586 2537 guar.
1611 2489 1663 2526 Tc
1690 2500 1782 2527 vero
1813 2489 1989 2537 obsecro,
2024 2489 2212 2536 obtestor,
2249 2484 2427 2536 supplico

1478 2540 1648 2591 deniqne
1669 2547 1709 2579 ut
1738 2554 1863 2581 meam
1882 2541 2161 2582 benemerendi
2181 2541 2426 2580 voluntatem

1478 2596 1656 2644 accipias,
1690 2596 1729 2634 Si
1761 2601 1893 2634 autem
1932 2598 2119 2634 rnat³riae
2157 2592 2336 2645 dignitati
2367 2592 2424 2629 in·

1477 2650 1617 2696 gemoli
1639 2651 1712 2686 mei
1731 2650 1906 2700 parvitas
1923 2648 2163 2700 respondere
2181 2659 2257 2686 non
2278 2643 2426 2696 potuit3

1479 2702 1703 2740 facultatem
1733 2707 1905 2741 nostram
1945 2709 1985 2741 et
2019 2701 2122 2753 apud
2156 2702 2358 2752 teipsam,
2387 2702 2428 2736 et

1476 2755 1578 2805 apud
1606 2757 1805 2806 lnclytum
1832 2755 2048 2807 conjugem
2089 2761 2216 2800 tuum,
2253 2756 2429 2792 caetero-

1476 2818 1575 2858 sque
1600 2820 1752 2848 omnes.
1775 2811 1840 2860 qui
1869 2809 1963 2848 haec
1987 2815 2118 2848 nostra
2143 2809 2289 2858 legent,
2309 2815 2429 2844 excu-

1475 2872 1552 2899 ses.
1575 2863 1739 2912 Speravi
1773 2874 1944 2913 namque
1973 2874 2039 2912 pro
2072 2868 2138 2902 tua
2177 2871 2268 2900 cum
2310 2859 2346 2896 in
2387 2867 2428 2895 o-

1477 2926 1600 2961 mnes,
1638 2921 1720 2954 tum
1767 2917 1802 2954 in
1850 2919 2045 2966 meipsum
2084 2915 2340 2958 benignitate,
2383 2921 2428 2950 ³0

1476 2970 1795 3009 mansuetudine.
1821 2969 1970 3021 iirlioc
2011 2967 2259 3014 munusculo,
2296 2963 2430 3016 quale·

1473 3032 1646 3072 cumque
1678 3024 1788 3070 foret,
1816 3034 1948 3061 meum
1983 3024 2113 3072 potius
2138 3031 2227 3071 erga
2267 3023 2307 3056 te,
2345 3018 2428 3057 ani-

1476 3087 1597 3122 mum,
1620 3089 1738 3127 quam
1760 3080 2026 3114 temeritatem
2046 3074 2424 3122 contemplaturam:

1475 3134 1514 3166 et
1558 3130 1893 3179 quemadmodum
1947 3128 2089 3168 viduae
2139 3124 2426 3178 pauperculae,

1475 3192 1576 3231 quae
1594 3182 1671 3222 duo
1698 3185 1848 3222 minuta
1874 3194 1962 3221 aera
1986 3182 2095 3221 misit
2127 3182 2163 3219 in
2201 3177 2428 3229 gazophila-

1475 3237 1593 3282 cium,
1630 3243 1830 3286 acceptam
1873 3236 2070 3275 liumanae
2103 3234 2245 3273 salutis
2279 3229 2426 3271 auctori

1476 3294 1648 3326 mentem
1677 3291 1797 3329 fuisse
1819 3289 2078 3340 praedicant3
2105 3289 2156 3326 ita
2181 3287 2248 3325 tibi
2281 3283 2429 3322 donan-

1475 3342 1525 3379 tis
1554 3342 1752 3390 affectum,
1773 3353 1893 3394 quarn
1919 3343 1974 3380 rei
1998 3341 2182 3392 pretium,
2213 3336 2420 3389 gratiorem

1476 3395 1554 3433 fore
1573 3395 1758 3445 judicavi.

1253 3487 1622 3510 ψ’
