2533 4009
476 208 553 247 ²⁸52

473 276 749 319 gastim-anum
773 279 858 317 pag.
883 264 972 302 646.
1000 260 1238 300 l‘ossevinus
1260 265 1353 298 tom.
1378 260 1423 297 ll.

473 317 696 386 Apparatus
722 339 807 378 pag.
831 326 918 373 396.
942 322 1065 361 Gallia
1086 320 1311 360 Christiane
1328 325 1423 358 tom.

475 397 537 434 lv.
562 404 645 443 pag.
672 390 734 426 24.
767 384 1046 424 Tillemontius
1075 386 1107 419 t.
1133 382 1217 420 XV.
1239 392 1277 430 p.
1303 380 1389 419 434.

527 447 787 491 SALVATOR
838 442 1124 489 Cremonensis,
1154 453 1175 480 a
1208 442 1331 491 patria
1371 442 1427 478 sic

473 515 613 556 dietus,
633 507 850 546 monachus
865 505 1119 544 Cassinensis
1136 504 1238 541 circa
1256 513 1290 540 a.
1309 503 1427 540 4440.

473 572 636 621 Scripsit
661 565 948 616 Philosoplie'ca,
977 570 1017 603 et
1040 564 1236 614 quaedam
1261 564 1299 600 in
1343 562 1429 600 Ari-

475 633 656 672 stotelem
685 627 995 668 Commentario..
1017 627 1132 664 Arisii
1158 626 1353 664 Cremona
1384 623 1428 662 li-

474 698 597 733 terata
619 697 713 729 tom.
745 691 772 728 1.
806 701 893 740 pag.
918 689 1008 727 221.

522 752 798 798 SALVATUS,
823 751 921 789 alias
953 748 1183 793 Salvianus,
1215 747 1427 798 presbyter

474 817 700 861 Lusitanus,
722 824 797 851 sec.
827 813 908 850 xli.
929 811 1095 860 Scripsit
1120 810 1245 846 Vitam
1261 808 1301 846 S.
1320 808 1428 845 Mar-

476 874 794 916 tim'Sauriensis
812 871 1050 924 presbyteri,
1073 882 1134 909 an.
1164 869 1265 908 4446
1287 867 1429 906 defun-

474 940 541 982 cti,
561 948 681 988 quam
707 937 944 986 promiserat
965 932 1087 971 Andr.
1109 929 1333 969 Resendius
1349 928 1431 966 edi-

474 1000 532 1038 dit
555 1010 650 1037 vero
679 999 736 1035 Jo.
767 995 982 1035 Bollandus
1011 994 1050 1031 d.
1088 994 1149 1031 34.
1188 991 1377 1038 Januarii,
1402 993 1429 1026 t.

477 1062 521 1099 ll.
552 1072 637 1111 pag.
665 1060 780 1098 4434.
805 1057 887 1095 Nic.
919 1054 1117 1093 Antonius
1137 1052 1235 1091 Bibl.
1260 1053 1431 1101 Hispana

477 1123 618 1159 Vetere
650 1120 728 1157 Vll.
762 1119 822 1156 44.
849 1128 887 1154 n.
916 1116 981 1153 78.

533 1173 1432 1227 SALVIANUS‚Presbyterlllassiliensis‚Tre-

480 1245 600 1290 veris,
630 1242 695 1280 vel
726 1245 833 1279 certe
864 1240 901 1277 in
932 1239 1057 1277 Gallia
1091 1237 1246 1287 Belgica
1266 1265 1275 1283 ,
1314 1240 1433 1274 natus

479 1311 519 1344 et
542 1304 749 1348 educatus,
781 1305 935 1339 mature
966 1310 1131 1338 uxorem
1157 1297 1285 1345 duxit,
1312 1296 1434 1334 Palla-

482 1367 586 1405 diam
611 1364 764 1414 Hypatii
797 1367 836 1400 et
865 1362 1032 1407 Quietae
1064 1359 1196 1405 filiam,
1227 1369 1276 1395 ex
1307 1367 1433 1406 eaque.

482 1428 600 1466 filiam
647 1423 912 1474 Auspiciolam
944 1422 1147 1470 suscepit,
1179 1419 1247 1457 sed
1280 1422 1435 1456 mature

482 1498 656 1538 quoque,
686 1490 726 1523 et
755 1484 915 1534 quidem
948 1481 1164 1521 accedente
1208 1481 1316 1518 illius
1344 1490 1436 1517 con-

484 1560 620 1594 sensu,
665 1547 714 1585 ab
743 1556 865 1584 uxore
897 1555 939 1582 se
981 1544 1192 1593 separavit,
1224 1553 1292 1591 pro
1330 1551 1436 1578 more

485 1610 639 1648 illorum
657 1613 894 1657 temporum,
913 1616 990 1655 quo
1012 1616 1053 1641 se
1071 1604 1274 1642 Christum
1294 1604 1331 1639 in
1350 1613 1438 1639 coc-

485 1671 608 1708 libatu
635 1669 775 1707 melius
797 1668 909 1716 sequi
947 1676 1061 1716 posse
1086 1663 1315 1702 credebant.
1345 1663 1439 1700 Cre-

483 1731 600 1769 dibile
630 1734 704 1775 est,
735 1740 825 1767 eum
857 1732 993 1777 postea
1025 1727 1063 1763 in
1097 1724 1336 1762 monasterio
1378 1723 1437 1760 Li-

485 1793 634 1830 rinensi
663 1791 852 1835 haesisse,
884 1789 918 1826 id
950 1787 1054 1838 quod
1084 1786 1280 1826 Auctores
1316 1785 1439 1822 histo-

484 1855 563 1891 riae
588 1853 801 1890 litterariae
831 1851 1003 1888 Gallicae
1033 1853 1129 1886 tom.
1151 1848 1200 1885 ll.
1229 1857 1314 1896 pag.
1347 1844 1435 1883 549.

487 1915 585 1951 satis
602 1912 811 1963 probatum
838 1910 1049 1949 dederunt.
1072 1907 1248 1946 Tandem
1272 1906 1439 1954 Presby-

487 1979 548 2012 ter
576 1973 777 2012 Ecclesiae
799 1971 1053 2011 Massiliensis
1086 1969 1170 2015 fuit,
1190 1972 1230 2006 et
1249 1971 1437 2004 centena-

488 2037 584 2082 rius,
613 2035 676 2072 vel
706 2044 751 2072 eo
781 2033 924 2081 major,
953 2032 1047 2069 obiit
1076 2031 1178 2067 circa
1209 2039 1312 2067 anno
1349 2028 1436 2065 496.

489 2097 619 2146 Opera
647 2095 734 2144 ejus
765 2094 860 2132 haec
892 2098 981 2130 nota
1011 2097 1132 2130 sunt:

545 2158 580 2194 4.
611 2156 665 2193 De
690 2153 974 2205 qubernati'one
1003 2153 1086 2200 Dei,
1108 2153 1314 2190 occasione
1342 2151 1441 2189 irru-

491 2217 635 2267 ptionis
672 2217 850 2265 gentium
893 2213 1266 2265 septentrionalium
1299 2213 1337 2249 in
1367 2212 1442 2250 lta-

492 2278 581 2315 liam
608 2281 647 2314 et
668 2277 764 2315 alias
786 2278 982 2325 regiones,
1005 2274 1108 2325 quod
1133 2275 1251 2312 etiam
1277 2273 1323 2312 de
1348 2274 1443 2311 Pro-

490 2336 660 2376 videntia
691 2338 930 2375 inscribitur.
962 2337 1099 2375 Versio
1130 2335 1281 2374 Gallica
1324 2335 1444 2372 Fran-

490 2400 583 2437 cisci
609 2398 657 2436 de
686 2398 918 2437 Bellesorest
949 2398 1024 2436 MS.
1051 2401 1113 2435 est
1142 2397 1179 2434 in
1207 2395 1303 2434 Bibl.
1325 2396 1442 2443 Regia

492 2461 683 2499 Parisina.
715 2461 831 2498 Bern.
861 2459 909 2496 de
939 2459 1186 2498 Montfaueon
1212 2456 1297 2494 Bibl
1347 2455 1443 2495 Bibl.

492 2522 601 2559 MSS.
621 2531 709 2571 pag.
737 2520 828 2558 794.
854 2521 952 2558 Petri
981 2520 1108 2558 Gorsii
1133 2519 1172 2557 S.
1195 2518 1228 2555 J.
1252 2518 1444 2568 impressa

493 2583 613 2621 Paris.
646 2582 760 2621 4655.
793 2583 830 2619 4.

546 2643 583 2680 2.
613 2641 676 2680 Ad
699 2641 916 2681 Ecclesiam
957 2641 1212 2689 catholicam,
1244 2642 1329 2679 sive
1358 2651 1445 2678 con-

496 2707 561 2741 tra
597 2703 830 2750 avaritiam,
862 2704 899 2740 in
930 2714 1007 2752 quo
1037 2703 1112 2741 sub
1141 2701 1338 2740 Timothei
1380 2711 1445 2738 no-

495 2765 601 2802 mine
630 2764 752 2802 latere
782 2764 920 2811 voluit,
951 2763 1067 2812 cujus
1097 2764 1150 2801 rei
1182 2765 1265 2812 ipse
1295 2762 1446 2800 Salvia-

494 2826 638 2863 vianus
668 2826 781 2874 epist.
814 2825 848 2862 9.
880 2825 1071 2863 rationem
1111 2823 1251 2862 reddit.
1282 2823 1446 2872 Anglice

497 2889 538 2923 et
566 2886 774 2935 llispanice
803 2886 925 2922 vertit
960 2884 1160 2933 losephus
1198 2883 1447 2922 Greswellus

497 2946 584 2984 Soc.
609 2947 713 2993 Jesu,
747 2945 962 2984 Audomari
995 2946 1111 2984 4648.

550 3009 585 3044 3.
615 3005 812 3058 Epz'slolae
847 3007 949 3045 VIII.
979 3007 1125 3056 quibus
1153 3005 1313 3044 additur
1343 3015 1444 3042 nona

498 3066 544 3104 ad
575 3068 777 3107 Salonium
809 3070 968 3119 scripta,
999 3072 1039 3106 et
1064 3067 1161 3106 libro
1181 3070 1316 3105 contra
1343 3064 1447 3104 Ava-

502 3128 629 3164 ritiam
657 3130 884 3177 praemissa.

556 3263 586 3297 1ιὶ>
613 3267 707 3297 Hunc
731 3268 864 3298 tilulum
891 3270 951 3299 viri
977 3268 1066 3298 docti
1094 3275 1158 3298 non
1188 3269 1267 3298 salis
1293 3270 1382 3298 recte
1402 3268 1454 3295 in—

1251 188 1678 228 SALVIANUS

1552 260 1666 299 Edita
1697 264 1792 298 sunt
1820 260 1918 299 haec
1960 262 2087 311 Opera
2134 262 2304 310 primum
2335 270 2357 299 a
2386 262 2448 300 Jo-

1500 320 1726 359 Alexandro
1755 322 1999 370 Brassicano‚
2028 321 2143 360 Basil.
2176 321 2293 360 4530.
2324 321 2446 360 [Ro-

1502 393 1601 429 mae,
1632 381 1736 431 apud
1768 383 1986 421 Manutium
2019 384 2132 422 4564.
2160 383 2225 421 fol.
2248 383 2450 422 cum-Ma·

1502 445 1609 481 ximo
1637 443 1886 491 Taurinensi,
1917 445 2081 482 Paciano
2109 448 2150 482 et
2179 443 2351 494 Sulpicio
2382 443 2451 482 Se·

1503 514 1598 541 vero
1628 515 1697 554 per
1722 504 1880 541 Petrum
1910 504 2167 553 Gelasimum,
2196 505 2313 543 Paris.
2345 502 2448 542 4570

1503 564 1618 603 4575.
1648 563 1764 603 4594.
1792 564 1829 601 8.
1861 564 2047 602 Succedit
2066 575 2160 603 cura
2182 565 2283 603 Petri
2303 563 2452 603 Pithoei

1502 625 1625 664 Paris.
1657 625 1770 664 4580.
1803 625 1918 663 4645.
1949 625 2051 663 4648
2091 626 2126 663 8.
2157 630 2197 663 et
2224 637 2316 665 cum
2338 625 2453 664 scho-

1504 687 1566 726 liis
1595 687 1818 726 Brassicani
1861 687 2087 735 excerptis,
2117 686 2207 725 ibid.
2238 687 2353 726 4608.
2387 685 2449 726 42.
2506 703 2533 740 ‚⁴

1502 750 1603 788 Cum
1623 748 1784 786 scholiis
1815 744 2097 797 marginalibus
2125 750 2167 784 et
2195 749 2451 786 annotatione

1502 819 1724 848 consensus
1769 812 1999 846 sanctorum
2044 806 2150 845 edita
2192 812 2286 846 sunt
2329 819 2351 847 a
2393 809 2451 846 Jo.

1502 870 1706 909 Theodoro
1735 868 2011 916 Macherentio,
2050 868 2216 918 Jesuita‚
2245 868 2448 920 Augustae

1503 932 1772 977 Trevirorum,
1811 930 1925 969 4609.
1957 929 1992 967 4.
2022 929 2140 967 Porro
2170 939 2332 969 manum
2371 928 2456 968 Sal-

1504 994 1621 1030 viano
1650 991 1828 1030 admovit
1844 989 2049 1030 Conradus
2065 989 2368 1038 Rittershusius,
2383 990 2452 1040 qui

1506 1055 1636 1105 ipsum
1667 1052 1807 1091 Altors.
1828 1052 1944 1090 4614.
1975 1051 2011 1089 2.
2043 1051 2173 1089 tomis.
2204 1051 2240 1088 8.
2263 1051 2453 1101 vulgavit,

1503 1127 1596 1154 cum
1626 1113 1949 1153 annotationibus
1977 1113 2075 1159 suis,
2100 1111 2246 1162 quibus
2273 1121 2451 1152 accesse-

1507 1182 1599 1216 runt
1627 1175 1756 1216 Norib.
1787 1175 1902 1214 4623.
1933 1175 1970 1213 8.
2000 1174 2143 1225 exiguo
2165 1172 2367 1212 volumine
2387 1183 2457 1212 an-

1508 1240 1730 1278 notationes
1757 1238 1868 1275 Joan.
1899 1235 2083 1284 Weitzii,
2113 1234 2255 1274 Tobiae
2288 1232 2456 1281 Adami,

1507 1299 1699 1339 Theodori
1722 1297 1942 1337 Sitzmanni
1961 1301 2001 1335 et
2016 1297 2073 1334 Jo.
2094 1294 2207 1335 Alex.
2221 1295 2457 1334 Brassicani.

1508 1361 1641 1401 Editio
1671 1359 1925 1399 Rittershusii
1966 1356 2314 1396 Francofurtensis
2343 1356 2458 1395 4644.

1508 1428 1548 1461 et
1576 1423 1649 1461 alia
1680 1420 1851 1460 Nor-imb.
1883 1419 2000 1459 4623.
2032 1419 2165 1458 nullae
2191 1423 2300 1464 sunt,
2320 1428 2460 1468 quam-

1508 1486 1570 1522 vis
1595 1485 1632 1521 in
1663 1483 1830 1522 llistoria
1860 1481 2032 1520 literaria
2057 1480 2216 1520 laudata
2247 1483 2458 1531 ponantur.

1509 1547 1606 1586 Nam
1631 1544 1818 1583 Bolduani
1850 1542 1949 1581 fides
1977 1542 2150 1590 vacillat,
2184 1542 2276 1592 quia
2305 1541 2462 1592 paucis·
2494 1555 2496 1558 ’

1510 1609 1633 1646 simos
1661 1606 1780 1644 libros
1806 1606 1889 1655 ipse
1909 1603 2021 1652 vidit,
2051 1613 2152 1653 quos
2181 1602 2323 1651 adfert,
2353 1606 2395 1641 et
2422 1612 2457 1641 a.

1511 1669 1628 1707 4624.
1652 1671 1808 1705 tantum
1833 1663 2030 1715 quaedam
2053 1664 2331 1703 annotationes
2354 1662 2462 1712 adje-

1510 1734 1597 1768 ctae
1626 1732 1732 1766 sunt.
1764 1727 1918 1765 Interea
1950 1725 2164 1765 Salvianus
2191 1726 2311 1765 etiarn
2335 1727 2373 1763 in
2401 1725 2463 1764 Bi·

1512 1789 1730 1829 bliothecae
1766 1788 1929 1825 Patrum
1961 1787 2183 1826 translatus
2211 1791 2301 1836 est,
2329 1790 2370 1825 et
2397 1786 2462 1825 Ja-

1509 1852 1634 1890 cobus
1661 1849 1781 1889 Merlo
1811 1849 1995 1888 Horstius
2026 1847 2202 1888 eundem
2237 1849 2276 1887 in
2306 1853 2461 1899 septem

1510 1913 1634 1952 Tubis
1663 1911 1783 1950 Orbis
1812 1910 2025 1950 Christiani
2047 1910 2182 1949 Colon.
2202 1911 2305 1950 4635
2323 1910 2358 1948 4.
2378 1909 2462 1948 loco

1510 1976 1678 2025 septimo
1709 1972 1843 2011 recudi
1863 1972 1999 2023 jussit.
2030 1970 2206 2010 Tandem
2232 1970 2463 2022 Stephanus

1510 2036 1696 2074 Baluzius
1718 2033 1766 2072 ad
1797 2032 1981 2072 Codicem
2003 2031 2283 2071 Corbeiensem
2303 2036 2343 2070 et
2362 2031 2463 2070 duos

1516 2096 1767 2136 Colbertinos
1798 2095 1999 2133 recensuit
2019 2093 2255 2133 Salvianum
2281 2096 2322 2132 et
2341 2091 2464 2131 edidit

1513 2159 1633 2196 Paris.
1680 2157 1793 2196 4663.
1832 2160 1873 2194 et
1902 2155 2016 2194 4669.
2048 2155 2083 2193 8.
2121 2155 2262 2193 tertiae
2301 2153 2464 2194 editioni

1515 2219 1659 2268 adJ'ecit
1689 2218 1941 2256 vincentium
1987 2216 2247 2264 Lirinensem‚
2275 2219 2316 2254 et
2343 2225 2465 2254 anno-

1514 2282 1684 2319 tationes
1714 2281 1751 2317 in
1782 2282 2008 2328 utrumque.
2031 2278 2157 2316 Huius
2177 2280 2311 2316 autem
2327 2280 2368 2315 et
2382 2286 2466 2314 om-

1518 2335 1627 2371 nium
1658 2333 1827 2371 aliorum
1857 2334 2046 2370 annotata
2090 2328 2336 2368 recuderunt
2374 2339 2466 2368 cum

1517 2395 1702 2433 Salviano
1729 2399 1770 2432 et
1801 2393 2006 2431 Vincentio
2035 2394 2274 2431 Bremenses
2303 2401 2339 2430 a.
2362 2391 2466 2431 4688

1520 2457 1556 2494 4.
1585 2453 1732 2493 Gallice
1761 2455 1883 2493 vertit
1913 2455 1952 2492 P.
1975 2455 2193 2500 Bonnetus‚
2215 2453 2335 2492 PariS.
2364 2451 2456 2491 4704

1522 2517 1581 2555 42.
1615 2515 1777 2554 Journal
1807 2515 1878 2553 des
1908 2515 2086 2562 Scavans
2117 2514 2234 2553 4702.
2259 2524 2346 2565 pag.
2376 2514 2465 2554 299.

1520 2578 1654 2617 Libros
1678 2577 1726 2615 de
1747 2575 1995 2628 providentia
2016 2579 2056 2614 et
2076 2574 2124 2614 de
2140 2575 2305 2613 avaritia
2320 2576 2469 2614 Drouet
2511 2584 2515 2588 ·

1519 2639 1567 2678 de
1591 2639 1846 2688 Maupertuis.
1868 2637 2029 2676 Journal
2055 2635 2126 2675 des
2151 2637 2331 2677 Scavans
2351 2635 2466 2675 4702.

1519 2711 1605 2751 pag.
1633 2700 1721 2738 300.
1744 2700 1953 2738 Memoires
1977 2697 2026 2737 de
2046 2698 2230 2737 Trevoux
2254 2696 2357 2736 4702
2381 2707 2467 2748 pag.

1520 2761 1590 2800 54.
1613 2761 1729 2800 4744.
1758 2772 1844 2810 pag.
1877 2759 2232 2810 4993.=Deperdita
2261 2758 2351 2810 ejus
2374 2759 2470 2798 haec

1521 2826 1655 2860 narrat
1699 2821 1929 2859 Gennadius
1957 2820 2007 2860 de
2036 2820 2134 2859 viris
2171 2820 2314 2860 illustr.
2341 2831 2376 2860 c.
2407 2819 2470 2859 67.

1521 2883 1577 2920 De
1607 2880 1703 2920 bono
1730 2880 1978 2933 viryinitatz's
2018 2880 2066 2920 ad
2109 2881 2337 2923 Marcellum
2382 2881 2471 2920 Pre-

1521 2943 1726 2993 sbyterum
1759 2943 1824 2982 lib.
1847 2944 1910 2982 lll.
1938 2945 2009 2982 Pro
2032 2953 2170 2982 eorum
2193 2941 2394 2992 (librorum
2415 2941 2464 2981 de

1521 3003 1820 3053 gubernatione)
1861 3002 2132 3056 satisfactione
2168 3002 2217 3042 ad
2266 3003 2468 3043 Salonium
2509 3043 2511 3046 Α

1522 3064 1762 3114 Episcopum
1793 3064 1878 3102 libr.
1901 3066 1928 3102 1.
1953 3065 2233 3104 'sillemontius
2252 3069 2348 3105 tom.
2365 3063 2469 3104 XVI.

1525 3137 1607 3176 pag.
1642 3126 1726 3164 493.
1757 3130 1862 3164 recte
1888 3124 2115 3179 Apoloqiam
2130 3129 2257 3164 vocat.
2278 3126 2312 3174 a)
2338 3123 2468 3175 Expo-

1519 3265 1726 3297 iellexeruut.
1754 3265 1965 3304 Saeissacee‘o
1990 3266 2051 3297 hoc
2076 3267 2146 3298 loco
2171 3264 2256 3296 idem
2283 3265 2332 3294 est
2358 3271 2398 3296 ac
2422 3264 2475 3296 de-
