2533 4009
467 257 520 295 88
1033 251 1036 252 ’
1196 253 1739 294 MUNSINGERUS

467 328 742 378 postellanae,
785 327 1056 363 continuatam
1102 323 1241 362 deinde
1273 328 1293 363 Ξι
1337 328 1420 365 (31³.-

466 388 633 427 muno
663 388 857 427 Canonico
875 385 1320 435 Compostellano.‘Utut
1340 389 1421 427 Iau—

467 451 555 489 data
586 452 608 488 a
638 449 800 494 multis,
832 451 965 485 tamen
996 458 1016 484 a
1045 449 1204 486 nemine
1228 448 1356 488 adbuc
1382 451 1417 487 iu

468 513 596 551 lucem
627 510 824 561 publicam
857 508 1007 559 prolata
1036 513 1098 547 est
1128 509 1224 548 haec
1259 511 1419 551 historia

466 573 567 624 quod
600 573 735 610 seiani.

519 634 675 673 MDMO
706 631 838 670 itidem
854 633 1064 683 vHispanus
1079 633 1174 673 Ord.
1189 635 1324 675 Praed.
1347 636 1421 675 Ge-

465 695 640 736 neralis,
678 695 746 743 qui
793 693 884 733 inde
927 696 1148 747 Episcopus
1192 698 1422 737 Palentinus

465 763 584 807 atque
616 757 678 795 illa
710 768 868 808 quoquc
899 757 1079 808 dejectus
1109 758 1319 810 dignitate,
1348 761 1420 798 Ro-

464 831 550 857 mae
580 831 644 857 an.
669 820 784 858 4299.
817 821 852 857 in
883 820 1080 859 Coenobio
1110 822 1149 859 S.
1173 822 1340 860 Sabinae
1360 834 1420 861 re-

462 882 536 918 bus
568 881 753 920 lium-anis
784 882 985 921 valedixit.
1018 885 1084 921 llic
1109 883 1243 922 Munio
1267 886 1303 921 in
1338 886 1418 922 vita

463 946 502 981 S.
547 944 785 982 Catiiarinae
836 945 1029 983 Senensis
1075 957 1161 994 cap.
1192 946 1226 982 4.
1257 950 1351 982 tom.
1383 946 1416 982 3.

464 1005 556 1044 Act.
598 1008 778 1045 Sanctor.
811 1007 933 1056 April.
965 1008 1026 1045 30.
1058 1019 1144 1057 pag.
1175 1007 1263 1045 872.
1300 1007 1419 1044 tradi-

459 1073 525 1106 tur
555 1069 762 1107 Sororibus
791 1068 839 1106 de
871 1070 1110 1118 poenitentia
1142 1068 1178 1106 S.
1226 1070 1414 1106 Dominici

460 1132 650 1180 Regulam
684 1133 768 1169 sive
793 1129 948 1168 modum
972 1129 1132 1169 vivendi
1152 1130 1349 1182 recleqi'sse
1379 1131 1417 1169 in

461 1193 635 1243 scriptis.
1075 1219 1081 1227 .

509 1256 684 1293 ¹Ioannes
732 1254 1090 1294 MUNSINGERUS
1133 1268 1218 1293 sive
1261 1257 1417 1295 MUNT-

461 1318 708 1358 zmnzssus
738 1320 878 1356 Rector
909 1318 1074 1357 Scholae
1107 1319 1304 1357 Ulmensis
1341 1318 1414 1357 An.

460 1381 574 1419 4384.
605 1381 780 1418 oratione
811 1380 940 1419 habita
983 1385 1022 1418 et
1067 1382 1226 1431 seriptis
1269 1380 1412 1418 deinde

460 1443 619 1480 emissis
648 1441 851 1480 contendit
879 1453 1024 1492 corpus
1049 1443 1202 1481 Cllristi
1236 1443 1271 1479 in
1304 1454 1414 1481 sacra

462 1506 590 1543 Coena
625 1516 700 1542 non
731 1516 820 1543 esse
849 1505 1013 1552 DEUM,
1050 1510 1168 1555 atque
1211 1505 1296 1543 ideo
1342 1516 1414 1543 nec

460 1566 705 1605 adorandum
737 1567 963 1611 adoratione
994 1568 1141 1606 latriae.
1175 1568 1268 1606 Inde
1313 1568 1413 1605 inter

457 1635 582 1668 test-es
615 1631 800 1668 Veritatis
832 1630 980 1669 relatus
1010 1631 1031 1667 a
1064 1631 1189 1668 Flacio
1220 1642 1306 1681 pag.
1323 1630 1412 1668 907.

453 1691 544 1730 edit.
577 1693 724 1742 primae
747 1721 754 1736 .
785 1697 825 1729 et
854 1694 1004 1730 Joanne
1032 1692 1173 1729 Wollio
1199 1693 1410 1730 lectionum

454 1755 768 1793 memorabilium
802 1759 896 1791 tom.
925 1755 938 1792 4
971 1765 1056 1804 pag.
1083 1755 1171 1793 694.
1198 1755 1413 1793 Conferen-

457 1816 551 1855 dum
602 1816 798 1855 Judicium
843 1815 1128 1865 Mayi'scrorzmz
1171 1815 1408 1854 Academiae

458 1878 670 1929 l’rayensis
700 1878 748 1916 (10
793 1878 1126 1928 propositionibus
1168 1878 1405 1928 quibusdam

452 1943 498 1978 .lo
528 1941 767 1991 Munsingeri
798 1939 949 1978 editum
980 1942 1001 1978 a
1031 1941 1076 1978 V.
1105 1941 1148 1979 C.
1185 1942 1242 1979 10.
1290 1942 1409 1979 Geor-

451 2005 511 2053 gio
542 2003 799 2042 schelhornio
839 2008 932 2040 tom.
977 2003 1074 2041 VIII.
1119 2004 1405 2042 amoenitatum

456 2067 692 2105 litteriariar.
724 2078 809 2117 pag.
827 2067 867 2104 54
883 2067 915 2105 4.
933 2069 972 2103 et
987 2065 1278 2116 Mayiscrorum
1301 2064 1408 2104 Vien-

457 2128 587 2167 nensis
612 2127 849 2167 Academiae
875 2132 968 2166 tom.
1000 2129 1068 2166 XI.
1100 2140 1184 2180 pag.
1215 2128 1304 2167 222.

512 2189 721 2229 Comedus
745 2202 770 2228 α
799 2191 934 2228 MURE
953 2222 963 2238 ,
996 2201 1115 2240 supra
1146 2195 1174 2228 t.
1203 2191 1215 2228 4
1238 2190 1380 2241 11386.

508 2253 758 2291 MURENSIS
786 2252 968 2291 Coenobii
1011 2254 1047 2289 in
1093 2252 1270 2291 Helvetia
1313 2251 1404 2291 Ord.

456 2315 601 2353 Bened.
630 2314 810 2364 Origines
841 2316 942 2352 circa
971 2314 1045 2353 An.
1078 2316 1192 2354 4430.
1225 2319 1266 2352 et
1307 2315 1406 2353 Acta

455 2377 696 2415 fundationis
715 2378 750 2414 in
772 2382 878 2415 tomo
896 2377 1071 2416 secundo
1101 2378 1338 2427 scriptorum
1358 2376 1406 2414 de

453 2439 571 2477 rebus
602 2439 959 2489 Bambergensibus
991 2439 1156 2478 illustris
1200 2441 1257 2477 Jo.
1305 2439 1405 2477 Petri

451 2501 498 2539 de
531 2501 735 2552 Lndewig.
766 2514 851 2552 pag.
881 2503 972 2540 399.
1002 2513 1072 2551 seq
1105 2501 1406 2539 1014748101.

502 2564 672 2602 Joannes
696 2563 742 2602 de
761 2565 924 2611 Mfflus,
955 2563 1001 2602 (le
1022 2564 1163 2603 MURO
1180 2563 1401 2602 VALLIUM

499 2627 667 2664 Joannes
697 2625 1012 2665 MURnuoNUS.
1045 2627 1172 2676 Supra
1216 2630 1310 2664 tom.
1343 2626 1404 2664 IV.

455 2700 541 2738 pag.
566 2687 658 2726 387.
1030 2714 1031 2717 ¹

508 2750 752 2795 ML'SAEUS,
784 2751 1040 2790 Massiliensis
1069 2750 1269 2789 Ecclesiae
1301 2750 1409 2788 Pres-

454 2812 569 2861 byter
599 2812 664 2860 qui
695 2816 787 2863 ante
831 2813 874 2850 A.
920 2813 1007 2850 [164.
1052 2812 1171 2860 obiit,
1209 2812 1409 2861 excerpsit

450 2874 609 2912 hortatu
633 2873 785 2910 Venerii
818 2874 997 2923 Episcopi
1043 2874 1301 2912 Massiliensis
1339 2873 1408 2910 Le-

453 2936 595 2974 ctiones
626 2936 747 2973 totius
776 2936 867 2972 anni
901 2935 1053 2972 festivis
1095 2934 1235 2972 diebus
1265 2939 1405 2983 aptas,

453 2996 706 3049 responsoria
722 2998 840 3035 etiam
863 2997 1108 3035 Psalmorum
1128 2996 1297 3045 capitula
1311 2999 1409 3033 tem-

456 3061 613 3110 poribus
634 3064 673 3098 et
699 3060 946 3098 Lectionibus
969 3058 1239 3108 congruentia.
1261 3057 1407 3095 Deinde

456 3123 501 3159 ad
542 3122 801 3161 Eustachium
832 3122 1097 3173 Episcopum,
1129 3119 1280 3158 Venerii
1321 3130 1408 3157 suc-

457 3196 681 3234 cessorem,
721 3185 879 3235 scripsit
915 3184 1262 3222 Sacramencorum
1300 3192 1409 3231 egre—

418 3241 420 3244 ’
458 3247 564 3297 gium
594 3251 633 3283 et
663 3258 738 3284 11011
769 3258 936 3297 parvum
968 3245 1158 3284 Volumcn
1181 3274 1188 3292 ‚
1213 3248 1251 3281 et
1277 3241 1407 3280 Homi-

514 3387 546 3425 a)
570 3386 699 3418 Reeuen
723 3388 762 3418 de
784 3388 929 3418 diversas
954 3396 1135 3427 ouvrages,
1163 3388 1252 3417 Parss
1272 3384 1408 3416 1725.4.

1495 326 1580 366 lias.
1602 329 1703 366 11000
1727 328 1775 366 de
1800 340 1845 367 eo
1868 330 2099 370 Gennadius
2123 343 2156 370 c.
2183 334 2248 370 79.
2273 345 2319 372 ex
2347 333 2452 374 Gen-

1494 389 1608 427 nadio
1633 390 1825 428 Honorius
1842 391 1887 429 II.
1913 392 1974 431 78.
1995 394 2237 433 Tritbemius
2257 406 2342 446 cap.
2360 397 2448 438 472.

1492 451 1647 501 aliique.
1692 451 1773 489 Non
1815 450 1977 492 dubium
2007 460 2070 493 est
2106 467 2154 494 ex
2198 457 2449 498 Lectionibus

1496 512 1602 551 hisee
1623 517 1662 550 et
1687 513 1947 562 responsoriis
1962 518 2080 565 atque
2100 518 2445 558 Sacramentorum

1494 575 1591 614 libro
1615 574 1727 624 plura
1759 573 1873 611 hodie
1903 579 2125 625 superesse.
2157 580 2252 619 Vide
2280 580 2450 620 Mabillo-

1495 639 1602 676 nium
1630 637 1693 674 lib.
1723 637 1756 674 4.
1785 636 1833 674 de
1868 636 2023 686 liturgia
2052 638 2252 681 Gallicana
2278 653 2361 692 cap.
2387 644 2448 681 lV.

1493 698 1708 749 Josephum
1746 699 1906 737 Mariam
1948 698 2203 741 Tbomasium
2242 704 2363 754 praef.
2399 704 2448 742 ad

1494 761 1658 800 Codices
1675 761 2045 808 Sacrarnentorum,
2062 761 2189 801 editos
2206 764 2314 804 Rom.
2334 766 2449 805 4680.

1496 823 1528 859 4.
1548 827 1586 859 01
1602 824 1660 860 Jo.
1675 823 1827 861 l‘inium
1846 822 1941 861 diss.
1958 823 2006 861 de
2025 824 2448 874 LiturgiaMosarabum

1495 895 1529 932 p.
1549 884 1612 921 28.
1632 894 1715 934 seq.
1734 889 1825 922 ante
1842 888 1869 922 t.
1889 885 1951 923 VI.
1968 885 2056 923 Act.
2073 885 2254 924 Sanctor.
2283 890 2386 928 Julii.

1546 944 1830 994 MUSSATUS,
1879 946 2000 985 sudra
2042 946 2361 990 ALBERTINUS
2405 953 2447 990 T.

1495 1008 1528 1045 4.
1561 1018 1648 1057 pag.
1677 1008 1742 1046 38.

1543 1068 1715 1107 Joannes
1736 1067 1782 1106 de
1806 1069 1996 1108 MUSSIS.
2020 1070 2145 1121 Supra
2169 1075 2196 1109 t.
2219 1071 2282 1110 lv.
2303 1083 2340 1123 p.
2358 1073 2447 1113 392.

1544 1129 1802 1169 MUTIANUS
1839 1131 2137 1180 Scholasticus,
2175 1132 2246 1171 boe
2283 1137 2345 1172 est
2389 1135 2450 1173 vir

1494 1192 1658 1231 idoneus
1681 1194 1813 1232 causis
1834 1193 1998 1243 agendis
2024 1195 2060 1232 in
2087 1195 2195 1244 foro,
2223 1195 2447 1235 Cassiodori

1491 1259 1690 1305 tempore,
1722 1255 1794 1294 hoc
1825 1260 1886 1294 est
1916 1257 2019 1295 circa
2049 1257 2095 1296 A.
2126 1258 2169 1297 C.
2199 1258 2288 1297 550.
2324 1260 2449 1298 utriu—

1491 1329 1590 1367 sque
1629 1318 1784 1368 linguae
1823 1319 1961 1368 peritia
1998 1319 2156 1368 clarus,
2196 1321 2235 1358 iu
2279 1322 2444 1370 gratiam

1490 1378 1577 1427 ejus
1604 1380 1739 1417 Latine.
1765 1381 1885 1418 vertit
1913 1381 1953 1419 S.
1972 1379 2242 1431 Chrysostomi
2266 1381 2446 1422 homilias

1488 1441 1656 1479 XXXIV.
1698 1441 1737 1479 in
1767 1441 1982 1493 Epislolam
2010 1441 2064 1480 ad
2090 1441 2303 1482 Hebraeos.
2334 1442 2443 1484 Haec

1490 1504 1619 1540 versio
1661 1504 1760 1551 viri,
1786 1508 1829 1543 ut
1849 1504 1898 1542 ab
1919 1503 2056 1542 eodem
2094 1504 2326 1544 Cassiodoro
2357 1516 2442 1557 cap.

1488 1565 1587 1603 VIII.
1627 1566 1803 1603 Divinar.
1835 1568 2064 1605 Lectionum
2096 1567 2344 1618 appellatur,
2383 1568 2444 1607 di-

1489 1628 1699 1666 sertissimi
1720 1658 1728 1676 ‚
1750 1627 1934 1678 doctique
1957 1629 2124 1667 11001100
2148 1629 2293 1668 Savilio
2312 1629 2444 1679 judice

1487 1700 1532 1727 00
1561 1688 1761 1739 diligentis
1787 1691 2039 1740 interpretis,
2070 1691 2287 1730 etiamnum
2312 1695 2445 1730 exstat

1487 1761 1635 1790 excusa
1674 1750 1855 1790 Coloniae
1894 1752 2009 1791 41187.
2050 1752 2114 1790 fol.
2151 1764 2241 1792 00111
2287 1754 2444 1804 prologo

1482 1813 1645 1852 editoris
1670 1815 1753 1852 Lilii
1780 1815 1994 1854 Tifernatis
2023 1813 2070 1853 ad
2101 1815 2305 1854 Nicolaum
2336 1815 2378 1854 V.
2403 1819 2443 1854 et

1483 1874 1655 1914 homiliis
1681 1875 1961 1926 Clirysostoml
2001 1875 2050 1915 de
2084 1877 2180 1915 Jobo
2216 1882 2255 1915 et
2294 1879 2444 1928 patien-

1483 1938 1535 1976 tia
1562 1949 1631 1988 per
1654 1938 1876 1976 Johannom
1898 1936 2094 1976 Koellioef
2109 1937 2157 1976 de
2183 1938 2329 1992 Lubek.
2354 1941 2444 1978 Pro-

1483 1999 1554 2037 diit
1576 2004 1615 2038 ct
1632 2001 1767 2040 Colon.
1790 2001 1904 2040 4530.
1928 2002 1965 2039 8.
1987 2000 2091 2051 apud
2108 2001 2300 2040 Joannem
2321 2001 2443 2052 Gym—

1484 2063 1646 2108 nicum,
1685 2067 1805 2113 atque
1846 2062 1934 2101 inde
1974 2064 2123 2101 Latinis
2159 2062 2438 2114 Clirysostomi

1482 2124 1721 2164 editionibus
1754 2126 1899 2164 inserta
1931 2137 1981 2164 ex
2017 2125 2237 2176 Wolfgangi
2273 2127 2438 2166 Musculi

1482 2191 1522 2224 et
1544 2187 1707 2238 Philippi
1732 2188 1903 2226 Montani
1922 2188 2189 2238 recognitione
2206 2216 2215 2234 ‚
2232 2188 2296 2227 ubi
2317 2201 2441 2239 quan-

1481 2247 1609 2299 doque
1635 2261 1840 2300 perperam
1870 2250 2056 2289 MUTIUS
2085 2261 2153 2300 pro
2176 2251 2349 2289 Mutiano
2373 2263 2440 2302 ap-

1482 2311 1676 2361 pellatur,
1715 2311 2053 2361 quemadmodum
2091 2316 2131 2349 et
2160 2313 2196 2349 in
2229 2314 2358 2351 Huetii
2397 2314 2441 2352 li-

1481 2373 1550 2411 bro
1579 2373 1627 2412 de
1658 2374 1774 2412 elaris
1805 2374 2100 2424 interpretibus.
2139 2375 2436 2414 Consulcndum

1481 2440 1521 2473 et
1560 2437 1750 2475 Volumen
1796 2436 2074 2476 duodecimum
2107 2435 2290 2475 editionis
2319 2436 2436 2477 Grae-

1480 2510 1525 2537 co
1556 2500 1719 2537 Latinae
1742 2499 2124 2538 Montfauconianae.
2148 2497 2332 2538 Codicem
2362 2501 2439 2539 Ma-

1481 2571 1612 2599 nuscr.
1640 2561 2049 2609 [Ieilsbrunnensem,
2075 2561 2112 2598 in
2135 2570 2213 2611 quo
2239 2561 2362 2600 multa
2386 2561 2435 2600 ab

1480 2622 1597 2660 editis
1622 2622 1780 2661 diversa
1810 2624 1981 2674 reperit,
2011 2626 2205 2661 memorat
2227 2623 2287 2660 Jo.
2312 2622 2438 2662 Lude-

1480 2686 1561 2734 wig
1589 2684 1788 2724 [loekerus
1812 2686 1851 2723 in
1876 2684 2118 2724 Bibliotheca
2145 2684 2435 2723 Heilsbronensi

1482 2759 1566 2797 pag.
1598 2747 1662 2785 25.
1691 2749 1826 2797 Magna
1858 2751 1920 2785 est
1950 2744 2069 2795 liujus
2096 2745 2263 2784 Muciani
2302 2749 2437 2784 aueto-

1482 2810 1577 2846 ritas
1616 2809 1719 2858 apud
1750 2808 1970 2846 Gabrielem
2000 2806 2202 2846 Danielem
2231 2806 2264 2856 a)
2303 2811 2436 2846 aucto-

1482 2882 1563 2908 rem
1591 2869 1685 2908 diss.
1717 2870 1764 2907 de
1790 2869 1949 2918 judiciis
1977 2866 2211 2907 Criticorum
2234 2873 2274 2907 01
2296 2870 2433 2920 nuperi

1482 2932 1710 2981 interpretis
1735 2930 1871 2968 Gallici
1903 2928 2023 2980 su'per
2053 2930 2135 2968 loco
2157 2930 2433 2980 Chrysostomi

1482 2993 1638 3031 bomilia
1676 2995 1711 3030 3.
1743 2993 1779 3030 in
1810 2993 1937 3042 Epist.
1966 2991 2012 3031 ad
2045 2991 2272 3042 Hebraeos,
2313 2993 2432 3030 Paris.

1482 3055 1595 3093 4694.
1630 3055 1662 3092 [r.
1694 3055 1833 3093 Nescio
1865 3054 1968 3093 unde
1999 3054 2176 3093 hauserit
2200 3052 2432 3092 sirmondus

1481 3115 1526 3154 ad
1568 3115 1820 3166 Facundum,
1851 3128 2022 3166 eumque
2053 3119 2217 3154 secutus
2255 3115 2432 3155 Colome-

1481 3180 1564 3216 sius
1594 3178 1819 3216 Observatt.
1852 3190 1950 3217 sacr.
1982 3189 2069 3229 pag.
2098 3176 2186 3216 227.
2211 3176 2313 3228 quod
2336 3178 2432 3216 scri·

1482 3243 1558 3292 psit
1594 3253 1755 3279 versum
1790 3243 1810 3280 Ξι
1842 3241 2013 3280 Mutiano
2041 3241 2159 3279 etiam
2200 3237 2429 3292 0111980310-

1474 3388 1552 3415 tour
1576 3384 1594 3413 3
1618 3384 1781 3423 pag.602.
