2517 4009
979 166 1286 209 SOZOMENVS

105 241 214 278 Hist.
251 241 403 279 Eccles.
437 240 504 277 IV.
549 241 602 277 24
646 241 748 279 item
791 241 898 280 iiber
935 243 1085 280 contra

111 304 408 352 Gataphryqas
463 305 550 340 sive
592 305 885 343 MontanistaS.
929 305 1082 343 Auctor

103 367 398 405 Praedestinati
427 378 461 404 0.
502 367 554 405 26
585 367 649 403 86.
681 369 795 405 Adde
817 369 919 405 Lud.
941 369 1083 406 Jacobi

103 441 128 467 a
159 431 199 467 S.
232 431 380 469 Carolo
411 431 516 467 Bibl.
548 431 810 468 Pontificiam
832 443 870 479 p.
893 432 986 468 206.
1011 431 1080 468 Ol-

103 495 219 531 doini
252 494 505 531 Athenaeum
536 494 771 531 Romanum
803 506 841 541 p.
875 495 968 532 615.
1000 496 1079 532 Fa-

103 556 343 594 briciiBibl.
367 556 555 593 Graecam
578 558 791 595 Volum.V
815 570 854 606 p.
879 560 967 597 190.
993 561 1077 596 Τ11-

103 620 352 657 lemontium
383 621 494 657 tomo
528 621 578 657 II.
612 632 649 668 p.
684 621 775 659 459.

186 683 513 731 SOZOMENVS,
545 686 766 733 Presbyter
787 687 1073 733 Pistoriensis‚

103 749 176 784 sed
204 747 429 785 Florentiae
461 750 677 796 educatus,
704 750 873 796 scripsit
900 749 1076 788 Olironi-

101 819 175 848 con
203 812 255 848 ab
284 812 382 848 orbe
413 812 581 849 condito
603 813 655 849 ad
686 823 761 850 sua
792 813 999 861 tempora,
1029 814 1076 850 ut

100 875 144 911 in
174 875 402 912 Paefatione
445 877 641 922 loquitur.
694 876 869 913 Constat
915 877 1075 914 duobus

100 939 272 984 magnis
303 940 587 976 voluminibus
607 968 616 986 ‚
648 950 822 986 quorum
866 941 1074 987 posterius

99 1001 259 1037 desinit
281 1002 324 1037 in
340 1011 447 1038 anno
462 1003 513 1038 M.
531 1002 723 1039 CCXCII.
740 1004 919 1047 Quidam
933 1004 1074 1041 tamen

99 1063 316 1100 auctorem
343 1066 477 1102 serius
508 1067 683 1112 vixisse,
716 1068 766 1104 ed
797 1068 849 1104 ad
880 1068 1072 1105 Seculum

101 1127 199 1163 XVI
229 1129 476 1173 pervenisse
518 1129 778 1166 existimant.
811 1132 1073 1178 Quamquam

99 1192 316 1237 superiora
346 1194 503 1238 secula,
525 1194 677 1238 quibus
700 1195 883 1230 nondum
906 1195 1074 1240 politior

98 1254 346 1290 litteratura
368 1254 538 1291 restitui
560 1256 694 1302 caepta
719 1256 823 1303 erat,
847 1257 969 1293 stilus
1000 1267 1072 1293 au-

99 1318 226 1353 ctoris
257 1317 392 1364 sapit,
437 1319 602 1365 ipsique
647 1320 883 1357 litterarum
924 1321 1073 1357 chara-

99 1381 249 1418 cteres.
293 1381 339 1416 In
380 1381 464 1418 fine
508 1384 737 1419 voluminis
778 1385 904 1429 primi
933 1385 1074 1420 laudat

98 1445 240 1482 auctor
261 1446 573 1492 Vespasianum
595 1447 814 1484 librarium
840 1448 893 1483 iis
915 1449 1073 1494 verbis,

99 1518 190 1554 quae
220 1509 301 1545 huc
331 1510 484 1547 referre
511 1509 647 1556 Juvat.
678 1510 803 1547 Haud
833 1511 889 1556 te,
925 1511 1074 1558 Vespa-

98 1573 218 1610 siane
232 1573 433 1619 tibrarie‚
447 1573 648 1618 urbisque
662 1572 931 1609 Florentinae
946 1573 1052 1610 civis
1063 1602 1072 1619 ‚

98 1636 268 1673 silentio
291 1637 543 1683 praeterire
574 1637 619 1672 in
649 1635 778 1682 liujus
801 1637 941 1683 primi
961 1637 1074 1673 volu-

95 1698 229 1736 minis
257 1699 370 1736 calce
392 1699 499 1736 milii
523 1700 586 1736 est
615 1700 853 1736 consilium.
882 1700 1073 1746 Namque

95 1762 136 1799 si
172 1760 388 1799 Ciceronis
427 1764 674 1800 coaetaneus
694 1761 886 1808 faisses,
918 1764 956 1800 te
990 1773 1072 1810 per

87 1826 324 1872 peroptime
345 1825 519 1873 diffluum
541 1827 634 1862 suis
658 1827 805 1862 aureis
820 1827 1070 1863 litterarum

94 1889 375 1925 monumentis
407 1889 674 1936 decorasset,
706 1891 1069 1936 immortalemque

87 1951 282 1999 fecisset.
323 1951 387 1988 Tu
425 1951 619 2000 profecto
649 1954 695 1990 in
725 1953 793 1991 lico
826 1955 968 1991 nostro
999 1954 1071 1990 de-

97 2015 256 2051 teriori
267 2015 433 2051 saecuto
447 2015 696 2061 Hebraicae‚
723 2017 925 2064 Graecae,
946 2019 1070 2063 atque

95 2079 271 2114 Latinae
301 2078 564 2125 linquarum‚
598 2080 782 2116 omnium
812 2081 1069 2117 volicminum

96 2143 321 2189 diynorum
352 2143 589 2179 memoratu
610 2144 822 2189 notitiam,
847 2152 1070 2190 eorumque

97 2207 294 2243 auctores
323 2205 550 2242 memoriae
583 2206 824 2242 tradidisti.
860 2206 991 2247 Quam
1028 2207 1070 2242 ob

96 2278 186 2306 rem
217 2269 271 2306 ad
292 2269 330 2305 te
351 2269 496 2313 utique
531 2278 668 2306 omnes
703 2270 912 2306 Romanae
944 2271 1069 2316 atque

97 2332 287 2369 aliarum
327 2332 605 2369 ecclesiarum
646 2332 897 2380 Pontifices,
938 2333 1069 2380 Reqes

95 2395 336 2442 Principes,
362 2394 519 2439 aliique
540 2395 675 2430 trium
699 2395 945 2440 linquar-am
969 2404 1068 2433 eru-

96 2458 205 2505 diti,
226 2459 266 2495 si
279 2457 562 2496 humanitatis
577 2458 852 2504 coqnitionem
873 2460 1064 2505 cupiunt,

95 2530 261 2569 qressos
279 2530 374 2558 suos
395 2521 607 2567 diriqunt.
625 2521 714 2567 Effe
735 2521 875 2556 autem
897 2521 1000 2567 ipse,
1021 2523 1068 2557 ut

88 2594 171 2632 pro
199 2583 382 2621 veritate
413 2584 576 2629 loquar,
610 2583 772 2620 auxilio
802 2583 872 2619 tuo
909 2584 954 2620 in
997 2584 1067 2621 do-

97 2649 261 2685 ctorum
280 2648 474 2684 virorum
489 2646 749 2684 documentis
764 2645 811 2681 ab
825 2646 885 2682 eis
901 2647 1067 2683 relictis

89 2711 359 2758 potissimum
402 2718 506 2746 usus
549 2718 667 2746 sum:
712 2717 889 2754 qaorum
932 2711 1067 2747 multa

97 2774 203 2811 mini
231 2782 257 2810 a
286 2774 325 2810 te
356 2773 667 2816 demonstrata,
698 2781 744 2809 ac
778 2772 926 2809 deinde
963 2773 1064 2809 dili-

95 2838 244 2884 yenter
266 2836 526 2884 perquisita,
558 2835 604 2871 in
633 2835 702 2871 hoc
738 2835 881 2881 primo
924 2837 1065 2872 nostro

95 2900 300 2937 volumine
322 2898 529 2936 conserui.
553 2898 655 2934 Esto
677 2907 773 2945 erqo
794 2899 1062 2945 immortalis,

95 2963 145 2999 ut
195 2962 260 2998 ita
311 2961 498 2997 clioeerim
523 2988 533 3005 ‚
577 2961 792 2998 dummodo
845 2962 942 2999 liaec
974 2972 1064 3000 mea

96 3024 287 3070 scripta,
318 3024 427 3060 satis
468 3023 604 3069 inepte
628 3033 708 3070 pro
740 3024 940 3071 inqenioli
982 3027 1065 3062 mci

87 3085 301 3133 facultate
325 3086 522 3132 prolata,
553 3086 599 3122 tu
631 3087 757 3123 etiam
781 3088 1062 3134 permanebis.

98 3149 144 3184 In
175 3148 353 3185 secundo
383 3148 572 3193 ejusdem
605 3149 821 3186 Sozomeni
851 3151 1061 3187 volumine

96 3211 148 3247 ad
174 3209 212 3246 ’3
253 3209 485 3246 DCCCLHI
514 3211 563 3246 fit
595 3211 748 3247 mentio
781 3212 830 3248 de
872 3212 1062 3249 ι1011311113

98 3274 457 3321 Pseudopapissa;
492 3273 534 3310 et
565 3275 616 3310 ad
637 3284 792 3311 annum
814 3275 864 3311 M.
891 3275 968 3311 CC.
992 3277 1061 3312 XC

97 3337 147 3372 de
179 3337 376 3374 miraculo
408 3336 696 3383 Eucharistiae.
728 3339 834 3384 quod
856 3339 964 3384 apud
987 3340 1063 3376 Pa-

2058 170 2136 208 495

1158 241 1283 278 risios
1313 237 1477 275 evenit:
1509 239 1580 276 ubi
1610 239 1779 276 Judaeus
1809 241 1977 287 quidam
2013 249 2134 294 pepi-

1158 304 1224 351 git
1254 313 1348 339 cum
1379 303 1538 339 femina
1569 303 1810 341 Christiana
1834 333 1843 351 ,
1892 306 1940 343 ut
1989 310 2042 346 ad
2087 321 2131 348 se

1155 377 1303 414 corpus
1336 366 1494 403 Christi
1525 367 1719 414 deferret,
1751 370 1858 415 quod
1889 371 1932 407 in
1958 371 2132 411 ferven—

1155 431 1241 468 tem
1273 440 1422 477 aquam
1454 430 1642 477 projecit.
1665 432 1763 468 Haeo
1784 434 2050 473 Mabillonius
2084 439 2128 474 in

1156 495 1310 531 Itinere
1342 495 1484 532 Italico
1516 505 1554 541 p.
1590 493 1667 531 172
1690 497 1759 542 qui
1780 497 1888 532 hunc
1912 498 2130 538 Sozomeni

1155 558 1349 594 Codicem
1380 560 1423 594 in
1453 558 1709 595 bibliotheca
1750 560 1941 597 Abbatiae
1984 562 2129 600 Faesu-

1153 622 1260 657 lanae
1310 621 1498 657 invenit.
1552 621 1752 664 Quamvis
1797 625 1939 661 autem
1975 627 2130 664 citetur

1153 683 1405 719 Sozomenus
1437 685 1481 719 in
1523 686 1745 721 annalibus
1786 688 2003 726 Ptolemaei
2045 692 2130 728 Lu-

1149 748 1287 782 censis
1303 747 1355 782 ad
1369 756 1520 783 annum
1539 748 1643 784 1154
1658 749 1700 785 et
1720 751 1817 786 inde
1843 753 2009 789 Vossius
2031 764 2127 791 cum

1152 809 1287 846 Caveo
1318 820 1415 846 eum
1446 821 1481 846 3.
1516 811 1621 848 1290
1655 814 1811 850 vixisse
1834 816 2029 865 tradant,
2061 819 2126 856 ta-

1150 883 1247 909 men
1269 875 1342 910 1113
1363 875 1515 911 lacinia
1537 875 1839 914 recentioribus
1862 879 2123 926 temporibus

1149 937 1310 974 inserta
1331 939 1409 974 est.
1430 939 1535 975 Nam
1554 940 1806 977 Sozomenus
1828 952 1936 979 anno
1959 946 2126 982 circiter

1152 1000 1256 1037 1430
1289 1002 1394 1038 vixit
1425 1002 1468 1038 et
1499 1004 1685 1050 scripsit,
1717 1006 1839 1050 prout
1870 1008 2012 1045 monet
2036 1011 2124 1045 Mu-

1148 1065 1330 1101 ratorius
1359 1062 1472 1114 pom.
1517 1066 1588 1102 XI.
1622 1067 1661 1103 S.
1694 1069 1740 1103 R.
1786 1069 1878 1106 Ital.
1921 1082 1959 1118 p.
2006 1072 2122 1110 1247.

1147 1126 1276 1163 Natus
1308 1129 1422 1164 enim
1454 1129 1520 1165 est
1550 1129 1759 1177 Pistoriae,
1782 1132 1895 1169 filius
1918 1135 2122 1174 Bonifacii

1151 1190 1367 1227 Sozomeni
1388 1192 1553 1229 circiter
1575 1203 1610 1229 a.
1636 1194 1742 1231 1407
1763 1196 1805 1231 et
1836 1198 2122 1247 sequentibus,

1149 1253 1371 1292 Florentiae
1387 1256 1525 1292 literis
1547 1258 1750 1304 incubuit,
1772 1259 1852 1295 fuit
1874 1261 2021 1299 deinde
2045 1263 2123 1299 Ca-

1147 1318 1321 1354 nonicus
1344 1320 1386 1354 in
1409 1319 1563 1366 patria,
1586 1320 1776 1357 interfuit
1798 1322 1981 1360 Concilio
2014 1325 2122 1362 Con-

1148 1381 1389 1429 stantiensi,
1412 1383 1454 1419 et
1477 1384 1644 1420 demum
1667 1394 1703 1419 3.
1730 1385 1836 1421 1458
1858 1387 1975 1423 obiit.
2010 1389 2122 1426 Scri-

1148 1443 1234 1491 psit
1270 1443 1501 1483 C'lironicon
1532 1449 1774 1486 universale
1796 1459 1821 1485 a
1842 1452 1993 1488 munao
2024 1462 2122 1490 con-

1150 1509 1236 1546 dito
1257 1509 1311 1546 ad
1330 1518 1409 1546 sua
1431 1510 1636 1558 tempora⁷
1659 1512 1768 1557 quod
1788 1522 1882 1549 vero
1904 1515 2120 1562 integrum

1148 1574 1236 1609 luce
1258 1573 1439 1620 dignum
1462 1584 1545 1610 non
1562 1574 1788 1621 judicatur,
1811 1578 1909 1622 quia
1930 1588 2012 1614 non
2034 1581 2122 1616 nisi

1148 1638 1343 1682 vulgaria
1381 1637 1594 1684 continet,
1627 1638 1669 1675 et
1699 1639 1742 1674 in
1787 1640 1986 1687 reliquis,
2029 1653 2120 1690 quae

1146 1702 1263 1737 bonae
1293 1701 1430 1748 frugis
1453 1702 1564 1747 sunt,
1590 1703 1791 1738 Joannem
1815 1703 1856 1739 et
1877 1704 2122 1743 Matthaeum

1148 1765 1351 1811 Villanos‚
1384 1766 1454 1811 qui
1484 1766 1634 1811 lingua
1664 1765 1811 1802 Italica
1842 1769 2118 1817 scripserunt,

1146 1828 1187 1865 et
1208 1827 1334 1865 tomis
1365 1829 1705 1866 antecedentibus
1728 1840 1751 1865 3
1774 1830 1996 1867 Muratorio
2017 1834 2120 1870 editi

1144 1891 1329 1938 fuerant⁷
1359 1892 1471 1928 totos
1507 1893 1742 1939 descripsit.
1778 1895 1883 1929 Hinc
1926 1897 2119 1933 laudatus

1142 1955 1391 1991 Muratorius
1420 1965 1504 1991 non
1533 1957 1617 1992 nisi
1645 1957 1868 2004 Spectmen
1900 1959 2118 1998 Historiae

1148 2018 1366 2056 Sozomeni
1385 2019 1515 2055 edidit
1545 2021 1595 2056 ab
1616 2030 1723 2055 anno
1750 2019 1985 2057 1362-1410
2015 2023 2116 2061 tom.

1144 2083 1273 2118 XVII.
1307 2083 1345 2119 S.
1378 2084 1425 2118 R.
1458 2083 1548 2120 Ital.
1579 2094 1617 2130 p.
1654 2082 1774 2120 1057.
1812 2085 1952 2130 Neque
1994 2085 2117 2122 stilus

1143 2146 1234 2191 ejus
1264 2157 1518 2193 magnopere
1550 2157 1593 2184 se
1624 2149 1904 2195 commendat,
1928 2150 2000 2185 sed
2022 2150 2118 2186 bar-

1143 2209 1267 2245 barus
1300 2210 1377 2255 est,
1410 2211 1461 2246 ab
1491 2211 1637 2246 amicis
1667 2210 1813 2247 tamen
1845 2212 1952 2249 forte
1973 2223 2118 2250 emen-

1143 2272 1265 2308 datus
1283 2302 1292 2319 ,
1322 2273 1431 2319 quod
1463 2272 1504 2309 et
1534 2274 1577 2308 in
1606 2273 1784 2319 epistola
1815 2275 1865 2310 ad
1895 2276 2113 2312 librarium

1143 2335 1375 2381 contigisse
1409 2337 1619 2382 probabile
1650 2336 1727 2371 est.
1758 2337 1872 2372 Adde
1904 2336 2111 2374 Oudinum

1144 2401 1255 2437 tomo
1288 2399 1359 2435 III.
1392 2412 1431 2447 p.
1464 2398 1556 2435 795.

1225 2452 1386 2492 *Multo
1408 2455 1584 2491 certiora
1595 2455 1644 2491 de
1664 2456 1750 2491 viro
1771 2454 1848 2490 hoc
1869 2454 2111 2492 doctissimo

1143 2519 1240 2555 dare
1270 2528 1379 2554 nunc
1408 2518 1515 2554 mihi
1545 2518 1643 2554 licet
1668 2528 1718 2563 ex
1738 2518 1841 2554 Bibl.
1866 2519 2111 2555 pistoriensi

1142 2582 1222 2617 viri
1264 2581 1497 2618 doctissimi
1538 2580 1749 2617 Francisci
1781 2582 1876 2617 Ant.
1913 2582 2110 2619 Zacharia

1142 2644 1210 2680 lib.
1246 2643 1281 2678 1.
1313 2654 1350 2689 p.
1384 2643 1454 2678 III.
1497 2653 1593 2689 pag.
1626 2644 1689 2681 29.
1719 2643 1848 2681 Natus
1880 2644 1944 2681 est
1976 2646 2110 2691 igitur

1143 2707 1390 2743 Sozomenus
1421 2706 1588 2743 Pistorii
1630 2718 1694 2743 an.
1742 2706 1861 2744 1387.
1900 2708 2109 2745 Constan-

1138 2770 1267 2807 tiensi
1298 2770 1479 2807 Concilio
1499 2771 1703 2808 interfuit.
1728 2771 1831 2807 Tum
1857 2771 2108 2808 Canonicatu

1140 2835 1183 2870 in
1218 2835 1403 2871 Ecclesia
1445 2835 1594 2880 majori
1636 2834 1883 2870 pistoriensi
1924 2834 2106 2881 potitus,

1139 2898 1195 2934 ibi
1225 2897 1396 2934 tandem
1427 2908 1492 2934 an.
1526 2898 1631 2934 1458
1651 2898 1768 2934 obiit.
1791 2898 2018 2934 Historiam
2039 2897 2106 2934 1110

1138 2960 1362 2997 indicatam
1379 2962 1561 3007 scripsit,
1577 2971 1698 3007 quarn
1716 2961 1954 3007 perduxisse
1978 2970 2105 3007 usquc

1140 3023 1192 3059 ad
1221 3033 1284 3059 an.
1319 3023 1422 3059 1455
1452 3024 1560 3059 idem
1592 3025 1655 3059 vir
1698 3024 1966 3059 doctissimus
2010 3033 2104 3069 pro-

1135 3086 1270 3122 ductis
1300 3086 1480 3122 testibus
1523 3085 1718 3122 affirmat.
1764 3087 1918 3131 Reipsa
1960 3086 2104 3123 tamen

1138 3150 1286 3186 nullibi
1316 3149 1526 3186 invenitur
1556 3149 1687 3185 codex
1709 3149 1789 3184 MS.
1811 3150 2006 3185 Historiae
2031 3149 2104 3185 So-

1137 3214 1296 3249 zomeni
1338 3213 1389 3248 ad
1431 3221 1560 3258 usque
1591 3221 1685 3248 eum
1717 3221 1873 3247 annum
1903 3212 2101 3248 deductae.

1137 3276 1233 3319 Quae
1256 3276 1450 3322 vulgavit
1470 3275 1718 3311 Muratorius
1740 3274 1982 3321 fragmenta
2004 3276 2102 3312 sunt

1136 3338 1327 3375 Historia*
1369 3339 1554 3376 ciusdem
1587 3338 1801 3375 sozomeni
1845 3339 1896 3376 ad
1946 3348 2101 3377 annum
