2517 4009
628 214 663 253 J.
713 214 951 262 ANTIQ.
1006 214 1429 254 EPISTOLAE

49 285 284 326 maritimam
333 286 558 325 civitatem:
602 287 670 327 sed
715 299 855 327 omnes
897 292 998 329 iuter

46 349 224 399 Illyricas
259 354 374 396 terra,
420 353 598 401 marique.
625 353 845 403 primariuS,
878 367 995 394 unam

48 413 149 451 iuter
177 414 319 463 quinas
361 413 605 463 Epidaurum
651 416 891 467 descriptam
935 430 997 456 co-

46 476 259 524 gnovimus
307 475 518 515 habentem
568 478 615 515 ab
664 479 878 518 Occidente
931 493 1000 530 per

48 538 330 589 longitudinem
353 538 499 584 gradus
515 541 647 579 XLIV.
670 536 727 589 Ἄ,
748 542 996 582 latitudinem

48 601 148 639 Vero
173 600 220 640 ab
244 600 539 652 AEquinoctiali
568 604 604 641 iu
648 605 811 643 Arctum
852 605 999 656 gradus

52 663 195 710 XLIL,
220 667 260 700 et
281 664 436 702 tertiam
464 665 610 713 gradus
635 672 798 714 partem,
817 679 934 718 quam
961 672 1000 706 et

51 725 218 765 Auneus
239 727 322 776 ipse
349 727 532 767 Lucanus
557 729 685 767 civilia
706 731 806 768 iuter
821 730 917 769 bella
938 742 1001 769 ce-

54 789 216 827 cinerat.

80 850 216 904 Illyris
232 852 368 891 Jom'as
384 864 548 905 verqens
567 853 793 906 Epidaurus
810 854 846 893 i‘n
862 855 1001 896 undas.

105 915 231 962 Quam
283 914 443 955 demum
498 919 811 956 vetustissimam
857 920 1002 958 Civita-

52 981 146 1023 tem,
185 988 205 1016 a
244 980 412 1028 posteris
446 981 547 1030 apud
587 980 790 1019 Rhisinum
813 981 999 1031 oppidum

56 1039 337 1080 duodenariam
368 1043 514 1092 gradus
542 1049 692 1094 partem
725 1045 1001 1084 australiorem

55 1106 277 1142 vestratum
302 1104 338 1141 in
365 1104 566 1144 Coloniam
595 1105 821 1152 deductam,
847 1107 1003 1157 Rliagu-

52 1165 154 1204 sium
178 1172 448 1216 nuncupatam
480 1169 746 1219 percepimus.
782 1169 889 1216 Quae
915 1171 1002 1221 qui-

52 1226 142 1266 dem
175 1227 415 1269 nobilissima
446 1231 540 1270 urbs
568 1243 708 1283 magna
749 1243 911 1271 suorum
944 1232 1004 1271 Ci-

53 1290 162 1329 vium
189 1291 394 1341 probitate,
432 1294 604 1342 solertia,
647 1306 754 1341 cura,
796 1295 1003 1342 industria,

51 1357 92 1391 et
110 1355 264 1404 egregia
289 1366 379 1395 cum
406 1357 549 1396 virtute
577 1359 611 1396 in
639 1358 723 1396 dies
745 1358 908 1397 mirifice
934 1370 1003 1397 au-

50 1420 125 1466 cta,
152 1428 228 1455 una
254 1428 394 1457 omnes
426 1420 527 1457 inter
559 1421 748 1471 illyricas,
788 1422 1005 1470 praeclara,

52 1483 92 1517 et
117 1479 340 1530 politiarum
364 1483 525 1532 optima,
552 1483 754 1530 nobilium,
782 1486 820 1520 et
837 1485 1003 1532 optimo-

55 1553 142 1581 rum
161 1541 364 1582 homnium
384 1549 582 1594 potestare
602 1546 840 1596 municipali,
867 1550 905 1583 et
922 1545 1007 1584 Ari-

55 1606 262 1645 stocratica
294 1606 474 1646 libertate
522 1608 646 1647 floret.
693 1609 879 1659 Reliquae
912 1621 1004 1647 vero

56 1672 126 1709 aut
154 1668 349 1718 collapsae
381 1671 549 1719 penitus,
581 1675 623 1708 et
645 1673 804 1708 omniuo
839 1671 1006 1717 deletae,

60 1735 130 1770 aut
167 1732 330 1783 Regum,
377 1734 709 1773 Potentatuumve
740 1733 899 1783 ditione,
936 1739 1004 1772 aut

55 1796 290 1846 Tyrannica‚
320 1799 359 1833 et
385 1796 582 1835 barbarica
611 1796 790 1835 feritatae
814 1796 1002 1835 subactae

56 1864 162 1899 sunt.
187 1860 271 1906 Qua
296 1859 455 1909 quidem
484 1861 518 1897 in
540 1871 580 1897 re
607 1864 737 1899 nostra
763 1872 852 1899 cum
881 1861 1008 1900 Anco-

58 1934 107 1961 ne
128 1921 279 1961 tamdiu
304 1922 500 1962 liberrima
527 1922 711 1971 Civitate,
737 1928 816 1962 tam
846 1923 1004 1973 dignam

59 1985 203 2024 habere.
218 1985 548 2030 conformitatem,
571 1990 842 2037 optimamque.
865 1990 1008 2038 parita-

57 2054 152 2096 tem,
171 2049 488 2089 luculentissime
502 2049 685 2095 didicisti,
701 2056 876 2101 optume,
899 2063 1008 2102 prae,-

61 2113 363 2163 clarissimeque
397 2113 560 2151 Marine.
601 2113 699 2151 lnite
741 2115 859 2163 igitur
898 2114 1011 2153 bonis

59 2177 201 2218 avibus
221 2180 301 2215 tam
331 2175 477 2215 decens
501 2176 699 2223 idoneum,
730 2182 769 2215 et
800 2177 1010 2216 honestum

60 2239 247 2278 nobilium
279 2238 510 2286 Civitatum⁷
541 2244 580 2278 et
610 2241 788 2289 gentium
812 2245 1013 2279 utrarum-

60 2313 137 2353 que
158 2302 429 2342 felicissimum
454 2301 604 2341 faedus.

111 2364 170 2404 Ad
196 2364 336 2404 Iduum
367 2365 470 2403 Junii
503 2365 693 2411 faustum,
720 2364 1014 2404 felicissimum·

61 2439 138 2480 que
162 2426 279 2474 diem,
310 2427 381 2466 boc
412 2428 513 2464 inter
542 2426 822 2475 Anconitauos,
849 2433 888 2465 et
913 2428 1012 2466 Rha-

61 2501 229 2542 gusaeos
273 2500 416 2529 novum
461 2489 574 2529 fedus
617 2491 771 2536 initum,
816 2495 1013 2541 vetusque

62 2555 261 2595 firmatum
293 2558 380 2592 est:
416 2554 559 2592 Marino
603 2554 719 2592 Resto
763 2555 1013 2603 Rgagusaeo-

65 2631 152 2659 rum
172 2618 335 2658 Oratore.
363 2618 454 2657 Viro
476 2617 532 2657 Cl.
557 2629 719 2656 suorum
752 2619 788 2655 in
813 2617 884 2655 bac
907 2622 1014 2666 parte

64 2684 219 2733 Legato,
248 2686 288 2720 et
318 2681 435 2722 Paulo
468 2680 668 2731 Polydoro,
700 2679 855 2719 Nicolao
884 2682 1012 2719 Bona-

64 2745 172 2795 reno,
202 2749 243 2784 et
271 2745 439 2796 Kyriaco
461 2743 688 2783 Picenicolle
717 2742 1013 2792 regulatoribus‚

64 2821 136 2850 nec
161 2821 235 2848 non
266 2819 402 2848 eorum
427 2807 474 2845 dc
502 2807 668 2856 Collegis
693 2806 885 2844 Piliaresio
912 2807 1015 2844 Pisa-

66 2872 180 2919 ner,
203 2871 403 2922 Stephano
433 2871 582 2917 Fatat0,
612 2873 652 2908 ct
681 2868 850 2907 Antonio
875 2869 1013 2908 Bet-tu-

63 2933 123 2976 cio'
173 2933 237 2974 Vt.
280 2935 358 2974 Vir.
404 2933 737 2973 Anconitanorum
780 2932 1012 2970 auctoritate

66 2999 238 3039 Senatus
265 2998 436 3049 egregiis
466 2996 629 3047 hujusce
655 2995 708 3033 rei
731 2994 1010 3042 Comuiisarits,

65 3061 112 3102 ad
151 3061 326 3102 futurum
374 3071 500 3111 usque
545 3059 777 3109 vigesimum
825 3057 1013 3105 temporis

66 3135 213 3163 annum
234 3123 481 3163 duraturum·
503 3123 543 3161 In
571 3132 647 3171 quo
673 3119 766 3156 liaeo
793 3118 884 3165 fere,
902 3128 1015 3156 sum-

68 3187 284 3238 matimque
311 3184 596 3238 comprehensa
625 3186 730 3221 suut.

1949 217 2024 256 olt3

1463 287 1630 327 Sanctio.

1125 415 1217 461 Pax,
1246 414 1428 460 amicitia,
1458 417 1497 452 et
1526 413 1799 453 benevolentia
1830 419 1916 454 esto
1962 427 2028 467 po-

1073 476 1163 527 pulo
1193 477 1448 523 Anconitano‚
1481 477 1690 527 sociisque.
1727 477 1824 516 Item
1868 478 2026 530 Rhagu-

1073 540 1186 586 saeis7
1219 539 1413 589 sociisque
1446 540 1552 578 suis:
1587 540 1765 590 Itemque
1797 551 1864 590 per
1893 543 2024 582 omnia

1073 602 1393 650 Rhagusaeorum
1413 603 1544 648 maria,
1564 608 1711 652 portuS,
1736 607 1775 640 et
1799 603 1927 642 littora
1947 605 2029 643 An-

1072 665 1277 710 contrariis,
1304 665 1498 714 sociisque
1526 670 1769 704 mercaturae
1794 667 1930 716 gratia,
1959 667 2026 706 bo-

1076 728 1251 765 nestisve
1273 726 1320 763 de
1343 728 1474 766 causis
1499 728 1682 776 navigare
1713 728 1843 776 licere,
1874 740 2030 769 eorum·

1075 801 1150 839 que
1182 790 1334 838 navigia
1353 790 1435 827 suis
1454 790 1488 826 in
1507 789 1730 841 quibusque
1749 791 1842 829 locis
1864 792 2025 843 impune

1075 856 1343 902 pernoctanto,
1389 862 1488 902 quae
1533 853 1606 890 etsi
1654 864 1728 890 non
1775 855 2025 894 exonerando

1077 926 1229 952 merces
1258 914 1436 963 abierint,
1467 915 1698 954 immunitas
1727 921 1825 962 esto,
1851 916 2026 970 nihilque

1075 978 1271 1016 solvunto.

1127 1039 1277 1077 Eodem
1310 1040 1441 1090 itaque
1473 1051 1579 1079 mare
1599 1040 1858 1091 Rhagusacis,
1877 1054 2033 1084 eorum·

1076 1113 1152 1152 que
1192 1103 1307 1140 sociis
1351 1107 1482 1141 nostra
1528 1115 1596 1153 per
1641 1105 1776 1152 maria,
1824 1105 2033 1156 littoraque

1078 1164 1215 1202 iisdem
1250 1163 1426 1202 honestis
1455 1164 1502 1203 de
1527 1166 1659 1205 causis
1685 1167 1870 1218 navigare
1898 1170 2033 1220 utique

1077 1227 1203 1273 liceat,
1236 1227 1396 1277 perinde
1426 1239 1469 1267 ac
1501 1229 1652 1268 licebat.
1692 1230 1769 1268 Hoc
1811 1230 1879 1268 sed
1923 1233 2030 1271 enim

1079 1291 1286 1339 praecipue
1318 1302 1439 1328 unum
1471 1302 1572 1328 novo
1603 1291 1674 1329 boc
1707 1293 1742 1329 in
1769 1291 1899 1331 federe
1924 1293 2032 1332 adili-

1079 1356 1179 1395 tum‚
1209 1357 1247 1390 ct
1277 1352 1479 1391 decretum
1511 1359 1584 1403 est,
1615 1354 1719 1405 quod
1762 1357 1891 1394 omnia
1933 1357 2034 1396 Rha-

1079 1425 1314 1463 gusaeorum
1349 1415 1513 1466 naiigia‚
1544 1428 1645 1466 quae
1677 1428 1726 1455 ex
1756 1429 1913 1468 quaque
1944 1419 2034 1470 llly-

1081 1477 1148 1514 rici
1178 1478 1290 1515 sinus
1320 1483 1443 1528 parte,
1476 1478 1769 1528 quomodolibet
1808 1481 1913 1519 intus
1957 1481 2035 1520 An-

1081 1540 1252 1578 conitaui
1291 1546 1426 1590 portus
1478 1541 1622 1580 limites
1665 1543 1923 1593 applicuerint
1967 1556 2035 1595 pio

1080 1603 1254 1654 qualibet
1298 1604 1334 1641 in
1380 1604 1534 1654 illyrico
1582 1611 1854 1656 perceptarum
1903 1619 2035 1647 rerum

1080 1671 1246 1704 centena
1277 1667 1492 1705 existimati
1532 1667 1674 1706 valoris
1719 1680 1856 1708 aurem
1899 1682 2036 1718 unum,

1081 1739 1125 1767 ae
1154 1734 1236 1767 tres
1265 1734 1430 1768 octavas
1459 1731 1566 1769 aurei
1598 1736 1730 1781 partes
1768 1743 1835 1783 pro
1878 1732 2035 1773 dubana

1082 1791 1235 1842 publico
1265 1792 1535 1832 Anconitanae
1565 1794 1745 1833 Civitatis
1774 1797 1922 1834 aerario
1954 1808 2040 1848 per-

1081 1854 1278 1893 solvunto.

1134 1918 1340 1968 Exemplis
1391 1918 1571 1970 quidem,
1628 1921 1865 1971 penitusque
1918 1921 2036 1961 libere

1083 1982 1348 2032 praeservatis
1394 1992 1501 2026 auro,
1552 1987 1738 2033 argento,
1793 1985 2038 2034 margaritiS,

1084 2045 1344 2094 pretiosisque
1368 2044 1613 2082 omnifariam
1652 2046 1833 2095 gemmis.
1871 2047 1911 2084 ln
1953 2057 2040 2085 cae—

1085 2108 1179 2146 teris
1211 2118 1303 2145 veio
1332 2106 1417 2145 aliis
1449 2108 1556 2156 prius
1592 2113 1800 2154 conventa,
1846 2109 2043 2149 invetera-

1085 2174 1203 2220 taque
1233 2170 1397 2220 antiqui,
1430 2170 1726 2220 intermissique
1756 2170 1900 2210 federis
1925 2177 2038 2224 pacta

1089 2237 1291 2271 servanto.

1139 2297 1211 2342 Qui
1245 2307 1337 2334 vero
1376 2295 1569 2335 adversus
1614 2294 1781 2345 hujusce
1827 2301 2037 2348 praecepta

1088 2359 1201 2406 ierit,
1233 2370 1401 2397 secusve
1447 2359 1567 2406 laxit,
1614 2358 1719 2397 mille
1760 2361 1891 2398 aureis
1937 2371 2036 2411 pena

1089 2421 1318 2461 mulctanto.

1142 2483 1197 2521 Sit
1229 2485 1346 2534 igitur
1377 2483 1479 2532 felix,
1507 2484 1696 2532 faustum,
1721 2489 1761 2523 et
1781 2484 1939 2524 beatum
1968 2485 2040 2524 boc

1091 2544 1244 2593 ipsum,
1291 2555 1457 2592 recens,
1502 2544 1785 2592 emendatum,
1832 2544 2040 2584 confirma-

1089 2611 1173 2645 tum
1192 2635 1201 2651 ‚
1233 2607 1605 2658 homologatumque
1631 2607 1767 2654 sedus,
1792 2608 2035 2647 Beatissimis

1088 2669 1384 2719 auspicantibus
1414 2670 1652 2721 Martyribus
1672 2701 1681 2716 ‚
1711 2677 1750 2710 et
1786 2671 2039 2712 Pontificibus

1089 2733 1234 2772 nostris
1264 2734 1458 2784 Kyriaco,
1488 2740 1607 2784 atque
1637 2735 1763 2773 Blasio
1794 2734 2038 2786 publicarum

1088 2809 1220 2837 rerum
1258 2797 1463 2836 ambarum
1509 2797 1794 2849 protectoribus
1836 2797 2040 2848 optumis,

1086 2867 1126 2900 et
1155 2863 1339 2913 patronis.
1370 2861 1543 2912 Aliisque
1570 2859 1804 2910 juvantibus
1837 2864 2033 2899 utrarum-

1085 2937 1161 2975 que
1202 2926 1415 2964 Civitatum
1458 2925 1565 2962 Divis
1603 2923 1738 2971 almis,
1770 2923 2036 2973 piissimisque

1086 2988 1330 3028 Numinibus.
1376 2988 1568 3026 Exactuin
1600 2986 1782 3025 Anconae
1812 2985 1915 3024 xlii.
1951 2982 2036 3023 Kal.

1087 3051 1294 3098 Quintiles.
1324 3050 1486 3102 Eugenii
1518 3051 1642 3100 Papae
1670 3059 1773 3087 anno
1805 3046 1853 3085 Χ.
1884 3047 1935 3097 (1)

1165 3387 1211 3423 (t)
1233 3384 1334 3416 Anno
1357 3384 1479 3416 Christi
1507 3387 1597 3416 ¹4⁴0.
