2533 4009
447 168 524 203 510

446 238 576 272 niam,
609 235 746 270 Libros
779 231 844 265 111.
887 230 934 266 cle
974 228 1103 275 qestis
1145 227 1387 273 Anylornm,

446 298 512 341 «μη
544 286 763 341 ameum.-
806 288 1006 326 habentur
1058 288 1097 322 in
1148 287 1386 323 collectione

444 360 690 403 Scriptorum
721 353 988 396 anglicorum
1031 349 1383 393 Heidelbergensi,

444 421 577 453 nostro
619 415 757 451 tribuit
788 413 970 447 oudinus
999 411 1110 445 tomo
1146 409 1194 444 11.
1227 420 1264 455 p.
1295 409 1387 444 870.

444 480 514 513 lim·
547 480 742 524 111-1111111111
773 477 932 511 ratione
963 474 1181 517 adductus,
1213 473 1309 518 quia
1338 472 1389 508 li—

443 539 509 572 bro
541 537 607 571 111.
639 548 670 572 c.
701 537 764 572 27.
797 535 940 570 horum
972 534 1204 578 temporum
1238 533 1382 568 meini-

441 599 514 636 uit.
546 608 633 642 Qum
665 598 741 642 ipsi
773 595 1078 631 adtribuuntur.

497 660 508 671 '
537 662 733 694 Auctores
755 659 858 693 Hist.
883 658 1077 693 litei-ariae
1117 656 1283 692 Gallicae
1317 667 1387 692 no—

444 722 529 755 tant
560 721 709 756 obiisse
754 720 985 755 Suliurdum
1026 721 1134 756 circa
1174 729 1238 755 an.
1273 720 1388 755 1160.

440 785 511 816 vel.
546 785 663 827 paulo
691 784 828 818 citius.
855 783 1035 818 Addunt.
1059 783 1234 828 pai-ider.
1262 792 1386 828 supe-

441 854 547 879 resse
579 847 618 880 in
649 846 725 880 ci..
760 845 868 880 MSS.
891 846 1041 891 111-11161
1061 855 1108 880 ca
1129 855 1217 890 quie
1240 844 1305 880 llic
1325 845 1389 880 in-

438 907 626 944 dicantur
677 910 789 944 varia
819 909 943 944 etiam
985 910 1177 953 opuscula
1217 917 1388 953 quorum

436 969 544 1003 tituli
576 979 653 1005 non
686 971 929 1006 reseruntur.
965 971 1023 1005 Ex
1066 971 1156 1016 eJus
1197 971 1388 1006 chronico

436 1031 718 1076 fragmentum
749 1033 951 1078 quoddam
996 1033 1214 1078 vulg-atum
1255 1032 1319 1067 est
1348 1033 1390 1067 111

442 1094 659 1129 §lonastico
691 1097 922 1142 Anglicano
954 1096 996 1129 T.
1030 1095 1057 1129 Ι.
1089 1105 1186 1140 pag.
1210 1094 1273 1130 57.
1297 1094 1359 1130 58.

490 1157 742 1200 SULPICIA,
764 1158 925 1193 Poetria
947 1158 1072 1193 seculi
1095 1158 1252 1200 incerti,
1268 1157 1387 1202 cujus

440 1218 597 1264 Satyra
617 1220 788 1255 eruditis
810 1229 887 1256 11011
909 1220 1121 1264 incognita
1141 1218 1218 1254 est.
1234 1218 1291 1254 De
1315 1219 1390 1254 hac

440 1280 528 1314 vido
572 1282 661 1325 post
703 1283 805 1317 alios
858 1281 1153 1317 Bibliotliecam
1196 1282 1388 1317 Latinam

443 1340 613 1378 Fabricii
646 1343 791 1386 nostri,
821 1343 891 1378 sed
922 1343 1071 1378 collato
1104 1342 1262 1388 Indice,
1295 1352 1392 1378 nam

434 1405 570 1439 omnis
622 1406 670 1439 de
712 1406 783 1441 illa
831 1405 1005 1450 sparsim
1056 1405 1236 1440 adduxit.
1289 1405 1391 1440 Illud

431 1466 517 1509 jam
548 1467 667 1511 adde,
703 1466 903 1503 Carmina
934 1468 1043 1502 illius
1065 1467 1152 1502 XX.
1176 1477 1269 1503 cum
1290 1468 1392 1505 Gre-

438 1528 543 1572 gorii
595 1528 788 1573 'l'iplierni
829 1530 870 1564 ct
921 1529 1093 1564 aliorum
1136 1529 1391 1574 poematibus

445 1590 641 1633 prodiisse
664 1591 931 1634 Argentorati
956 1601 1024 1636 pcr
1045 1590 1243 1627 Thomam
1261 1592 1390 1627 Schu-

438 1652 588 1685 rcrium
625 1651 738 1687 1509.
771 1654 806 1687 4.

491 1720 757 1756 SULPICIUS
781 1722 1040 1759 Aleaeancler:
1065 1723 1156 1759 vide
1170 1733 1291 1769 supra
1314 1725 1392 1760 To-

439 1792 501 1818 mo
533 1783 560 1817 1.
593 1794 628 1829 p.
663 1784 725 1819 03.

487 1844 759 1880 SULPICIUS
792 1846 894 1882 Pius
935 1848 1194 1893 cognomine,
1236 1848 1389 1884 Vatani

439 1906 476 1939 in
505 1906 668 1941 diu-cesi
692 1906 932 1943 Bituricensi
954 1910 1088 1953 uatus,
1112 1909 1204 1954 post
1224 1911 1388 1946 ordines

442 1966 654 2003 inferiores
699 1969 890 2004 Ecclesizc
932 1970 1109 2006 laudatae
1162 1971 1387 2017 Episcopus

437 2039 471 2062 11.
503 2029 591 2065 024.
623 2033 808 2067 mortuus
839 2033 927 2068 644.
960 2033 1135 2068 Exstant
1165 2035 1254 2079 ejus
1286 2036 1388 2082 Epi-

436 2091 562 2127 stolae
593 2095 772 2138 qnainor
794 2104 871 2129 11011
896 2097 1038 2140 magni
1060 2097 1279 2133 admodum
1302 2109 1389 2134 mo-

440 2155 580 2197 menti,
598 2157 772 2200 primum
794 2157 914 2192 editae
937 2168 960 2193 a
982 2158 1146 2194 Canisio
1169 2161 1263 2196 Ant.
1281 2161 1386 2196 Lect.

442 2217 538 2250 torn.
574 2218 618 2251 V.
651 2220 754 2263 part.
787 2220 823 2254 2.
857 2229 892 2264 p.
926 2219 990 2255 53.
1022 2222 1114 2266 post
1153 2223 1193 2257 111
1235 2222 1388 2260 Biblio-

437 2275 568 2313 thecis
592 2278 770 2323 Patrum,
793 2289 865 2315 nec
889 2290 964 2316 non
988 2283 1036 2317 ab
1058 2283 1183 2318 Andr.
1207 2284 1259 2320 du
1281 2285 1387 2321 Che-

437 2348 505 2372 sne
538 2341 684 2385 script.
717 2340 858 2376 Franc.
888 2342 986 2378 tom.
1020 2343 1047 2378 1.
1079 2354 1116 2389 p.
1149 2346 1239 2381 882.
1271 2346 1386 2382 Α(1(10

435 2399 538 2435 illst.
569 2402 747 2439 literaire
769 2404 817 2439 dc
839 2406 877 2440 la
898 2404 1049 2441 France
1081 2408 1177 2443 tom.
1200 2408 1268 2444 111.
1290 2419 1387 2455 pag.

437 2461 525 2497 559.
544 2464 677 2499 Vitam
698 2466 787 2510 ejus
809 2468 950 2503 surius
976 2469 1125 2505 17Jan.
1149 2472 1249 2506 Acta
1265 2472 1389 2507 Sanc-

437 2524 568 2559 torum
591 2527 688 2561 tom.
709 2526 757 2562 II.
781 2537 875 2574 pag.
902 2529 988 2565 165.
1023 2532 1281 2568 Mabillonius
1303 2533 1389 2568 ¹Soc.

446 2583 490 2619 il.
524 2585 667 2622 Bened.
700 2598 795 2633 pag.
830 2590 918 2627 167.

491 2651 532 2682 (ἵ.
566 2650 832 2686 ι8“1,“1.ΡΙ(,Ὶ1118
862 2655 1134 2700 Apollinaris,
1165 2657 1389 2703 Carthagi-

441 2712 605 2756 niensis,
638 2714 938 2751 Grammaticus
960 2726 1038 2752 see.
1064 2717 1113 2753 II.
1136 2720 1390 2765 temporibus

446 2775 750 2811 ›xiitoiiinorunr
782 2778 931 2813 Auctor
961 2778 1133 2815 liabetur
1167 2782 1393 2819 Periocha-

442 2845 532 2870 rnuz
565 2837 606 2871 in
643 2836 874 2875 Comoedias
913 2839 1112 2877 Terentii.
1147 2841 1254 2878 Inter
1303 2845 1391 2889 epi-

442 2900 674 2939 grammata
724 2902 862 2937 vetera
902 2902 1058 2938 l’itlioci
1099 2905 1140 2939 et
1183 2905 1392 2942 Catalccta

450 2959 678 3003 Yirgiliana
708 2963 785 3007 ipsi
816 2963 1009 2999 tribuitur
1040 2966 1316 3012 Epiqramrna
1348 2969 1392 3004 in

444 3022 614 3058 seneida
652 3023 821 3069 Viryiiii
868 3034 917 3061 cx
968 3027 1152 3062 incendio
1193 3028 1392 3074 ereptam.

455 3081 564 3114 Alius
593 3084 733 3119 crebra
761 3084 849 3128 ‹·j·1s
886 3088 1038 3123 mentio
1069 3088 1132 3124 cst
1162 3090 1267 3135 apud
1299 3090 1394 3126 Gel-

448 3143 556 3175 lium.
589 3146 732 3180 ‘junior
765 3147 1056 3186 Dictionarium
1090 3152 1194 3187 I'ctri
1225 3152 1352 3189 Bielii.

493 3201 963 3256 Junnnes⁵151.l’l‹;lljs‚
986 3214 1213 3250 Vei-alanus
1227 3214 1394 3260 apatria

454 3263 604 3300 Vestam.
630 3267 890 3308 liuinzuiiorcs
914 3274 1055 3311 literas
1088 3276 1222 3312 docuit
1256 3277 1392 3314 izomae

1308 157 1541 194 SULPICIA

1462 228 1596 263 seculo
1626 225 1713 260 XV.
1745 225 1865 262 Liber
1893 224 1985 272 ejus
2017 226 2064 264 cie
2103 227 2189 264 ocio
2221 227 2418 274 partibus

1461 288 1668 324 oracionis
1697 288 1850 332 prodiit
1881 289 2023 325 Venct.
2047 290 2163 326 1488.
2186 290 2295 326 idem
2324 299 2419 326 cum

1461 350 1621 385 Donato
1652 350 1702 385 de
1732 350 1898 395 figuris,
1927 351 2131 388 Verulano
2173 351 2222 389 de
2261 360 2420 399 compo-

1459 412 1607 448 nendis
1637 412 1839 458 epistolis,
1870 412 1918 449 de
1946 415 2165 452 scansione
2205 415 2245 451 ec
2283 415 2418 462 sylla-

1459 473 1606 511 barum
1634 474 1886 519 quantitate,
1914 475 2013 512 ibid.
2046 477 2162 515 1489.
2184 477 2221 512 4.
2243 476 2292 514 de
2312 484 2421 514 oom-

1453 536 1656 582 ponendis
1670 536 1707 572 et
1720 537 1923 574 ornandis
1936 538 2158 584 Epistolis,
2182 539 2279 576 ibid.
2300 538 2417 575 1488.

1461 599 1498 633 4.
1529 598 1576 634 de
1597 599 1812 634 scansione
1832 608 1924 634 cum
1948 599 2081 636 Servii
2102 600 2355 638 Centimetro
2377 601 2420 638 et

1460 660 1669 696 Prisciano
1709 660 1757 696 dc
1811 660 2073 708 accentibus,
2114 663 2212 700 edit.
2253 663 2338 700 ant.
2381 664 2418 700 8.

1461 723 1549 757 siue
1581 731 1686 757 anno
1715 721 1757 758 et
1787 723 1888 766 loco,
1922 722 2213 763 Grammatiea
2233 734 2328 763 oum
2347 733 2422 762 suo

1458 784 1732 829 vocabulario,
1765 784 1874 829 Lips.
1909 784 2024 822 1500.
2056 786 2094 822 4.
2130 785 2349 825 Comment.
2375 787 2420 823 in

1460 848 1686 892 Lucanam,
1730 848 1857 883 Paris.
1902 858 1974 894 per
2013 851 2258 887 Ascensinm
2301 849 2418 888 1506.

1462 910 1529 946 fol.
1547 910 1685 946 Edidit
1699 920 1855 956 quoque
1872 911 2101 957 vegetium
2113 911 2156 949 et
2168 913 2419 950 Vitruvium.

1514 970 1534 991 *
1566 973 1717 1009 Przeter
1747 983 1795 1009 ea
1824 982 1915 1019 quae
1946 973 2013 1010 hic
2034 974 2320 1011 -recensentur
2349 975 2421 1012 de-

1464 1035 1525 1071 dit
1541 1035 1582 1071 et
1596 1046 1618 1071 0
1623 1038 1839 1082 pusculum
1857 1037 2029 1082 elegans
2043 1035 2259 1072 metricum
2275 1036 2322 1073 de
2339 1046 2424 1074 mo—

1464 1098 1580 1135 ribns
1601 1100 1646 1135 in
1668 1107 1808 1136 mensa
1829 1099 2066 1144 servandis,
2089 1099 2196 1145 quod
2217 1098 2312 1145 post
2331 1099 2420 1136 edi-

1462 1160 1616 1197 tionem
1659 1171 1683 1196 a
1721 1161 1846 1197 Badio
1876 1161 2061 1197 curatam
2085 1189 2095 1207 ,
2137 1160 2287 1198 iterum
2328 1169 2423 1208 pro-

1461 1223 1580 1259 duxit
1619 1224 1848 1260 Gulielmus
1879 1223 2099 1261 Durandus
2129 1223 2425 1270 ludimagister

1462 1285 1754 1331 Lugdunensis
1784 1286 1936 1322 additis
1973 1286 2310 1324 annotationibus
2339 1286 2425 1323 suis

1463 1347 1617 1384 Gallico
1647 1347 1808 1384 Latinis
1839 1349 1881 1384 in
1911 1349 1935 1385 8
1965 1348 2161 1395 Lugduni
2194 1348 2310 1386 1542.

1518 1411 1668 1447 Praeter
1684 1411 1905 1456 vegetium
1928 1412 2051 1449 simul
2061 1412 2318 1459 junctimque
2337 1411 2422 1449 edi-

1465 1474 1525 1510 dit
1556 1474 1772 1510 Aelianum
1813 1473 1855 1509 et
1895 1472 2154 1520 Frontinum,
2195 1483 2286 1520 quae
2338 1473 2420 1510 tria

1463 1537 1659 1582 opuscula
1686 1535 1828 1571 emisit
1859 1535 1997 1571 Romae
2027 1546 2091 1571 an.
2125 1534 2243 1572 1487.
2276 1536 2319 1572 in
2356 1536 2392 1572 4.

1518 1596 1667 1642 SYDO,
1709 1597 1936 1633 Canonicus
1978 1598 2196 1643 Regularis
2236 1597 2422 1635 Falderae

1461 1661 1502 1695 in
1523 1660 1719 1704 Holsatia,
1750 1660 1818 1705 qui
1849 1661 1960 1696 locus
1991 1660 2118 1696 etiam
2147 1661 2420 1698 Novum-mo-

1462 1722 1691 1758 nasterium
1724 1721 1780 1768 (N
1784 1720 2055 1769 ienmnnster)
2079 1722 2310 1760 dicebatur:
2336 1731 2424 1758 mo-

1462 1784 1686 1822 nasterium
1716 1784 1853 1819 autem
1885 1784 2023 1829 ipsum
2062 1784 2206 1830 postea
2245 1785 2421 1821 Bordes-

1462 1845 1646 1881 holmam
1677 1845 1929 1882 translatum
1958 1845 2036 1882 est.
2079 1846 2152 1883 Ille
2193 1846 2321 1893 Sydo,
2351 1847 2421 1892 qui

1463 1916 1506 1943 se
1531 1908 1683 1954 pnsilli
1711 1908 1854 1954 yreqis
1875 1908 1920 1944 in
1940 1908 2323 1946 Novo-monasterio
2343 1909 2424 1946 mi-

1462 1970 1649 2005 nistrnm
1671 1970 1801 2014 vocat,
1822 1971 1896 2006 sub
1915 1969 2041 2006 finem
2062 1971 2189 2008 seculi
2208 1971 2300 2007 XII.
2322 1970 2426 2009 Neo-

1463 2031 1804 2068 monasteriensis
1834 2031 2036 2068 historiae
2060 2031 2272 2079 Synopsin
2292 2033 2423 2078 scrip-

1462 2094 1532 2140 sit,
1561 2104 1612 2131 ex
1631 2105 1711 2140 qua
1730 2094 1921 2140 quiedam
1942 2095 2109 2131 adducit
2131 2096 2416 2132 Henschenius

1462 2159 1504 2193 in
1527 2158 1642 2193 Actis
1665 2157 1907 2192 Sanctorum
1929 2156 2028 2192 tom.
2052 2156 2081 2191 I.
2103 2157 2242 2194 Martii
2266 2167 2304 2204 p.
2327 2155 2419 2193 654.

1460 2221 1659 2256 Henricus
1680 2219 1872 2255 Muhlius.
1895 2220 2131 2265 Theologus
2153 2218 2424 2265 Kilonien'sis,

1461 2284 1530 2329 qui
1570 2284 1613 2318 in
1642 2282 2006 2318 dissertationibus
2036 2281 2322 2318 Accademicis
2351 2281 2426 2317 Hi-

1461 2346 1631 2381 storiam
1662 2345 1904 2380 monasterii
1933 2342 2318 2380 Bordesholmensis
2357 2352 2427 2379 co-

1465 2409 1576 2453 piose
1616 2407 1718 2443 satis
1749 2405 1956 2453 exposuit,
1986 2406 2119 2442 nostri
2151 2406 2291 2452 paucis
2331 2414 2425 2442 ver-

1462 2471 1524 2506 bis
1556 2469 1811 2506 mentionem
1840 2468 1955 2515 facit,
1985 2468 2028 2505 et
2057 2468 2251 2515 quartum
2282 2468 2424 2505 ordine

1464 2531 1738 2577 Praepositum
1769 2531 1898 2567 fuisse
1929 2531 2094 2567 asserit.
2127 2540 2165 2576 p.
2198 2530 2291 2568 492.

1523 2592 1847 2639 SYNAGRIUS,
1876 2593 2015 2628 nescio
2045 2592 2153 2637 quis,
2185 2591 2352 2638 scripsit
2380 2591 2428 2629 de

1458 2654 1545 2701 fide
1577 2656 1615 2691 et
1652 2655 1814 2701 reynlis
1847 2654 1954 2701 fidei
1995 2653 2123 2690 libros
2160 2653 2340 2701 septem,
2381 2653 2424 2688 in

1467 2717 1614 2761 quibus
1645 2716 1754 2752 inter
1778 2718 1864 2753 alia
1884 2714 2041 2752 refutat
2059 2724 2144 2762 eos,
2167 2715 2236 2762 qui
2261 2713 2427 2751 Patrem

1463 2780 1506 2815 et
1536 2779 1688 2815 Filium
1728 2781 1770 2815 in
1801 2780 2004 2817 Trinitate
2046 2790 2126 2816 non
2168 2778 2426 2825 admittunt,

1467 2843 1563 2887 quia
1593 2841 1680 2877 11166
1702 2842 1871 2877 nomina
1892 2842 2134 2878 relationem
2159 2841 2341 2886 aliquam
2361 2839 2427 2876 in—

1466 2902 1648 2939 volvunt.
1681 2903 1870 2939 Meminit
1899 2903 1992 2948 ejus
2035 2905 2148 2940 solus
2187 2901 2425 2938 Gennadius

1467 2974 1502 3000 c.
1534 2964 1597 3000 65.
1629 2963 1738 3009 Opus
1771 2973 1866 3001 vero
1898 2965 2053 3001 dudum
2087 2963 2224 3010 periit.

1518 3027 1566 3063 de
1596 3026 1818 3072 SYGHEN,
1839 3026 2055 3072 Nimiam,
2087 3025 2184 3062 aliis
2208 3023 2338 3072 Siqen
2357 3026 2423 3061 vel

1472 3087 1624 3135 Seqen,
1655 3087 1881 3124 monachus
1910 3087 2005 3124 Ord.
2041 3087 2081 3123 S.
2111 3085 2321 3123 Benedicti
2350 3085 2426 3123 Er-

1467 3150 1605 3186 fordiae
1629 3151 1669 3186 iu
1694 3150 1944 3186 monasterio
1965 3150 2012 3186 D.
2037 3150 2168 3196 Petri,
2190 3149 2296 3186 vixit
2315 3149 2425 3185 circa

1465 3222 1616 3248 anuum
1650 3212 1764 3248 1490.
1787 3213 1941 3248 Verum
1971 3221 2121 3248 nomen
2150 3211 2263 3248 illius
2292 3209 2420 3246 fuisse

1467 3275 1543 3313 Nio
1576 3274 1854 3319 Hotcenbaeh,
1883 3283 2060 3321 eumque
2091 3283 2128 3310 a.
2161 3271 2277 3312 1495.
2309 3270 2423 3318 peste
