<?xml version="1.0" encoding="UTF-8"?>
<!DOCTYPE html PUBLIC "-//W3C//DTD XHTML 1.0 Transitional//EN"
    "http://www.w3.org/TR/xhtml1/DTD/xhtml1-transitional.dtd">
<html xmlns="http://www.w3.org/1999/xhtml" xml:lang="en" lang="en">
 <head>
  <title>
</title>
<meta http-equiv="Content-Type" content="text/html;charset=utf-8" />
  <meta name='ocr-system' content='tesseract 3.04.00' />
  <meta name='ocr-capabilities' content='ocr_page ocr_carea ocr_par ocr_line ocrx_word'/>
</head>
<body>
  <div class='ocr_page' id='page_1' title='image "./bibliothecalatin05fabruoft/bibliothecalatin05fabruoft_0473.png"; bbox 0 0 2517 4009; ppageno 0'>
   <div class='ocr_carea' id='block_1_1' title="bbox 923 211 1281 251">
    <p class='ocr_par' dir='ltr' id='par_1_1' title="bbox 923 211 1281 251">
     <span class='ocr_line' id='line_1_1' title="bbox 923 211 1281 251; baseline 0.006 -2"><span class='ocrx_word' id='word_1_1' title='bbox 923 211 1281 251; x_wconf 75' lang='lat' dir='ltr'>SIDONIUS</span> 
     </span>
    </p>
   </div>
   <div class='ocr_carea' id='block_1_2' title="bbox 94 272 1052 382">
    <p class='ocr_par' dir='ltr' id='par_1_2' title="bbox 94 272 1052 382">
     <span class='ocr_line' id='line_1_2' title="bbox 99 272 1049 320; baseline 0.002 -2"><span class='ocrx_word' id='word_1_2' title='bbox 99 279 163 318; x_wconf 87' lang='lat' dir='ltr'><em>liis</em></span> <span class='ocrx_word' id='word_1_3' title='bbox 186 278 328 318; x_wconf 86' lang='lat' dir='ltr'><em>Avitus</em></span> <span class='ocrx_word' id='word_1_4' title='bbox 356 280 417 318; x_wconf 85' lang='lat' dir='ltr'><em>VI.</em></span> <span class='ocrx_word' id='word_1_5' title='bbox 451 278 545 318; x_wconf 79' lang='lat' dir='ltr'><em>Idus</em></span> <span class='ocrx_word' id='word_1_6' title='bbox 583 272 715 317; x_wconf 74' lang='lat' dir='ltr'><em>Julia‘s</em></span> <span class='ocrx_word' id='word_1_7' title='bbox 738 282 806 317; x_wconf 84' lang='lat' dir='ltr'><em>etc.</em></span> <span class='ocrx_word' id='word_1_8' title='bbox 831 279 1049 320; x_wconf 85' lang='lat' dir='ltr'><em>Succenset</em></span> 
     </span>
     <span class='ocr_line' id='line_1_3' title="bbox 94 340 1052 382; baseline 0.006 -6"><span class='ocrx_word' id='word_1_9' title='bbox 94 341 229 377; x_wconf 87' lang='lat' dir='ltr'><em>Victor</em></span> <span class='ocrx_word' id='word_1_10' title='bbox 242 340 523 378; x_wconf 88' lang='lat' dir='ltr'><em>Sunnunensis</em></span> <span class='ocrx_word' id='word_1_11' title='bbox 545 340 580 376; x_wconf 92' lang='lat' dir='ltr'><em>in</em></span> <span class='ocrx_word' id='word_1_12' title='bbox 601 340 746 378; x_wconf 84' lang='lat' dir='ltr'><em>Chion.</em></span> <span class='ocrx_word' id='word_1_13' title='bbox 772 342 888 380; x_wconf 88' lang='lat' dir='ltr'><em>Aetio</em></span> <span class='ocrx_word' id='word_1_14' title='bbox 902 347 942 380; x_wconf 93' lang='lat' dir='ltr'><em>et</em></span> <span class='ocrx_word' id='word_1_15' title='bbox 959 343 1052 382; x_wconf 88' lang='lat' dir='ltr'><em>Stu-</em></span> 
     </span>
    </p>
   </div>
   <div class='ocr_carea' id='block_1_3' title="bbox 96 399 1048 502">
    <p class='ocr_par' dir='ltr' id='par_1_3' title="bbox 96 399 1048 502">
     <span class='ocr_line' id='line_1_4' title="bbox 96 399 301 439; baseline 0.01 -2"><span class='ocrx_word' id='word_1_16' title='bbox 96 399 160 438; x_wconf 88' lang='lat' dir='ltr'><em>dio</em></span> <span class='ocrx_word' id='word_1_17' title='bbox 190 400 301 439; x_wconf 89' lang='lat' dir='ltr'><em>Coss.</em></span> 
     </span>
     <span class='ocr_line' id='line_1_5' title="bbox 147 451 1048 502; baseline 0.006 -12"><span class='ocrx_word' id='word_1_18' title='bbox 147 464 187 502; x_wconf 92' lang='lat' dir='ltr'><em>p.</em></span> <span class='ocrx_word' id='word_1_19' title='bbox 214 451 279 490; x_wconf 89' lang='lat'><em>87.</em></span> <span class='ocrx_word' id='word_1_20' title='bbox 308 456 376 490; x_wconf 91' lang='lat' dir='ltr'><em>not</em></span> <span class='ocrx_word' id='word_1_21' title='bbox 397 451 526 490; x_wconf 86' lang='lat' dir='ltr'><em>Audio</em></span> <span class='ocrx_word' id='word_1_22' title='bbox 541 483 551 500; x_wconf 81' lang='grc'>,</span> <span class='ocrx_word' id='word_1_23' title='bbox 568 456 642 490; x_wconf 91' lang='lat' dir='ltr'><em>aut</em></span> <span class='ocrx_word' id='word_1_24' title='bbox 661 453 750 492; x_wconf 89' lang='lat' dir='ltr'><em>add.</em></span> <span class='ocrx_word' id='word_1_25' title='bbox 769 455 891 494; x_wconf 91' lang='lat' dir='ltr'><em>Vetus</em></span> <span class='ocrx_word' id='word_1_26' title='bbox 915 462 1048 495; x_wconf 78' lang='lat' dir='ltr'><em>tamen</em></span> 
     </span>
    </p>
   </div>
   <div class='ocr_carea' id='block_1_4' title="bbox 27 512 1053 3312">
    <p class='ocr_par' dir='ltr' id='par_1_4' title="bbox 27 512 1053 1963">
     <span class='ocr_line' id='line_1_6' title="bbox 93 512 1048 557; baseline 0.007 -7"><span class='ocrx_word' id='word_1_27' title='bbox 93 512 306 551; x_wconf 83' lang='lat' dir='ltr'><strong>chronicon</strong></span> <span class='ocrx_word' id='word_1_28' title='bbox 343 513 421 551; x_wconf 89' lang='lat' dir='ltr'><em>MS.</em></span> <span class='ocrx_word' id='word_1_29' title='bbox 459 513 580 551; x_wconf 81' lang='lat' dir='ltr'>tradit</span> <span class='ocrx_word' id='word_1_30' title='bbox 614 514 817 554; x_wconf 88' lang='lat' dir='ltr'><em>Sidonium</em></span> <span class='ocrx_word' id='word_1_31' title='bbox 855 518 1048 557; x_wconf 80' lang='lat' dir='ltr'><strong>Comitem</strong></span> 
     </span>
     <span class='ocr_line' id='line_1_7' title="bbox 92 573 1051 624; baseline 0.008 -14"><span class='ocrx_word' id='word_1_32' title='bbox 92 573 298 611; x_wconf 83' lang='lat' dir='ltr'><strong>Arvernae</strong></span> <span class='ocrx_word' id='word_1_33' title='bbox 326 577 368 611; x_wconf 88' lang='lat' dir='ltr'><em>et</em></span> <span class='ocrx_word' id='word_1_34' title='bbox 389 573 586 612; x_wconf 83' lang='lat' dir='ltr'><em>Arveniae</em></span> <span class='ocrx_word' id='word_1_35' title='bbox 609 580 766 615; x_wconf 85' lang='lat' dir='ltr'><em>nostrae</em></span> <span class='ocrx_word' id='word_1_36' title='bbox 785 608 795 624; x_wconf 85' lang='lat'><em>,</em></span> <span class='ocrx_word' id='word_1_37' title='bbox 821 580 883 617; x_wconf 91' lang='lat' dir='ltr'><em>cui</em></span> <span class='ocrx_word' id='word_1_38' title='bbox 909 579 1051 618; x_wconf 90' lang='lat' dir='ltr'><em>adsen-</em></span> 
     </span>
     <span class='ocr_line' id='line_1_8' title="bbox 91 633 1050 679; baseline 0.007 -7"><span class='ocrx_word' id='word_1_39' title='bbox 91 635 191 673; x_wconf 86' lang='lat' dir='ltr'><em>titur</em></span> <span class='ocrx_word' id='word_1_40' title='bbox 215 635 356 673; x_wconf 86' lang='lat' dir='ltr'><em>Petrus</em></span> <span class='ocrx_word' id='word_1_41' title='bbox 378 633 586 674; x_wconf 87' lang='lat' dir='ltr'><em>Arvernus</em></span> <span class='ocrx_word' id='word_1_42' title='bbox 613 638 850 677; x_wconf 87' lang='lat' dir='ltr'><em>venerabilis</em></span> <span class='ocrx_word' id='word_1_43' title='bbox 894 639 941 677; x_wconf 88' lang='lat' dir='ltr'><em>ad</em></span> <span class='ocrx_word' id='word_1_44' title='bbox 986 651 1050 679; x_wconf 83' lang='lat' dir='ltr'><em>ca-</em></span> 
     </span>
     <span class='ocr_line' id='line_1_9' title="bbox 92 695 1049 744; baseline 0.006 -11"><span class='ocrx_word' id='word_1_45' title='bbox 92 695 374 733; x_wconf 85' lang='lat' dir='ltr'><em>lumniatorem</em></span> <span class='ocrx_word' id='word_1_46' title='bbox 398 725 408 744; x_wconf 93' lang='lat'>,</span> <span class='ocrx_word' id='word_1_47' title='bbox 437 695 625 735; x_wconf 85' lang='lat' dir='ltr'><em>Sidonius</em></span> <span class='ocrx_word' id='word_1_48' title='bbox 652 697 719 736; x_wconf 80' lang='lat' dir='ltr'><em>vir</em></span> <span class='ocrx_word' id='word_1_49' title='bbox 755 699 1049 739; x_wconf 79' lang='lat' dir='ltr'><em>eruditissimus</em></span> 
     </span>
     <span class='ocr_line' id='line_1_10' title="bbox 92 754 1050 811; baseline 0.006 -18"><span class='ocrx_word' id='word_1_50' title='bbox 92 758 132 793; x_wconf 84' lang='lat' dir='ltr'><em>et</em></span> <span class='ocrx_word' id='word_1_51' title='bbox 153 754 426 795; x_wconf 79' lang='lat' dir='ltr'><strong><em>ardentissimi</em></strong></span> <span class='ocrx_word' id='word_1_52' title='bbox 439 756 586 807; x_wconf 70' lang='lat' dir='ltr'><em>inqenii</em></span> <span class='ocrx_word' id='word_1_53' title='bbox 605 770 660 796; x_wconf 66' lang='lat' dir='ltr'><em>eac</em></span> <span class='ocrx_word' id='word_1_54' title='bbox 672 759 872 811; x_wconf 81' lang='lat' dir='ltr'><em>praefecto</em></span> <span class='ocrx_word' id='word_1_55' title='bbox 891 764 929 798; x_wconf 87' lang='lat' dir='ltr'><em>et</em></span> <span class='ocrx_word' id='word_1_56' title='bbox 952 762 1050 801; x_wconf 90' lang='lat' dir='ltr'><em>Con-</em></span> 
     </span>
     <span class='ocr_line' id='line_1_11' title="bbox 89 815 1048 871; baseline 0.005 -15"><span class='ocrx_word' id='word_1_57' title='bbox 89 815 176 856; x_wconf 80' lang='lat' dir='ltr'><em>sule</em></span> <span class='ocrx_word' id='word_1_58' title='bbox 203 817 398 869; x_wconf 85' lang='lat' dir='ltr'><em>antiquus</em></span> <span class='ocrx_word' id='word_1_59' title='bbox 425 818 701 857; x_wconf 79' lang='lat' dir='ltr'><em>Arvornorum</em></span> <span class='ocrx_word' id='word_1_60' title='bbox 724 820 942 871; x_wconf 79' lang='lat' dir='ltr'><em>Episcopus</em></span> <span class='ocrx_word' id='word_1_61' title='bbox 979 826 1048 861; x_wconf 83' lang='lat' dir='ltr'><em>etc.</em></span> 
     </span>
     <span class='ocr_line' id='line_1_12' title="bbox 93 876 1047 926; baseline 0.004 -8"><span class='ocrx_word' id='word_1_62' title='bbox 93 876 263 918; x_wconf 78' lang='lat' dir='ltr'><em>Consule</em></span> <span class='ocrx_word' id='word_1_63' title='bbox 277 907 287 925; x_wconf 92' lang='lat'><strong>‚</strong></span> <span class='ocrx_word' id='word_1_64' title='bbox 308 878 343 916; x_wconf 90' lang='lat' dir='ltr'><em>id</em></span> <span class='ocrx_word' id='word_1_65' title='bbox 365 883 451 926; x_wconf 84' lang='lat' dir='ltr'><em>est,</em></span> <span class='ocrx_word' id='word_1_66' title='bbox 484 880 642 919; x_wconf 81' lang='lat' dir='ltr'><em>Comite.</em></span> <span class='ocrx_word' id='word_1_67' title='bbox 660 879 746 918; x_wconf 88' lang='lat' dir='ltr'><em>Odo</em></span> <span class='ocrx_word' id='word_1_68' title='bbox 762 881 808 919; x_wconf 83' lang='lat' dir='ltr'><em>ad</em></span> <span class='ocrx_word' id='word_1_69' title='bbox 838 883 1047 922; x_wconf 77' lang='lat' dir='ltr'>Falconem</span> 
     </span>
     <span class='ocr_line' id='line_1_13' title="bbox 89 938 1050 994; baseline 0.004 -16"><span class='ocrx_word' id='word_1_70' title='bbox 89 938 402 989; x_wconf 81' lang='lat' dir='ltr'><em>Andegavorum</em></span> <span class='ocrx_word' id='word_1_71' title='bbox 434 941 629 979; x_wconf 75' lang='lat' dir='ltr'>Comitem</span> <span class='ocrx_word' id='word_1_72' title='bbox 645 972 654 987; x_wconf 90' lang='lat'><em>,</em></span> <span class='ocrx_word' id='word_1_73' title='bbox 672 943 807 980; x_wconf 89' lang='lat' dir='ltr'><em>statim</em></span> <span class='ocrx_word' id='word_1_74' title='bbox 835 944 943 981; x_wconf 90' lang='lat' dir='ltr'><em>initio</em></span> <span class='ocrx_word' id='word_1_75' title='bbox 959 945 1050 994; x_wconf 89' lang='lat' dir='ltr'><em>Epi·</em></span> 
     </span>
     <span class='ocr_line' id='line_1_14' title="bbox 27 993 1052 1052; baseline 0.005 -14"><span class='ocrx_word' id='word_1_76' title='bbox 27 993 30 997; x_wconf 80' lang='grc'>’</span> <span class='ocrx_word' id='word_1_77' title='bbox 89 1000 235 1048; x_wconf 87' lang='lat' dir='ltr'><em>stolae,</em></span> <span class='ocrx_word' id='word_1_78' title='bbox 266 999 435 1039; x_wconf 89' lang='lat' dir='ltr'><em>Fulconi</em></span> <span class='ocrx_word' id='word_1_79' title='bbox 449 999 570 1049; x_wconf 87' lang='lat' dir='ltr'><em>bono⁷</em></span> <span class='ocrx_word' id='word_1_80' title='bbox 593 1001 878 1052; x_wconf 76' lang='lat' dir='ltr'><em>9lorz·0s2&#39;ssimo</em></span> <span class='ocrx_word' id='word_1_81' title='bbox 903 1003 1052 1043; x_wconf 84' lang='lat' dir='ltr'><em>Consu-</em></span> 
     </span>
     <span class='ocr_line' id='line_1_15' title="bbox 90 1059 1049 1112; baseline 0.003 -13"><span class='ocrx_word' id='word_1_82' title='bbox 90 1059 122 1099; x_wconf 88' lang='lat' dir='ltr'><em>li</em></span> <span class='ocrx_word' id='word_1_83' title='bbox 141 1060 458 1112; x_wconf 72' lang='lat' dir='ltr'><em>Andeyavorum.</em></span> <span class='ocrx_word' id='word_1_84' title='bbox 489 1063 597 1101; x_wconf 80' lang='lat' dir='ltr'><em>idem</em></span> <span class='ocrx_word' id='word_1_85' title='bbox 628 1062 677 1101; x_wconf 92' lang='lat' dir='ltr'><em>de</em></span> <span class='ocrx_word' id='word_1_86' title='bbox 715 1065 973 1104; x_wconf 84' lang='lat' dir='ltr'><em>translatione</em></span> <span class='ocrx_word' id='word_1_87' title='bbox 1011 1067 1049 1105; x_wconf 93' lang='lat' dir='ltr'><em>S.</em></span> 
     </span>
     <span class='ocr_line' id='line_1_16' title="bbox 91 1123 1051 1177; baseline 0.004 -16"><span class='ocrx_word' id='word_1_88' title='bbox 91 1124 244 1161; x_wconf 87' lang='lat' dir='ltr'><em>Martini</em></span> <span class='ocrx_word' id='word_1_89' title='bbox 266 1153 277 1171; x_wconf 87' lang='lat'><em>,</em></span> <span class='ocrx_word' id='word_1_90' title='bbox 299 1135 342 1161; x_wconf 93' lang='lat' dir='ltr'><em>eo</em></span> <span class='ocrx_word' id='word_1_91' title='bbox 366 1127 538 1174; x_wconf 85' lang='lat' dir='ltr'><em>tempore</em></span> <span class='ocrx_word' id='word_1_92' title='bbox 561 1124 626 1163; x_wconf 81' lang='lat' dir='ltr'><em>vir</em></span> <span class='ocrx_word' id='word_1_93' title='bbox 662 1123 843 1164; x_wconf 80' lang='lat' dir='ltr'><em>inlustris</em></span> <span class='ocrx_word' id='word_1_94' title='bbox 882 1126 1051 1177; x_wconf 59' lang='grc'><em>17196196-</em></span> 
     </span>
     <span class='ocr_line' id='line_1_17' title="bbox 94 1183 1051 1235; baseline 0.005 -14"><span class='ocrx_word' id='word_1_95' title='bbox 94 1183 185 1222; x_wconf 85' lang='lat' dir='ltr'><em>rius</em></span> <span class='ocrx_word' id='word_1_96' title='bbox 219 1184 466 1223; x_wconf 85' lang='lat' dir='ltr'><em>Gastinensis</em></span> <span class='ocrx_word' id='word_1_97' title='bbox 511 1186 648 1224; x_wconf 87' lang='lat' dir='ltr'><em>Comes</em></span> <span class='ocrx_word' id='word_1_98' title='bbox 668 1217 677 1232; x_wconf 82' lang='lat'><em>‚</em></span> <span class='ocrx_word' id='word_1_99' title='bbox 715 1187 893 1235; x_wconf 71' lang='lat' dir='ltr'><em>lluqonz&#39;s</em></span> <span class='ocrx_word' id='word_1_100' title='bbox 931 1189 1051 1227; x_wconf 87' lang='lat' dir='ltr'><em>Ducis</em></span> 
     </span>
     <span class='ocr_line' id='line_1_18' title="bbox 90 1244 1052 1295; baseline 0.004 -13"><span class='ocrx_word' id='word_1_101' title='bbox 90 1244 351 1294; x_wconf 76' lang='lat' dir='ltr'><em>Buryundiae</em></span> <span class='ocrx_word' id='word_1_102' title='bbox 375 1245 528 1295; x_wconf 82' lang='lat' dir='ltr'><em>Nepos,</em></span> <span class='ocrx_word' id='word_1_103' title='bbox 566 1246 732 1285; x_wconf 80' lang='lat' dir='ltr'><em>Lochiae</em></span> <span class='ocrx_word' id='word_1_104' title='bbox 765 1252 803 1285; x_wconf 87' lang='lat' dir='ltr'><em>et</em></span> <span class='ocrx_word' id='word_1_105' title='bbox 837 1247 1052 1287; x_wconf 85' lang='lat' dir='ltr'><em>Ambasiae</em></span> 
     </span>
     <span class='ocr_line' id='line_1_19' title="bbox 87 1305 1052 1359; baseline 0.004 -16"><span class='ocrx_word' id='word_1_106' title='bbox 87 1305 290 1354; x_wconf 74' lang='lat' dir='ltr'><em>Dominus,</em></span> <span class='ocrx_word' id='word_1_107' title='bbox 314 1309 503 1344; x_wconf 84' lang='lat' dir='ltr'><em>strenuus</em></span> <span class='ocrx_word' id='word_1_108' title='bbox 522 1308 674 1349; x_wconf 73' lang='lat' dir='ltr'><em>armis,</em></span> <span class='ocrx_word' id='word_1_109' title='bbox 698 1319 854 1347; x_wconf 81' lang='lat' dir='ltr'><em>summa</em></span> <span class='ocrx_word' id='word_1_110' title='bbox 872 1309 1052 1359; x_wconf 86' lang='lat' dir='ltr'><em>probita—</em></span> 
     </span>
     <span class='ocr_line' id='line_1_20' title="bbox 91 1368 1053 1421; baseline 0.006 -18"><span class='ocrx_word' id='word_1_111' title='bbox 91 1370 126 1404; x_wconf 83' lang='lat' dir='ltr'><em>te</em></span> <span class='ocrx_word' id='word_1_112' title='bbox 148 1369 188 1404; x_wconf 91' lang='lat' dir='ltr'><em>et</em></span> <span class='ocrx_word' id='word_1_113' title='bbox 204 1370 397 1418; x_wconf 72' lang='lat' dir='ltr'><em>potestate</em></span> <span class='ocrx_word' id='word_1_114' title='bbox 414 1368 623 1419; x_wconf 82' lang='lat' dir='ltr'><em>praeditus</em></span> <span class='ocrx_word' id='word_1_115' title='bbox 637 1373 737 1418; x_wconf 72' lang='lat' dir='ltr'><em>erat,</em></span> <span class='ocrx_word' id='word_1_116' title='bbox 749 1370 1053 1421; x_wconf 71' lang='lat' dir='ltr'><em>etAndeyaven-</em></span> 
     </span>
     <span class='ocr_line' id='line_1_21' title="bbox 88 1426 1051 1479; baseline 0.004 -14"><span class='ocrx_word' id='word_1_117' title='bbox 88 1426 192 1465; x_wconf 85' lang='lat' dir='ltr'><em>sium</em></span> <span class='ocrx_word' id='word_1_118' title='bbox 218 1426 478 1467; x_wconf 80' lang='lat' dir='ltr'><em>Consulatum</em></span> <span class='ocrx_word' id='word_1_119' title='bbox 502 1440 630 1479; x_wconf 83' lang='lat' dir='ltr'><em>nuper</em></span> <span class='ocrx_word' id='word_1_120' title='bbox 654 1441 705 1468; x_wconf 76' lang='lat' dir='ltr'><em>ex</em></span> <span class='ocrx_word' id='word_1_121' title='bbox 742 1429 852 1479; x_wconf 72' lang='lat' dir='ltr'><em>reyio</em></span> <span class='ocrx_word' id='word_1_122' title='bbox 886 1442 1051 1469; x_wconf 85' lang='lat' dir='ltr'><em>munere</em></span> 
     </span>
     <span class='ocr_line' id='line_1_22' title="bbox 88 1486 1049 1540; baseline 0.004 -14"><span class='ocrx_word' id='word_1_123' title='bbox 88 1486 171 1527; x_wconf 83' lang='lat' dir='ltr'><em>sibi</em></span> <span class='ocrx_word' id='word_1_124' title='bbox 211 1489 461 1539; x_wconf 74' lang='lat' dir='ltr'><em>impartitum</em></span> <span class='ocrx_word' id='word_1_125' title='bbox 494 1489 756 1540; x_wconf 77' lang='lat' dir='ltr'><em>procurabat.</em></span> <span class='ocrx_word' id='word_1_126' title='bbox 797 1491 1049 1530; x_wconf 76' lang='lat' dir='ltr'><em>Hildebertus</em></span> 
     </span>
     <span class='ocr_line' id='line_1_23' title="bbox 83 1547 1043 1596; baseline 0.004 -12"><span class='ocrx_word' id='word_1_127' title='bbox 83 1548 201 1596; x_wconf 82' lang='lat' dir='ltr'><em>epist.</em></span> <span class='ocrx_word' id='word_1_128' title='bbox 221 1548 284 1586; x_wconf 76' lang='lat'><em>25.</em></span> <span class='ocrx_word' id='word_1_129' title='bbox 309 1547 358 1586; x_wconf 84' lang='lat' dir='ltr'><em>ad</em></span> <span class='ocrx_word' id='word_1_130' title='bbox 376 1549 629 1587; x_wconf 70' lang='lat' dir='ltr'><em>Comitis-sam</em></span> <span class='ocrx_word' id='word_1_131' title='bbox 651 1561 659 1585; x_wconf 92' lang='lat'>:</span> <span class='ocrx_word' id='word_1_132' title='bbox 683 1547 875 1587; x_wconf 84' lang='lat' dir='ltr'><em>Absentia</em></span> <span class='ocrx_word' id='word_1_133' title='bbox 902 1551 1043 1588; x_wconf 80' lang='lat' dir='ltr'><em>mariti</em></span> 
     </span>
     <span class='ocr_line' id='line_1_24' title="bbox 85 1605 1043 1650; baseline 0.004 -5"><span class='ocrx_word' id='word_1_134' title='bbox 85 1605 326 1650; x_wconf 83' lang='lat' dir='ltr'><em>laboriosior</em></span> <span class='ocrx_word' id='word_1_135' title='bbox 361 1607 436 1646; x_wconf 87' lang='lat' dir='ltr'><em>tibi</em></span> <span class='ocrx_word' id='word_1_136' title='bbox 458 1619 560 1647; x_wconf 88' lang='lat' dir='ltr'><em>cura</em></span> <span class='ocrx_word' id='word_1_137' title='bbox 596 1608 825 1648; x_wconf 83' lang='lat' dir='ltr'><em>consulatus</em></span> <span class='ocrx_word' id='word_1_138' title='bbox 858 1610 1043 1649; x_wconf 83' lang='lat' dir='ltr'><em>incubuit</em></span> 
     </span>
     <span class='ocr_line' id='line_1_25' title="bbox 84 1668 1045 1720; baseline 0.006 -14"><span class='ocrx_word' id='word_1_139' title='bbox 84 1671 152 1706; x_wconf 87' lang='lat' dir='ltr'><em>etc.</em></span> <span class='ocrx_word' id='word_1_140' title='bbox 176 1668 286 1707; x_wconf 82' lang='lat' dir='ltr'>Idem</span> <span class='ocrx_word' id='word_1_141' title='bbox 307 1670 451 1719; x_wconf 83' lang='lat' dir='ltr'><em>repetit</em></span> <span class='ocrx_word' id='word_1_142' title='bbox 469 1672 584 1720; x_wconf 90' lang='lat' dir='ltr'><em>epist.</em></span> <span class='ocrx_word' id='word_1_143' title='bbox 611 1673 794 1720; x_wconf 77' lang='lat' dir='ltr'><em>sequenti</em></span> <span class='ocrx_word' id='word_1_144' title='bbox 820 1677 861 1709; x_wconf 85' lang='lat' dir='ltr'><em>et</em></span> <span class='ocrx_word' id='word_1_145' title='bbox 877 1674 913 1710; x_wconf 91' lang='lat' dir='ltr'><em>in</em></span> <span class='ocrx_word' id='word_1_146' title='bbox 941 1679 1045 1712; x_wconf 81' lang='lat' dir='ltr'><em>utra-</em></span> 
     </span>
     <span class='ocr_line' id='line_1_26' title="bbox 83 1730 1043 1781; baseline 0.005 -13"><span class='ocrx_word' id='word_1_147' title='bbox 83 1741 162 1779; x_wconf 83' lang='lat' dir='ltr'><em>que</em></span> <span class='ocrx_word' id='word_1_148' title='bbox 181 1730 424 1770; x_wconf 85' lang='lat' dir='ltr'><em>Comitatum</em></span> <span class='ocrx_word' id='word_1_149' title='bbox 443 1733 741 1781; x_wconf 88' lang='lat' dir='ltr'><em>interpretatur.</em></span> <span class='ocrx_word' id='word_1_150' title='bbox 761 1733 874 1778; x_wconf 87' lang='lat' dir='ltr'><em>Quod</em></span> <span class='ocrx_word' id='word_1_151' title='bbox 894 1734 1043 1773; x_wconf 88' lang='lat' dir='ltr'><em>dictum</em></span> 
     </span>
     <span class='ocr_line' id='line_1_27' title="bbox 81 1790 1043 1837; baseline 0.006 -10"><span class='ocrx_word' id='word_1_152' title='bbox 81 1790 199 1837; x_wconf 78' lang='lat' dir='ltr'><em>volo,</em></span> <span class='ocrx_word' id='word_1_153' title='bbox 223 1796 267 1830; x_wconf 91' lang='lat' dir='ltr'><em>ut</em></span> <span class='ocrx_word' id='word_1_154' title='bbox 297 1792 456 1830; x_wconf 86' lang='lat' dir='ltr'><em>Petrum</em></span> <span class='ocrx_word' id='word_1_155' title='bbox 495 1791 774 1830; x_wconf 88' lang='lat' dir='ltr'><em>doctissimum</em></span> <span class='ocrx_word' id='word_1_156' title='bbox 819 1794 1043 1833; x_wconf 89' lang='lat' dir='ltr'><em>Arvernum</em></span> 
     </span>
     <span class='ocr_line' id='line_1_28' title="bbox 82 1853 1042 1905; baseline 0.005 -17"><span class='ocrx_word' id='word_1_157' title='bbox 82 1862 159 1889; x_wconf 91' lang='lat' dir='ltr'><em>non</em></span> <span class='ocrx_word' id='word_1_158' title='bbox 189 1863 375 1891; x_wconf 80' lang='lat' dir='ltr'><em>accusem</em></span> <span class='ocrx_word' id='word_1_159' title='bbox 400 1853 643 1901; x_wconf 81' lang='lat' dir='ltr'><em>inscientiae,</em></span> <span class='ocrx_word' id='word_1_160' title='bbox 670 1859 711 1891; x_wconf 91' lang='lat' dir='ltr'><em>et</em></span> <span class='ocrx_word' id='word_1_161' title='bbox 731 1854 820 1905; x_wconf 88' lang='lat' dir='ltr'><em>ejus</em></span> <span class='ocrx_word' id='word_1_162' title='bbox 843 1855 1042 1894; x_wconf 87' lang='lat' dir='ltr'><em>calculum</em></span> 
     </span>
     <span class='ocr_line' id='line_1_29' title="bbox 83 1911 893 1963; baseline 0.001 -13"><span class='ocrx_word' id='word_1_163' title='bbox 83 1911 213 1961; x_wconf 91' lang='lat' dir='ltr'><em>quoad</em></span> <span class='ocrx_word' id='word_1_164' title='bbox 237 1912 383 1951; x_wconf 88' lang='lat' dir='ltr'><em>Sidonii</em></span> <span class='ocrx_word' id='word_1_165' title='bbox 406 1914 647 1952; x_wconf 83' lang='lat' dir='ltr'><em>Comitatum</em></span> <span class='ocrx_word' id='word_1_166' title='bbox 670 1943 678 1961; x_wconf 86' lang='lat'>‚</span> <span class='ocrx_word' id='word_1_167' title='bbox 698 1914 893 1963; x_wconf 85' lang='lat' dir='ltr'><em>adjiciam.</em></span> 
     </span>
    </p>

    <p class='ocr_par' dir='ltr' id='par_1_5' title="bbox 78 1972 1042 2257">
     <span class='ocr_line' id='line_1_30' title="bbox 135 1972 1042 2022; baseline 0.004 -12"><span class='ocrx_word' id='word_1_168' title='bbox 135 1984 172 2022; x_wconf 92' lang='lat' dir='ltr'><em>p.</em></span> <span class='ocrx_word' id='word_1_169' title='bbox 193 1974 257 2011; x_wconf 88' lang='lat'><em>88.</em></span> <span class='ocrx_word' id='word_1_170' title='bbox 282 1978 351 2011; x_wconf 91' lang='lat' dir='ltr'><em>not</em></span> <span class='ocrx_word' id='word_1_171' title='bbox 372 1972 571 2013; x_wconf 89' lang='lat' dir='ltr'><em>Praebere</em></span> <span class='ocrx_word' id='word_1_172' title='bbox 585 1975 756 2013; x_wconf 82' lang='lat' dir='ltr'><em>cervices</em></span> <span class='ocrx_word' id='word_1_173' title='bbox 776 1975 865 2013; x_wconf 86' lang='lat' dir='ltr'><em>add.</em></span> <span class='ocrx_word' id='word_1_174' title='bbox 891 1977 1042 2014; x_wconf 77' lang='lat' dir='ltr'><em>Seneca</em></span> 
     </span>
     <span class='ocr_line' id='line_1_31' title="bbox 81 2033 1040 2086; baseline 0.004 -14"><span class='ocrx_word' id='word_1_175' title='bbox 81 2035 198 2084; x_wconf 86' lang='lat' dir='ltr'><em>epist.</em></span> <span class='ocrx_word' id='word_1_176' title='bbox 220 2033 257 2072; x_wconf 86' lang='grc'>4.</span> <span class='ocrx_word' id='word_1_177' title='bbox 278 2034 328 2072; x_wconf 88' lang='lat' dir='ltr'><em>de</em></span> <span class='ocrx_word' id='word_1_178' title='bbox 352 2036 540 2085; x_wconf 79' lang='lat' dir='ltr'><em>tranquil.</em></span> <span class='ocrx_word' id='word_1_179' title='bbox 564 2037 683 2074; x_wconf 88' lang='lat' dir='ltr'><em>anim.</em></span> <span class='ocrx_word' id='word_1_180' title='bbox 707 2047 740 2074; x_wconf 89' lang='lat' dir='ltr'><em>c.</em></span> <span class='ocrx_word' id='word_1_181' title='bbox 769 2037 808 2086; x_wconf 86' lang='lat' dir='ltr'><strong>ij.</strong></span> <span class='ocrx_word' id='word_1_182' title='bbox 838 2037 1040 2076; x_wconf 87' lang='lat' dir='ltr'><em>Johannes</em></span> 
     </span>
     <span class='ocr_line' id='line_1_32' title="bbox 78 2094 1034 2148; baseline 0.005 -15"><span class='ocrx_word' id='word_1_183' title='bbox 78 2094 218 2133; x_wconf 83' lang='lat' dir='ltr'><em>Salisb.</em></span> <span class='ocrx_word' id='word_1_184' title='bbox 243 2095 380 2134; x_wconf 81' lang='lat' dir='ltr'><em>Polior.</em></span> <span class='ocrx_word' id='word_1_185' title='bbox 403 2097 412 2135; x_wconf 95' lang='lat' dir='ltr'><em>l</em></span> <span class='ocrx_word' id='word_1_186' title='bbox 451 2097 486 2134; x_wconf 93' lang='grc'><em>6.</em></span> <span class='ocrx_word' id='word_1_187' title='bbox 508 2109 544 2136; x_wconf 91' lang='lat' dir='ltr'><em>c.</em></span> <span class='ocrx_word' id='word_1_188' title='bbox 585 2100 621 2137; x_wconf 95' lang='grc'>4.</span> <span class='ocrx_word' id='word_1_189' title='bbox 668 2098 816 2148; x_wconf 86' lang='lat' dir='ltr'><em>Sulpic.</em></span> <span class='ocrx_word' id='word_1_190' title='bbox 855 2099 1034 2139; x_wconf 86' lang='lat' dir='ltr'><em>Severus</em></span> 
     </span>
     <span class='ocr_line' id='line_1_33' title="bbox 78 2155 1036 2209; baseline 0.005 -15"><span class='ocrx_word' id='word_1_191' title='bbox 78 2155 128 2194; x_wconf 89' lang='lat' dir='ltr'><em>de</em></span> <span class='ocrx_word' id='word_1_192' title='bbox 149 2157 231 2195; x_wconf 88' lang='lat' dir='ltr'><em>vita</em></span> <span class='ocrx_word' id='word_1_193' title='bbox 249 2158 291 2195; x_wconf 94' lang='lat' dir='ltr'><em>B.</em></span> <span class='ocrx_word' id='word_1_194' title='bbox 315 2158 469 2196; x_wconf 85' lang='lat' dir='ltr'><em>Martini</em></span> <span class='ocrx_word' id='word_1_195' title='bbox 493 2169 526 2197; x_wconf 88' lang='lat' dir='ltr'><em>c.</em></span> <span class='ocrx_word' id='word_1_196' title='bbox 549 2159 616 2198; x_wconf 90' lang='grc'>43.</span> <span class='ocrx_word' id='word_1_197' title='bbox 651 2160 818 2197; x_wconf 82' lang='lat' dir='ltr'><em>Victoris</em></span> <span class='ocrx_word' id='word_1_198' title='bbox 854 2160 1036 2209; x_wconf 86' lang='lat' dir='ltr'><em>Epitome</em></span> 
     </span>
     <span class='ocr_line' id='line_1_34' title="bbox 82 2217 434 2257; baseline 0.006 -2"><span class='ocrx_word' id='word_1_199' title='bbox 82 2219 120 2255; x_wconf 89' lang='lat' dir='ltr'><em>in</em></span> <span class='ocrx_word' id='word_1_200' title='bbox 145 2217 294 2257; x_wconf 88' lang='lat' dir='ltr'><em>Severo</em></span> <span class='ocrx_word' id='word_1_201' title='bbox 318 2218 434 2257; x_wconf 85' lang='lat' dir='ltr'><strong>Alex.</strong></span> 
     </span>
    </p>

    <p class='ocr_par' dir='ltr' id='par_1_6' title="bbox 81 2278 1042 2636">
     <span class='ocr_line' id='line_1_35' title="bbox 132 2278 1040 2329; baseline 0.006 -13"><span class='ocrx_word' id='word_1_202' title='bbox 132 2279 179 2316; x_wconf 90' lang='lat'><em>11.</em></span> <span class='ocrx_word' id='word_1_203' title='bbox 224 2281 259 2318; x_wconf 94' lang='grc'>4.</span> <span class='ocrx_word' id='word_1_204' title='bbox 282 2291 319 2329; x_wconf 89' lang='lat' dir='ltr'><em>p.</em></span> <span class='ocrx_word' id='word_1_205' title='bbox 337 2280 402 2318; x_wconf 85' lang='lat'><em>93.</em></span> <span class='ocrx_word' id='word_1_206' title='bbox 428 2284 498 2317; x_wconf 89' lang='lat' dir='ltr'><em>not</em></span> <span class='ocrx_word' id='word_1_207' title='bbox 526 2278 553 2317; x_wconf 84' lang='lat' dir='ltr'><em>A</em></span> <span class='ocrx_word' id='word_1_208' title='bbox 595 2278 805 2329; x_wconf 83' lang='lat' dir='ltr'><em>turribus)</em></span> <span class='ocrx_word' id='word_1_209' title='bbox 826 2281 915 2319; x_wconf 83' lang='lat' dir='ltr'><em>add.</em></span> <span class='ocrx_word' id='word_1_210' title='bbox 948 2282 1040 2321; x_wconf 90' lang='lat' dir='ltr'><em>vide</em></span> 
     </span>
     <span class='ocr_line' id='line_1_36' title="bbox 81 2339 1039 2391; baseline 0.003 -13"><span class='ocrx_word' id='word_1_211' title='bbox 81 2340 286 2378; x_wconf 86' lang='lat' dir='ltr'><em>Canisium</em></span> <span class='ocrx_word' id='word_1_212' title='bbox 302 2339 369 2376; x_wconf 87' lang='lat' dir='ltr'><em>JC.</em></span> <span class='ocrx_word' id='word_1_213' title='bbox 392 2344 488 2377; x_wconf 91' lang='lat' dir='ltr'><em>tom.</em></span> <span class='ocrx_word' id='word_1_214' title='bbox 508 2342 545 2379; x_wconf 81' lang='lat'><em>5.</em></span> <span class='ocrx_word' id='word_1_215' title='bbox 561 2346 642 2379; x_wconf 87' lang='lat' dir='ltr'><em>ant.</em></span> <span class='ocrx_word' id='word_1_216' title='bbox 674 2342 763 2379; x_wconf 90' lang='lat' dir='ltr'><em>lect.</em></span> <span class='ocrx_word' id='word_1_217' title='bbox 782 2342 906 2391; x_wconf 83' lang='lat' dir='ltr'><em>Vulgo</em></span> <span class='ocrx_word' id='word_1_218' title='bbox 936 2343 1039 2381; x_wconf 89' lang='lat' dir='ltr'><em>edita</em></span> 
     </span>
     <span class='ocr_line' id='line_1_37' title="bbox 82 2398 1042 2451; baseline 0.006 -14"><span class='ocrx_word' id='word_1_219' title='bbox 82 2401 120 2437; x_wconf 91' lang='lat' dir='ltr'><em>in</em></span> <span class='ocrx_word' id='word_1_220' title='bbox 148 2398 327 2450; x_wconf 90' lang='lat' dir='ltr'><em>pluribus</em></span> <span class='ocrx_word' id='word_1_221' title='bbox 348 2400 457 2439; x_wconf 85' lang='lat' dir='ltr'><strong>MSS.</strong></span> <span class='ocrx_word' id='word_1_222' title='bbox 476 2401 619 2450; x_wconf 81' lang='lat' dir='ltr'><em>legitur</em></span> <span class='ocrx_word' id='word_1_223' title='bbox 637 2431 646 2439; x_wconf 95' lang='lat'><em>.</em></span> <span class='ocrx_word' id='word_1_224' title='bbox 671 2407 791 2451; x_wconf 73' lang='lat' dir='ltr'><em>atque</em></span> <span class='ocrx_word' id='word_1_225' title='bbox 823 2405 942 2442; x_wconf 79' lang='lat' dir='ltr'><em>etiam</em></span> <span class='ocrx_word' id='word_1_226' title='bbox 973 2405 1042 2443; x_wconf 88' lang='lat' dir='ltr'><em>de-</em></span> 
     </span>
     <span class='ocr_line' id='line_1_38' title="bbox 81 2461 1040 2512; baseline 0.003 -12"><span class='ocrx_word' id='word_1_227' title='bbox 81 2461 187 2500; x_wconf 78' lang='lat' dir='ltr'><em>fendi</em></span> <span class='ocrx_word' id='word_1_228' title='bbox 203 2465 345 2511; x_wconf 86' lang='lat' dir='ltr'><em>potest.</em></span> <span class='ocrx_word' id='word_1_229' title='bbox 361 2461 579 2500; x_wconf 85' lang='lat' dir='ltr'><em>Gervasius</em></span> <span class='ocrx_word' id='word_1_230' title='bbox 595 2463 771 2501; x_wconf 85' lang='lat' dir='ltr'><em>Silleber.</em></span> <span class='ocrx_word' id='word_1_231' title='bbox 791 2463 855 2502; x_wconf 82' lang='lat' dir='ltr'><em>lib.</em></span> <span class='ocrx_word' id='word_1_232' title='bbox 873 2465 909 2502; x_wconf 70' lang='lat'><em>2.</em></span> <span class='ocrx_word' id='word_1_233' title='bbox 929 2467 1040 2512; x_wconf 88' lang='lat' dir='ltr'><em>otior,</em></span> 
     </span>
     <span class='ocr_line' id='line_1_39' title="bbox 82 2523 1040 2574; baseline 0.002 -12"><span class='ocrx_word' id='word_1_234' title='bbox 82 2524 226 2574; x_wconf 86' lang='lat' dir='ltr'><em>Imper.</em></span> <span class='ocrx_word' id='word_1_235' title='bbox 251 2534 286 2562; x_wconf 89' lang='lat' dir='ltr'><em>c.</em></span> <span class='ocrx_word' id='word_1_236' title='bbox 305 2524 353 2563; x_wconf 91' lang='grc'>49</span> <span class='ocrx_word' id='word_1_237' title='bbox 373 2524 437 2562; x_wconf 90' lang='lat' dir='ltr'><em>ubi</em></span> <span class='ocrx_word' id='word_1_238' title='bbox 460 2523 510 2562; x_wconf 93' lang='lat' dir='ltr'><em>de</em></span> <span class='ocrx_word' id='word_1_239' title='bbox 532 2524 719 2562; x_wconf 79' lang='lat' dir='ltr'><em>Auxitani</em></span> <span class='ocrx_word' id='word_1_240' title='bbox 751 2526 1040 2574; x_wconf 84' lang='lat' dir='ltr'><em>metropolitani</em></span> 
     </span>
     <span class='ocr_line' id='line_1_40' title="bbox 82 2583 1018 2636; baseline 0 -12"><span class='ocrx_word' id='word_1_241' title='bbox 82 2586 377 2636; x_wconf 79' lang='lat' dir='ltr'><em>Suffraganeis,</em></span> <span class='ocrx_word' id='word_1_242' title='bbox 412 2584 635 2624; x_wconf 83' lang='lat' dir='ltr'><em>Adurensis</em></span> <span class='ocrx_word' id='word_1_243' title='bbox 664 2583 727 2623; x_wconf 88' lang='lat' dir='ltr'><em>vel</em></span> <span class='ocrx_word' id='word_1_244' title='bbox 758 2585 1018 2624; x_wconf 82' lang='lat' dir='ltr'><em>Torrinensis.</em></span> 
     </span>
    </p>

    <p class='ocr_par' dir='ltr' id='par_1_7' title="bbox 85 2646 1046 2882">
     <span class='ocr_line' id='line_1_41' title="bbox 137 2646 1041 2697; baseline 0.001 -12"><span class='ocrx_word' id='word_1_245' title='bbox 137 2658 175 2697; x_wconf 88' lang='lat' dir='ltr'><em>p.</em></span> <span class='ocrx_word' id='word_1_246' title='bbox 200 2647 262 2685; x_wconf 86' lang='lat'><em>96.</em></span> <span class='ocrx_word' id='word_1_247' title='bbox 303 2652 392 2697; x_wconf 89' lang='lat' dir='ltr'><em>post</em></span> <span class='ocrx_word' id='word_1_248' title='bbox 429 2648 452 2686; x_wconf 92' lang='lat' dir='ltr'><em>l.</em></span> <span class='ocrx_word' id='word_1_249' title='bbox 497 2648 535 2685; x_wconf 74' lang='lat'><em>2.</em></span> <span class='ocrx_word' id='word_1_250' title='bbox 566 2646 762 2695; x_wconf 86' lang='lat' dir='ltr'><em>Calcans)</em></span> <span class='ocrx_word' id='word_1_251' title='bbox 794 2647 1041 2686; x_wconf 82' lang='lat' dir='ltr'><em>Theodosius</em></span> 
     </span>
     <span class='ocr_line' id='line_1_42' title="bbox 85 2706 1046 2756; baseline -0.002 -8"><span class='ocrx_word' id='word_1_252' title='bbox 85 2708 246 2748; x_wconf 72' lang='lat' dir='ltr'><em>Novella</em></span> <span class='ocrx_word' id='word_1_253' title='bbox 267 2737 274 2756; x_wconf 87' lang='lat'>‚</span> <span class='ocrx_word' id='word_1_254' title='bbox 296 2708 345 2747; x_wconf 90' lang='lat' dir='ltr'><em>de</em></span> <span class='ocrx_word' id='word_1_255' title='bbox 371 2709 541 2748; x_wconf 85' lang='lat' dir='ltr'><em>navibus</em></span> <span class='ocrx_word' id='word_1_256' title='bbox 565 2708 668 2747; x_wconf 87' lang='lat' dir='ltr'><em>ultra</em></span> <span class='ocrx_word' id='word_1_257' title='bbox 690 2711 730 2745; x_wconf 89' lang='lat' dir='ltr'><em>et</em></span> <span class='ocrx_word' id='word_1_258' title='bbox 750 2718 784 2745; x_wconf 89' lang='lat' dir='ltr'><em>c.</em></span> <span class='ocrx_word' id='word_1_259' title='bbox 809 2707 899 2745; x_wconf 88' lang='lat' dir='ltr'><em>Ideo</em></span> <span class='ocrx_word' id='word_1_260' title='bbox 916 2706 1046 2746; x_wconf 87' lang='lat' dir='ltr'><em>calca—</em></span> 
     </span>
     <span class='ocr_line' id='line_1_43' title="bbox 88 2768 1044 2821; baseline -0.001 -14"><span class='ocrx_word' id='word_1_261' title='bbox 88 2773 170 2807; x_wconf 85' lang='lat' dir='ltr'><em>tam</em></span> <span class='ocrx_word' id='word_1_262' title='bbox 210 2768 358 2820; x_wconf 75' lang='lat' dir='ltr'><em>le9e1n‚</em></span> <span class='ocrx_word' id='word_1_263' title='bbox 392 2781 496 2821; x_wconf 86' lang='lat' dir='ltr'><em>quae</em></span> <span class='ocrx_word' id='word_1_264' title='bbox 538 2769 584 2808; x_wconf 80' lang='lat' dir='ltr'><em>de</em></span> <span class='ocrx_word' id='word_1_265' title='bbox 613 2768 786 2817; x_wconf 71' lang='lat' dir='ltr'><em>naviqiis</em></span> <span class='ocrx_word' id='word_1_266' title='bbox 816 2779 892 2805; x_wconf 86' lang='lat' dir='ltr'><em>non</em></span> <span class='ocrx_word' id='word_1_267' title='bbox 922 2779 1044 2806; x_wconf 74' lang='lat' dir='ltr'><em>ecccu·</em></span> 
     </span>
     <span class='ocr_line' id='line_1_44' title="bbox 85 2830 869 2882; baseline -0.004 -13"><span class='ocrx_word' id='word_1_268' title='bbox 85 2830 224 2870; x_wconf 86' lang='lat' dir='ltr'><em>sandis</em></span> <span class='ocrx_word' id='word_1_269' title='bbox 248 2831 340 2870; x_wconf 85' lang='lat' dir='ltr'><em>olim</em></span> <span class='ocrx_word' id='word_1_270' title='bbox 361 2831 501 2882; x_wconf 86' lang='lat' dir='ltr'><em>fuerat</em></span> <span class='ocrx_word' id='word_1_271' title='bbox 517 2830 776 2882; x_wconf 69' lang='lat' dir='ltr'><em>promulqata</em></span> <span class='ocrx_word' id='word_1_272' title='bbox 799 2833 869 2868; x_wconf 81' lang='lat' dir='ltr'><em>etc.</em></span> 
     </span>
    </p>

    <p class='ocr_par' dir='ltr' id='par_1_8' title="bbox 87 2891 1045 3312">
     <span class='ocr_line' id='line_1_45' title="bbox 140 2891 1041 2942; baseline 0 -13"><span class='ocrx_word' id='word_1_273' title='bbox 140 2891 221 2930; x_wconf 90' lang='lat' dir='ltr'><em>lbid</em></span> <span class='ocrx_word' id='word_1_274' title='bbox 248 2898 328 2931; x_wconf 88' lang='lat' dir='ltr'><em>not.</em></span> <span class='ocrx_word' id='word_1_275' title='bbox 358 2892 762 2942; x_wconf 79' lang='lat' dir='ltr'><em>leeodorzcianasque</em></span> <span class='ocrx_word' id='word_1_276' title='bbox 788 2893 1041 2942; x_wconf 81' lang='lat' dir='ltr'><em>proponens)</em></span> 
     </span>
     <span class='ocr_line' id='line_1_46' title="bbox 87 2952 1044 3003; baseline -0.002 -12"><span class='ocrx_word' id='word_1_277' title='bbox 87 2952 177 2992; x_wconf 87' lang='lat' dir='ltr'><em>add.</em></span> <span class='ocrx_word' id='word_1_278' title='bbox 202 2954 461 2993; x_wconf 88' lang='lat' dir='ltr'><em>Corollarium</em></span> <span class='ocrx_word' id='word_1_279' title='bbox 489 2954 559 3000; x_wconf 83' lang='lat' dir='ltr'><em>fit,</em></span> <span class='ocrx_word' id='word_1_280' title='bbox 583 2954 687 3003; x_wconf 91' lang='lat' dir='ltr'><em>quod</em></span> <span class='ocrx_word' id='word_1_281' title='bbox 715 2953 850 2991; x_wconf 87' lang='lat' dir='ltr'><em>scribit</em></span> <span class='ocrx_word' id='word_1_282' title='bbox 869 2952 1044 3001; x_wconf 74' lang='lat' dir='ltr'><em>Alplion-</em></span> 
     </span>
     <span class='ocr_line' id='line_1_47' title="bbox 89 3014 1045 3064; baseline 0 -11"><span class='ocrx_word' id='word_1_283' title='bbox 89 3026 160 3054; x_wconf 90' lang='lat' dir='ltr'><em>sus</em></span> <span class='ocrx_word' id='word_1_284' title='bbox 193 3016 410 3064; x_wconf 85' lang='lat' dir='ltr'><em>Burgensis</em></span> <span class='ocrx_word' id='word_1_285' title='bbox 455 3020 495 3053; x_wconf 90' lang='lat' dir='ltr'><em>et</em></span> <span class='ocrx_word' id='word_1_286' title='bbox 537 3027 585 3053; x_wconf 79' lang='lat' dir='ltr'><em>ex</em></span> <span class='ocrx_word' id='word_1_287' title='bbox 632 3026 678 3052; x_wconf 92' lang='lat' dir='ltr'><em>eo</em></span> <span class='ocrx_word' id='word_1_288' title='bbox 723 3014 886 3052; x_wconf 90' lang='lat' dir='ltr'><em>doctiss.</em></span> <span class='ocrx_word' id='word_1_289' title='bbox 916 3014 1045 3053; x_wconf 88' lang='lat' dir='ltr'><em>Gene—</em></span> 
     </span>
     <span class='ocr_line' id='line_1_48' title="bbox 89 3075 1045 3126; baseline -0.002 -11"><span class='ocrx_word' id='word_1_290' title='bbox 89 3076 259 3116; x_wconf 85' lang='lat' dir='ltr'><em>brardus</em></span> <span class='ocrx_word' id='word_1_291' title='bbox 287 3078 324 3113; x_wconf 84' lang='lat' dir='ltr'><em>in</em></span> <span class='ocrx_word' id='word_1_292' title='bbox 349 3076 556 3115; x_wconf 89' lang='lat' dir='ltr'><em>Chronico.</em></span> <span class='ocrx_word' id='word_1_293' title='bbox 589 3075 761 3114; x_wconf 83' lang='lat' dir='ltr'><em>Enricus</em></span> <span class='ocrx_word' id='word_1_294' title='bbox 786 3077 874 3113; x_wconf 73' lang='lat' dir='ltr'><em>Rex</em></span> <span class='ocrx_word' id='word_1_295' title='bbox 905 3075 1045 3126; x_wconf 77' lang='lat' dir='ltr'><em>Hispa-</em></span> 
     </span>
     <span class='ocr_line' id='line_1_49' title="bbox 90 3135 1044 3188; baseline -0.003 -12"><span class='ocrx_word' id='word_1_296' title='bbox 90 3137 253 3176; x_wconf 85' lang='lat' dir='ltr'><em>niarum</em></span> <span class='ocrx_word' id='word_1_297' title='bbox 277 3135 413 3175; x_wconf 81' lang='lat' dir='ltr'><em>Gothis</em></span> <span class='ocrx_word' id='word_1_298' title='bbox 436 3136 594 3188; x_wconf 86' lang='lat' dir='ltr'><em>primus</em></span> <span class='ocrx_word' id='word_1_299' title='bbox 620 3135 719 3185; x_wconf 70' lang='lat' dir='ltr'><em>leyes</em></span> <span class='ocrx_word' id='word_1_300' title='bbox 744 3135 848 3174; x_wconf 72' lang='lat' dir='ltr'><em>(ledit</em></span> <span class='ocrx_word' id='word_1_301' title='bbox 872 3136 1017 3187; x_wconf 75' lang='lat' dir='ltr'><em>scripto</em></span> <span class='ocrx_word' id='word_1_302' title='bbox 1033 3168 1044 3184; x_wconf 89' lang='lat'><em>‚</em></span> 
     </span>
     <span class='ocr_line' id='line_1_50' title="bbox 90 3197 1041 3248; baseline -0.002 -10"><span class='ocrx_word' id='word_1_303' title='bbox 90 3198 194 3238; x_wconf 84' lang='lat' dir='ltr'><em>unde</em></span> <span class='ocrx_word' id='word_1_304' title='bbox 213 3209 240 3237; x_wconf 89' lang='lat' dir='ltr'><em>a</em></span> <span class='ocrx_word' id='word_1_305' title='bbox 261 3200 303 3238; x_wconf 89' lang='lat' dir='ltr'><em>S.</em></span> <span class='ocrx_word' id='word_1_306' title='bbox 320 3198 471 3237; x_wconf 87' lang='lat' dir='ltr'><em>Isidoro</em></span> <span class='ocrx_word' id='word_1_307' title='bbox 488 3199 590 3237; x_wconf 82' lang='lat' dir='ltr'><em>inter</em></span> <span class='ocrx_word' id='word_1_308' title='bbox 608 3197 852 3247; x_wconf 69' lang='lat' dir='ltr'><em>leyislatores</em></span> <span class='ocrx_word' id='word_1_309' title='bbox 867 3198 1041 3248; x_wconf 75' lang='lat' dir='ltr'><em>ponitur.</em></span> 
     </span>
     <span class='ocr_line' id='line_1_51' title="bbox 92 3260 537 3312; baseline -0.004 -12"><span class='ocrx_word' id='word_1_310' title='bbox 92 3261 189 3300; x_wconf 92' lang='lat' dir='ltr'><em>Vide</em></span> <span class='ocrx_word' id='word_1_311' title='bbox 205 3260 235 3312; x_wconf 88' lang='lat' dir='ltr'><em>j.</em></span> <span class='ocrx_word' id='word_1_312' title='bbox 259 3262 373 3311; x_wconf 87' lang='lat' dir='ltr'><em>epist.</em></span> <span class='ocrx_word' id='word_1_313' title='bbox 394 3260 430 3298; x_wconf 88' lang='lat'><em>3.</em></span> <span class='ocrx_word' id='word_1_314' title='bbox 455 3261 478 3298; x_wconf 93' lang='lat' dir='ltr'><em>l.</em></span> <span class='ocrx_word' id='word_1_315' title='bbox 500 3260 537 3298; x_wconf 83' lang='lat'><em>5.</em></span> 
     </span>
    </p>
   </div>
   <div class='ocr_carea' id='block_1_5' title="bbox 1115 222 2085 3309">
    <p class='ocr_par' dir='ltr' id='par_1_9' title="bbox 2005 222 2083 262">
     <span class='ocr_line' id='line_1_52' title="bbox 2005 222 2083 262; baseline 0 0"><span class='ocrx_word' id='word_1_316' title='bbox 2005 222 2083 262; x_wconf 84' lang='grc'>467</span> 
     </span>
    </p>

    <p class='ocr_par' dir='ltr' id='par_1_10' title="bbox 1124 282 2085 626">
     <span class='ocr_line' id='line_1_53' title="bbox 1179 282 2085 339; baseline 0.012 -19"><span class='ocrx_word' id='word_1_317' title='bbox 1179 282 1225 321; x_wconf 89' lang='grc' dir='ltr'><em>ΙΙ.</em></span> <span class='ocrx_word' id='word_1_318' title='bbox 1244 284 1280 320; x_wconf 73' lang='lat'><em>2.</em></span> <span class='ocrx_word' id='word_1_319' title='bbox 1308 284 1395 323; x_wconf 90' lang='grc'>408.</span> <span class='ocrx_word' id='word_1_320' title='bbox 1421 291 1509 336; x_wconf 90' lang='lat' dir='ltr'><em>post</em></span> <span class='ocrx_word' id='word_1_321' title='bbox 1541 289 1607 326; x_wconf 88' lang='lat' dir='ltr'><em>lin.</em></span> <span class='ocrx_word' id='word_1_322' title='bbox 1637 289 1673 326; x_wconf 91' lang='lat'><em>8.</em></span> <span class='ocrx_word' id='word_1_323' title='bbox 1707 289 1912 339; x_wconf 79' lang='lat' dir='ltr'><em>Contenta)</em></span> <span class='ocrx_word' id='word_1_324' title='bbox 1944 290 2085 331; x_wconf 88' lang='lat' dir='ltr'><em>Archi-</em></span> 
     </span>
     <span class='ocr_line' id='line_1_54' title="bbox 1125 344 2082 393; baseline 0.013 -13"><span class='ocrx_word' id='word_1_325' title='bbox 1125 344 1278 382; x_wconf 86' lang='lat' dir='ltr'><em>trenius</em></span> <span class='ocrx_word' id='word_1_326' title='bbox 1301 346 1414 384; x_wconf 88' lang='lat' dir='ltr'><em>simia</em></span> <span class='ocrx_word' id='word_1_327' title='bbox 1436 348 1584 386; x_wconf 89' lang='lat' dir='ltr'><em>Sidonii</em></span> <span class='ocrx_word' id='word_1_328' title='bbox 1610 352 1732 388; x_wconf 79' lang='lat' dir='ltr'><em>nostri</em></span> <span class='ocrx_word' id='word_1_329' title='bbox 1765 352 1789 389; x_wconf 93' lang='lat' dir='ltr'><em>l.</em></span> <span class='ocrx_word' id='word_1_330' title='bbox 1818 352 1850 389; x_wconf 82' lang='grc'>4.</span> <span class='ocrx_word' id='word_1_331' title='bbox 1871 363 1906 390; x_wconf 93' lang='lat' dir='ltr'><em>c.</em></span> <span class='ocrx_word' id='word_1_332' title='bbox 1927 353 1964 391; x_wconf 91' lang='lat'><em>8.</em></span> <span class='ocrx_word' id='word_1_333' title='bbox 1993 353 2082 393; x_wconf 84' lang='lat' dir='ltr'><em>Sole</em></span> 
     </span>
     <span class='ocr_line' id='line_1_55' title="bbox 1124 407 2081 454; baseline 0.015 -13"><span class='ocrx_word' id='word_1_334' title='bbox 1124 414 1197 442; x_wconf 91' lang='lat' dir='ltr'><em>suo</em></span> <span class='ocrx_word' id='word_1_335' title='bbox 1221 409 1399 445; x_wconf 82' lang='lat' dir='ltr'><em>contenta</em></span> <span class='ocrx_word' id='word_1_336' title='bbox 1420 407 1562 448; x_wconf 84' lang='lat' dir='ltr'><em>damus</em></span> <span class='ocrx_word' id='word_1_337' title='bbox 1585 414 1654 448; x_wconf 91' lang='lat' dir='ltr'><em>etc.</em></span> <span class='ocrx_word' id='word_1_338' title='bbox 1678 423 1754 450; x_wconf 91' lang='lat' dir='ltr'><em>non</em></span> <span class='ocrx_word' id='word_1_339' title='bbox 1776 413 1943 452; x_wconf 82' lang='lat' dir='ltr'><em>absimili</em></span> <span class='ocrx_word' id='word_1_340' title='bbox 1974 415 2081 454; x_wconf 87' lang='lat' dir='ltr'><em>locu-</em></span> 
     </span>
     <span class='ocr_line' id='line_1_56' title="bbox 1127 466 2083 514; baseline 0.014 -12"><span class='ocrx_word' id='word_1_341' title='bbox 1127 466 1232 503; x_wconf 87' lang='lat' dir='ltr'><em>tione</em></span> <span class='ocrx_word' id='word_1_342' title='bbox 1261 466 1456 507; x_wconf 85' lang='lat' dir='ltr'><em>ducamus</em></span> <span class='ocrx_word' id='word_1_343' title='bbox 1481 471 1516 508; x_wconf 92' lang='lat'><em>8.</em></span> <span class='ocrx_word' id='word_1_344' title='bbox 1548 471 1672 510; x_wconf 83' lang='lat' dir='ltr'><em>Terra</em></span> <span class='ocrx_word' id='word_1_345' title='bbox 1696 473 1782 512; x_wconf 88' lang='lat' dir='ltr'><em>suis</em></span> <span class='ocrx_word' id='word_1_346' title='bbox 1810 479 1988 514; x_wconf 81' lang='lat' dir='ltr'><em>contenta</em></span> <span class='ocrx_word' id='word_1_347' title='bbox 2018 474 2083 514; x_wconf 91' lang='lat' dir='ltr'><em>bo-</em></span> 
     </span>
     <span class='ocr_line' id='line_1_57' title="bbox 1125 525 2082 580; baseline 0.014 -18"><span class='ocrx_word' id='word_1_348' title='bbox 1125 525 1187 564; x_wconf 80' lang='lat' dir='ltr'><em>nis</em></span> <span class='ocrx_word' id='word_1_349' title='bbox 1212 530 1281 565; x_wconf 88' lang='lat' dir='ltr'><em>etc.</em></span> <span class='ocrx_word' id='word_1_350' title='bbox 1304 539 1423 577; x_wconf 86' lang='lat' dir='ltr'><em>supra</em></span> <span class='ocrx_word' id='word_1_351' title='bbox 1448 533 1563 580; x_wconf 83' lang='lat' dir='ltr'><em>epist.</em></span> <span class='ocrx_word' id='word_1_352' title='bbox 1590 533 1626 570; x_wconf 89' lang='lat'><em>8.</em></span> <span class='ocrx_word' id='word_1_353' title='bbox 1649 534 1670 570; x_wconf 95' lang='lat' dir='ltr'><em>l.</em></span> <span class='ocrx_word' id='word_1_354' title='bbox 1704 536 1738 573; x_wconf 91' lang='grc'>4.</span> <span class='ocrx_word' id='word_1_355' title='bbox 1766 534 1878 574; x_wconf 85' lang='lat' dir='ltr'><em>Coeli</em></span> <span class='ocrx_word' id='word_1_356' title='bbox 1905 536 1973 575; x_wconf 86' lang='lat' dir='ltr'><em>sui</em></span> <span class='ocrx_word' id='word_1_357' title='bbox 1996 536 2082 576; x_wconf 81' lang='lat' dir='ltr'><em>dote</em></span> 
     </span>
     <span class='ocr_line' id='line_1_58' title="bbox 1124 588 1324 626; baseline 0.02 -4"><span class='ocrx_word' id='word_1_358' title='bbox 1124 588 1324 626; x_wconf 87' lang='lat' dir='ltr'><em>contentis.</em></span> 
     </span>
    </p>

    <p class='ocr_par' dir='ltr' id='par_1_11' title="bbox 1120 650 2082 883">
     <span class='ocr_line' id='line_1_59' title="bbox 1179 650 2082 706; baseline 0.014 -21"><span class='ocrx_word' id='word_1_359' title='bbox 1179 659 1214 697; x_wconf 92' lang='lat' dir='ltr'><em>p.</em></span> <span class='ocrx_word' id='word_1_360' title='bbox 1246 650 1333 687; x_wconf 88' lang='grc'>440.</span> <span class='ocrx_word' id='word_1_361' title='bbox 1360 654 1442 688; x_wconf 92' lang='lat' dir='ltr'><em>not.</em></span> <span class='ocrx_word' id='word_1_362' title='bbox 1461 651 1541 690; x_wconf 88' lang='lat' dir='ltr'><em>Nec</em></span> <span class='ocrx_word' id='word_1_363' title='bbox 1553 653 1658 703; x_wconf 84' lang='lat' dir='ltr'><em>pilae</em></span> <span class='ocrx_word' id='word_1_364' title='bbox 1676 660 1770 694; x_wconf 86' lang='lat' dir='ltr'><em>sunt</em></span> <span class='ocrx_word' id='word_1_365' title='bbox 1785 657 1962 706; x_wconf 81' lang='lat' dir='ltr'><em>mediae)</em></span> <span class='ocrx_word' id='word_1_366' title='bbox 1985 660 2082 698; x_wconf 86' lang='lat' dir='ltr'><em>Pau-</em></span> 
     </span>
     <span class='ocr_line' id='line_1_60' title="bbox 1124 707 2081 770; baseline 0.015 -26"><span class='ocrx_word' id='word_1_367' title='bbox 1124 707 1230 746; x_wconf 87' lang='lat' dir='ltr'><em>linus</em></span> <span class='ocrx_word' id='word_1_368' title='bbox 1252 710 1318 747; x_wconf 88' lang='lat' dir='ltr'><em>lX.</em></span> <span class='ocrx_word' id='word_1_369' title='bbox 1345 712 1462 749; x_wconf 83' lang='lat' dir='ltr'><em>natali</em></span> <span class='ocrx_word' id='word_1_370' title='bbox 1495 714 1535 751; x_wconf 90' lang='lat' dir='ltr'><em>S.</em></span> <span class='ocrx_word' id='word_1_371' title='bbox 1566 716 1716 754; x_wconf 87' lang='lat' dir='ltr'><em>Felicis.</em></span> <span class='ocrx_word' id='word_1_372' title='bbox 1747 719 1936 770; x_wconf 81' lang='lat' dir='ltr'><em>Quaeque</em></span> <span class='ocrx_word' id='word_1_373' title='bbox 1960 719 2081 770; x_wconf 84' lang='lat' dir='ltr'><em>prius</em></span> 
     </span>
     <span class='ocr_line' id='line_1_61' title="bbox 1120 767 2081 827; baseline 0.015 -22"><span class='ocrx_word' id='word_1_374' title='bbox 1120 767 1213 818; x_wconf 79' lang='lat' dir='ltr'><em>pilis</em></span> <span class='ocrx_word' id='word_1_375' title='bbox 1237 769 1345 808; x_wconf 84' lang='lat' dir='ltr'><em>stetit</em></span> <span class='ocrx_word' id='word_1_376' title='bbox 1365 770 1461 810; x_wconf 79' lang='lat' dir='ltr'><em>haec</em></span> <span class='ocrx_word' id='word_1_377' title='bbox 1481 773 1592 813; x_wconf 70' lang='lat' dir='ltr'><em>modo</em></span> <span class='ocrx_word' id='word_1_378' title='bbox 1613 774 1717 826; x_wconf 84' lang='lat' dir='ltr'><em>fulta</em></span> <span class='ocrx_word' id='word_1_379' title='bbox 1733 777 1924 818; x_wconf 86' lang='lat' dir='ltr'><em>columnis</em></span> <span class='ocrx_word' id='word_1_380' title='bbox 1943 811 1954 827; x_wconf 77' lang='lat'><em>,</em></span> <span class='ocrx_word' id='word_1_381' title='bbox 1986 779 2081 819; x_wconf 86' lang='lat' dir='ltr'><em>vilia</em></span> 
     </span>
     <span class='ocr_line' id='line_1_62' title="bbox 1125 833 1856 883; baseline 0.014 -17"><span class='ocrx_word' id='word_1_382' title='bbox 1125 833 1274 868; x_wconf 82' lang='lat' dir='ltr'><em>mutato</em></span> <span class='ocrx_word' id='word_1_383' title='bbox 1299 834 1453 883; x_wconf 78' lang='lat' dir='ltr'><em>sprevit</em></span> <span class='ocrx_word' id='word_1_384' title='bbox 1469 840 1671 874; x_wconf 85' lang='lat' dir='ltr'><em>caementa</em></span> <span class='ocrx_word' id='word_1_385' title='bbox 1691 837 1856 876; x_wconf 85' lang='lat' dir='ltr'><em>metallo.</em></span> 
     </span>
    </p>

    <p class='ocr_par' dir='ltr' id='par_1_12' title="bbox 1128 893 2081 1001">
     <span class='ocr_line' id='line_1_63' title="bbox 1181 893 2081 949; baseline 0.011 -19"><span class='ocrx_word' id='word_1_386' title='bbox 1181 903 1216 942; x_wconf 85' lang='lat' dir='ltr'><em>p.</em></span> <span class='ocrx_word' id='word_1_387' title='bbox 1243 893 1330 931; x_wconf 92' lang='grc'>447.</span> <span class='ocrx_word' id='word_1_388' title='bbox 1357 899 1436 932; x_wconf 86' lang='lat' dir='ltr'><em>not.</em></span> <span class='ocrx_word' id='word_1_389' title='bbox 1476 896 1584 934; x_wconf 82' lang='lat' dir='ltr'><em>Inter</em></span> <span class='ocrx_word' id='word_1_390' title='bbox 1617 908 1761 949; x_wconf 72' lang='lat' dir='ltr'><em>yreqes</em></span> <span class='ocrx_word' id='word_1_391' title='bbox 1801 899 2081 939; x_wconf 84' lang='lat' dir='ltr'><em>tintinnabula-</em></span> 
     </span>
     <span class='ocr_line' id='line_1_64' title="bbox 1128 954 2008 1001; baseline 0.013 -12"><span class='ocrx_word' id='word_1_392' title='bbox 1128 954 1208 1001; x_wconf 87' lang='lat' dir='ltr'><em>tos)</em></span> <span class='ocrx_word' id='word_1_393' title='bbox 1231 954 1318 992; x_wconf 84' lang='lat' dir='ltr'><em>add.</em></span> <span class='ocrx_word' id='word_1_394' title='bbox 1347 956 1534 995; x_wconf 78' lang='lat' dir='ltr'><em>Paulinus</em></span> <span class='ocrx_word' id='word_1_395' title='bbox 1558 959 1677 997; x_wconf 86' lang='lat' dir='ltr'><em>natali</em></span> <span class='ocrx_word' id='word_1_396' title='bbox 1704 959 1767 998; x_wconf 88' lang='lat' dir='ltr'><em>VI.</em></span> <span class='ocrx_word' id='word_1_397' title='bbox 1793 961 1833 999; x_wconf 88' lang='lat' dir='ltr'><em>S.</em></span> <span class='ocrx_word' id='word_1_398' title='bbox 1858 962 2008 1000; x_wconf 90' lang='lat' dir='ltr'><em>Felicis.</em></span> 
     </span>
    </p>

    <p class='ocr_par' dir='ltr' id='par_1_13' title="bbox 1139 1035 2050 1220">
     <span class='ocr_line' id='line_1_65' title="bbox 1141 1035 1674 1075; baseline 0.011 -14"><span class='ocrx_word' id='word_1_399' title='bbox 1141 1052 1288 1062; x_wconf 86' lang='grc'><strong>.....</strong></span> <span class='ocrx_word' id='word_1_400' title='bbox 1314 1037 1349 1063; x_wconf 82' lang='lat' dir='ltr'><em>ut</em></span> <span class='ocrx_word' id='word_1_401' title='bbox 1374 1036 1545 1075; x_wconf 82' lang='lat' dir='ltr'><em>praesepia</em></span> <span class='ocrx_word' id='word_1_402' title='bbox 1562 1035 1674 1075; x_wconf 83' lang='lat' dir='ltr'><em>vidit,</em></span> 
     </span>
     <span class='ocr_line' id='line_1_66' title="bbox 1140 1079 2050 1128; baseline 0.013 -18"><span class='ocrx_word' id='word_1_403' title='bbox 1140 1079 1232 1111; x_wconf 86' lang='lat' dir='ltr'><em>Nuda</em></span> <span class='ocrx_word' id='word_1_404' title='bbox 1248 1080 1350 1113; x_wconf 89' lang='lat' dir='ltr'><em>boum</em></span> <span class='ocrx_word' id='word_1_405' title='bbox 1365 1106 1373 1113; x_wconf 93' lang='lat'><em>.</em></span> <span class='ocrx_word' id='word_1_406' title='bbox 1393 1087 1425 1114; x_wconf 84' lang='lat' dir='ltr'><em>et</em></span> <span class='ocrx_word' id='word_1_407' title='bbox 1441 1084 1553 1115; x_wconf 84' lang='lat' dir='ltr'><em>nullos</em></span> <span class='ocrx_word' id='word_1_408' title='bbox 1571 1084 1650 1117; x_wconf 85' lang='lat' dir='ltr'><em>dare</em></span> <span class='ocrx_word' id='word_1_409' title='bbox 1668 1087 1895 1119; x_wconf 82' lang='lat' dir='ltr'><em>tintinnabula</em></span> <span class='ocrx_word' id='word_1_410' title='bbox 1914 1088 2027 1128; x_wconf 83' lang='lat' dir='ltr'><em>pulsus</em></span> <span class='ocrx_word' id='word_1_411' title='bbox 2040 1113 2050 1126; x_wconf 85' lang='lat'><em>,</em></span> 
     </span>
     <span class='ocr_line' id='line_1_67' title="bbox 1140 1131 1984 1176; baseline 0.012 -18"><span class='ocrx_word' id='word_1_412' title='bbox 1140 1131 1287 1160; x_wconf 81' lang='lat' dir='ltr'><em>Excussa</em></span> <span class='ocrx_word' id='word_1_413' title='bbox 1307 1135 1343 1161; x_wconf 90' lang='lat' dir='ltr'><em>ut</em></span> <span class='ocrx_word' id='word_1_414' title='bbox 1359 1134 1489 1164; x_wconf 85' lang='lat' dir='ltr'><em>cervice</em></span> <span class='ocrx_word' id='word_1_415' title='bbox 1509 1133 1611 1164; x_wconf 88' lang='lat' dir='ltr'><em>boum</em></span> <span class='ocrx_word' id='word_1_416' title='bbox 1626 1136 1790 1173; x_wconf 79' lang='lat' dir='ltr'><em>crepitare</em></span> <span class='ocrx_word' id='word_1_417' title='bbox 1809 1136 1984 1176; x_wconf 83' lang='lat' dir='ltr'><em>solebant;</em></span> 
     </span>
     <span class='ocr_line' id='line_1_68' title="bbox 1139 1177 1925 1220; baseline 0.011 -13"><span class='ocrx_word' id='word_1_418' title='bbox 1139 1177 1291 1210; x_wconf 85' lang='lat' dir='ltr'><em>Mollibus</em></span> <span class='ocrx_word' id='word_1_419' title='bbox 1310 1183 1368 1210; x_wconf 85' lang='lat' dir='ltr'><em>aut</em></span> <span class='ocrx_word' id='word_1_420' title='bbox 1382 1180 1481 1212; x_wconf 85' lang='lat' dir='ltr'><em>lentis</em></span> <span class='ocrx_word' id='word_1_421' title='bbox 1499 1189 1580 1213; x_wconf 88' lang='lat' dir='ltr'><em>cava</em></span> <span class='ocrx_word' id='word_1_422' title='bbox 1604 1183 1705 1220; x_wconf 72' lang='lat' dir='ltr'><em>lignis</em></span> <span class='ocrx_word' id='word_1_423' title='bbox 1723 1191 1799 1214; x_wconf 85' lang='lat' dir='ltr'><em>aera</em></span> <span class='ocrx_word' id='word_1_424' title='bbox 1817 1184 1925 1217; x_wconf 79' lang='lat' dir='ltr'><em>serii-e.</em></span> 
     </span>
    </p>

    <p class='ocr_par' dir='ltr' id='par_1_14' title="bbox 1127 1245 2082 1414">
     <span class='ocr_line' id='line_1_69' title="bbox 1180 1245 2079 1298; baseline 0.011 -17"><span class='ocrx_word' id='word_1_425' title='bbox 1180 1245 1228 1282; x_wconf 91' lang='lat'><em>11.</em></span> <span class='ocrx_word' id='word_1_426' title='bbox 1254 1245 1291 1282; x_wconf 90' lang='grc'><em>7.</em></span> <span class='ocrx_word' id='word_1_427' title='bbox 1321 1258 1356 1295; x_wconf 91' lang='lat' dir='ltr'><em>p.</em></span> <span class='ocrx_word' id='word_1_428' title='bbox 1388 1247 1465 1284; x_wconf 70' lang='grc'>428</span> <span class='ocrx_word' id='word_1_429' title='bbox 1511 1254 1590 1286; x_wconf 87' lang='lat' dir='ltr'><em>not.</em></span> <span class='ocrx_word' id='word_1_430' title='bbox 1623 1250 1959 1298; x_wconf 82' lang='lat' dir='ltr'><em>Intermz‘nabz&#39;lis)</em></span> <span class='ocrx_word' id='word_1_431' title='bbox 1990 1253 2079 1291; x_wconf 92' lang='lat' dir='ltr'><em>add.</em></span> 
     </span>
     <span class='ocr_line' id='line_1_70' title="bbox 1128 1304 2082 1352; baseline 0.01 -11"><span class='ocrx_word' id='word_1_432' title='bbox 1128 1304 1421 1344; x_wconf 84' lang='lat' dir='ltr'><em>interminabile</em></span> <span class='ocrx_word' id='word_1_433' title='bbox 1461 1305 1604 1346; x_wconf 86' lang='lat' dir='ltr'><em>bonum</em></span> <span class='ocrx_word' id='word_1_434' title='bbox 1640 1311 1786 1349; x_wconf 86' lang='lat' dir='ltr'><em>Fausto</em></span> <span class='ocrx_word' id='word_1_435' title='bbox 1810 1312 1858 1350; x_wconf 93' lang='lat' dir='ltr'><em>ad</em></span> <span class='ocrx_word' id='word_1_436' title='bbox 1883 1314 2082 1352; x_wconf 86' lang='lat' dir='ltr'><em>Roricium</em></span> 
     </span>
     <span class='ocr_line' id='line_1_71' title="bbox 1127 1365 1303 1414; baseline 0.017 -13"><span class='ocrx_word' id='word_1_437' title='bbox 1127 1367 1243 1414; x_wconf 89' lang='lat' dir='ltr'><em>epist.</em></span> <span class='ocrx_word' id='word_1_438' title='bbox 1265 1365 1303 1403; x_wconf 92' lang='lat'><em>7.</em></span> 
     </span>
    </p>

    <p class='ocr_par' dir='ltr' id='par_1_15' title="bbox 1122 1428 2084 1787">
     <span class='ocr_line' id='line_1_72' title="bbox 1182 1428 2082 1481; baseline 0.01 -17"><span class='ocrx_word' id='word_1_439' title='bbox 1182 1428 1226 1465; x_wconf 87' lang='lat' dir='ltr'><em>ll.</em></span> <span class='ocrx_word' id='word_1_440' title='bbox 1249 1428 1287 1465; x_wconf 88' lang='lat'><em>8.</em></span> <span class='ocrx_word' id='word_1_441' title='bbox 1312 1439 1347 1477; x_wconf 91' lang='lat' dir='ltr'><em>p.</em></span> <span class='ocrx_word' id='word_1_442' title='bbox 1387 1429 1474 1466; x_wconf 88' lang='grc'>430.</span> <span class='ocrx_word' id='word_1_443' title='bbox 1513 1430 1859 1481; x_wconf 81' lang='lat' dir='ltr'><strong>DESIDERATO)</strong></span> <span class='ocrx_word' id='word_1_444' title='bbox 1899 1436 2082 1473; x_wconf 89' lang='lat' dir='ltr'><em>Civitatis</em></span> 
     </span>
     <span class='ocr_line' id='line_1_73' title="bbox 1124 1486 2080 1545; baseline 0.009 -20"><span class='ocrx_word' id='word_1_445' title='bbox 1124 1486 1330 1527; x_wconf 80' lang='lat' dir='ltr'><em>Arvernae</em></span> <span class='ocrx_word' id='word_1_446' title='bbox 1357 1489 1536 1528; x_wconf 84' lang='lat' dir='ltr'><em>Senatori</em></span> <span class='ocrx_word' id='word_1_447' title='bbox 1553 1503 1604 1529; x_wconf 75' lang='lat' dir='ltr'><em>ex</em></span> <span class='ocrx_word' id='word_1_448' title='bbox 1627 1491 1744 1540; x_wconf 83' lang='lat' dir='ltr'><em>cujus</em></span> <span class='ocrx_word' id='word_1_449' title='bbox 1767 1505 1911 1543; x_wconf 82' lang='lat' dir='ltr'><em>genere</em></span> <span class='ocrx_word' id='word_1_450' title='bbox 1937 1496 2080 1545; x_wconf 86' lang='lat' dir='ltr'><em>prodiit</em></span> 
     </span>
     <span class='ocr_line' id='line_1_74' title="bbox 1124 1549 2079 1604; baseline 0.008 -18"><span class='ocrx_word' id='word_1_451' title='bbox 1124 1549 1165 1586; x_wconf 84' lang='lat' dir='ltr'><em>S.</em></span> <span class='ocrx_word' id='word_1_452' title='bbox 1189 1549 1446 1589; x_wconf 81' lang='lat' dir='ltr'><em>Desideratus</em></span> <span class='ocrx_word' id='word_1_453' title='bbox 1473 1553 1696 1603; x_wconf 86' lang='lat' dir='ltr'><em>Episcopus</em></span> <span class='ocrx_word' id='word_1_454' title='bbox 1720 1554 2013 1604; x_wconf 88' lang='lat' dir='ltr'><em>Arvernarum,</em></span> <span class='ocrx_word' id='word_1_455' title='bbox 2039 1558 2079 1594; x_wconf 93' lang='lat' dir='ltr'><em>S.</em></span> 
     </span>
     <span class='ocr_line' id='line_1_75' title="bbox 1122 1610 2084 1663; baseline 0.009 -17"><span class='ocrx_word' id='word_1_456' title='bbox 1122 1610 1227 1647; x_wconf 86' lang='lat' dir='ltr'><em>Aviti</em></span> <span class='ocrx_word' id='word_1_457' title='bbox 1253 1611 1470 1650; x_wconf 86' lang='lat' dir='ltr'><em>Successor</em></span> <span class='ocrx_word' id='word_1_458' title='bbox 1486 1643 1494 1658; x_wconf 88' lang='lat'><strong><em>,</em></strong></span> <span class='ocrx_word' id='word_1_459' title='bbox 1520 1613 1569 1651; x_wconf 87' lang='lat' dir='ltr'><em>de</em></span> <span class='ocrx_word' id='word_1_460' title='bbox 1585 1625 1664 1663; x_wconf 91' lang='lat' dir='ltr'><em>quo</em></span> <span class='ocrx_word' id='word_1_461' title='bbox 1690 1615 1900 1653; x_wconf 81' lang='lat' dir='ltr'><em>honorifica</em></span> <span class='ocrx_word' id='word_1_462' title='bbox 1922 1615 2084 1655; x_wconf 90' lang='lat' dir='ltr'><em>historia</em></span> 
     </span>
     <span class='ocr_line' id='line_1_76' title="bbox 1122 1671 2080 1717; baseline 0.007 -9"><span class='ocrx_word' id='word_1_463' title='bbox 1122 1671 1161 1708; x_wconf 89' lang='lat' dir='ltr'><em>S.</em></span> <span class='ocrx_word' id='word_1_464' title='bbox 1183 1671 1289 1709; x_wconf 90' lang='lat' dir='ltr'><em>Aviti</em></span> <span class='ocrx_word' id='word_1_465' title='bbox 1316 1673 1397 1711; x_wconf 75' lang='grc' dir='ltr'><em>ΜΞ.</em></span> <span class='ocrx_word' id='word_1_466' title='bbox 1428 1673 1536 1711; x_wconf 81' lang='lat' dir='ltr'><em>liber.</em></span> <span class='ocrx_word' id='word_1_467' title='bbox 1572 1675 1601 1712; x_wconf 90' lang='lat'><em>1.</em></span> <span class='ocrx_word' id='word_1_468' title='bbox 1639 1674 1688 1712; x_wconf 87' lang='lat' dir='ltr'><em>de</em></span> <span class='ocrx_word' id='word_1_469' title='bbox 1717 1676 1909 1714; x_wconf 89' lang='lat' dir='ltr'><em>Ecclesiis</em></span> <span class='ocrx_word' id='word_1_470' title='bbox 1946 1677 2080 1717; x_wconf 87' lang='lat' dir='ltr'><em>Claro-</em></span> 
     </span>
     <span class='ocr_line' id='line_1_77' title="bbox 1123 1733 1976 1787; baseline 0.007 -18"><span class='ocrx_word' id='word_1_471' title='bbox 1123 1733 1289 1780; x_wconf 84' lang='lat' dir='ltr'><em>montii‚</em></span> <span class='ocrx_word' id='word_1_472' title='bbox 1316 1745 1424 1772; x_wconf 91' lang='lat' dir='ltr'><em>num.</em></span> <span class='ocrx_word' id='word_1_473' title='bbox 1451 1735 1512 1773; x_wconf 89' lang='grc'>48.</span> <span class='ocrx_word' id='word_1_474' title='bbox 1538 1739 1578 1772; x_wconf 88' lang='lat' dir='ltr'><em>et</em></span> <span class='ocrx_word' id='word_1_475' title='bbox 1600 1736 1715 1774; x_wconf 81' lang='lat' dir='ltr'><em>catal.</em></span> <span class='ocrx_word' id='word_1_476' title='bbox 1746 1738 1976 1787; x_wconf 90' lang='lat' dir='ltr'><em>Episcopor.</em></span> 
     </span>
    </p>

    <p class='ocr_par' dir='ltr' id='par_1_16' title="bbox 1120 1795 2080 1896">
     <span class='ocr_line' id='line_1_78' title="bbox 1175 1795 2080 1849; baseline 0.008 -19"><span class='ocrx_word' id='word_1_477' title='bbox 1175 1805 1211 1842; x_wconf 89' lang='lat' dir='ltr'><em>p.</em></span> <span class='ocrx_word' id='word_1_478' title='bbox 1239 1795 1327 1833; x_wconf 87' lang='grc'>434.</span> <span class='ocrx_word' id='word_1_479' title='bbox 1355 1796 1529 1835; x_wconf 84' lang='lat' dir='ltr'><em>Carmen</em></span> <span class='ocrx_word' id='word_1_480' title='bbox 1566 1798 1768 1846; x_wconf 72' lang='lat' dir='ltr'><em>sacceum)</em></span> <span class='ocrx_word' id='word_1_481' title='bbox 1792 1797 1882 1836; x_wconf 89' lang='lat' dir='ltr'><em>add.</em></span> <span class='ocrx_word' id='word_1_482' title='bbox 1921 1798 2080 1849; x_wconf 80' lang='lat' dir='ltr'><em>rupices</em></span> 
     </span>
     <span class='ocr_line' id='line_1_79' title="bbox 1120 1852 1677 1896; baseline 0.004 -6"><span class='ocrx_word' id='word_1_483' title='bbox 1120 1852 1309 1893; x_wconf 75' lang='lat' dir='ltr'><em>chartae.</em></span> <span class='ocrx_word' id='word_1_484' title='bbox 1335 1857 1521 1895; x_wconf 82' lang='lat' dir='ltr'><em>Salviano</em></span> <span class='ocrx_word' id='word_1_485' title='bbox 1547 1857 1610 1895; x_wconf 88' lang='lat' dir='ltr'><em>lib.</em></span> <span class='ocrx_word' id='word_1_486' title='bbox 1641 1859 1677 1896; x_wconf 97' lang='grc'>4.</span> 
     </span>
    </p>

    <p class='ocr_par' dir='ltr' id='par_1_17' title="bbox 1118 1916 2080 2031">
     <span class='ocr_line' id='line_1_80' title="bbox 1174 1916 2080 1970; baseline 0.006 -17"><span class='ocrx_word' id='word_1_487' title='bbox 1174 1916 1219 1953; x_wconf 88' lang='lat'><em>11.</em></span> <span class='ocrx_word' id='word_1_488' title='bbox 1242 1917 1276 1954; x_wconf 92' lang='lat'><em>9.</em></span> <span class='ocrx_word' id='word_1_489' title='bbox 1304 1928 1340 1967; x_wconf 90' lang='lat' dir='ltr'><em>p.</em></span> <span class='ocrx_word' id='word_1_490' title='bbox 1364 1918 1454 1956; x_wconf 88' lang='grc'>444.</span> <span class='ocrx_word' id='word_1_491' title='bbox 1480 1922 1561 1956; x_wconf 90' lang='lat' dir='ltr'><em>not.</em></span> <span class='ocrx_word' id='word_1_492' title='bbox 1598 1918 1885 1970; x_wconf 86' lang='lat' dir='ltr'><em>Cavendusque</em></span> <span class='ocrx_word' id='word_1_493' title='bbox 1930 1923 2080 1959; x_wconf 84' lang='lat' dir='ltr'><em>tracta-</em></span> 
     </span>
     <span class='ocr_line' id='line_1_81' title="bbox 1118 1975 2079 2031; baseline 0.004 -18"><span class='ocrx_word' id='word_1_494' title='bbox 1118 1977 1442 2026; x_wconf 86' lang='lat' dir='ltr'><em>tor)add.Glossa</em></span> <span class='ocrx_word' id='word_1_495' title='bbox 1459 1983 1596 2017; x_wconf 87' lang='lat' dir='ltr'><em>vetus:</em></span> <span class='ocrx_word' id='word_1_496' title='bbox 1610 1975 1852 2031; x_wconf 63' lang='grc' dir='ltr'>ὃμνλητικὸς</span> <span class='ocrx_word' id='word_1_497' title='bbox 1875 1984 2079 2019; x_wconf 81' lang='lat' dir='ltr'><em>tractator.</em></span> 
     </span>
    </p>

    <p class='ocr_par' dir='ltr' id='par_1_18' title="bbox 1116 2039 2081 2141">
     <span class='ocr_line' id='line_1_82' title="bbox 1171 2039 2081 2090; baseline 0.005 -15"><span class='ocrx_word' id='word_1_498' title='bbox 1171 2039 1262 2076; x_wconf 91' lang='lat' dir='ltr'><em>ibid.</em></span> <span class='ocrx_word' id='word_1_499' title='bbox 1286 2045 1366 2077; x_wconf 91' lang='lat' dir='ltr'><em>not.</em></span> <span class='ocrx_word' id='word_1_500' title='bbox 1395 2042 1597 2090; x_wconf 86' lang='lat' dir='ltr'><em>moneret)</em></span> <span class='ocrx_word' id='word_1_501' title='bbox 1631 2041 1721 2080; x_wconf 87' lang='lat' dir='ltr'><em>add.</em></span> <span class='ocrx_word' id='word_1_502' title='bbox 1740 2042 1979 2081; x_wconf 88' lang='lat' dir='ltr'><em>Prudentius</em></span> <span class='ocrx_word' id='word_1_503' title='bbox 2009 2043 2081 2081; x_wconf 82' lang='lat' dir='ltr'><em>Ca-</em></span> 
     </span>
     <span class='ocr_line' id='line_1_83' title="bbox 1116 2099 2077 2141; baseline 0.003 -5"><span class='ocrx_word' id='word_1_504' title='bbox 1116 2099 1239 2138; x_wconf 88' lang='lat' dir='ltr'><em>them.</em></span> <span class='ocrx_word' id='word_1_505' title='bbox 1265 2102 1300 2139; x_wconf 88' lang='lat'><strong>3.</strong></span> <span class='ocrx_word' id='word_1_506' title='bbox 1336 2102 1502 2140; x_wconf 87' lang='lat' dir='ltr'><em>Sumere</em></span> <span class='ocrx_word' id='word_1_507' title='bbox 1540 2113 1630 2140; x_wconf 84' lang='lat' dir='ltr'><em>eum</em></span> <span class='ocrx_word' id='word_1_508' title='bbox 1654 2107 1783 2140; x_wconf 84' lang='lat' dir='ltr'><em>monet</em></span> <span class='ocrx_word' id='word_1_509' title='bbox 1810 2102 1909 2140; x_wconf 74' lang='lat' dir='ltr'><em>liora</em></span> <span class='ocrx_word' id='word_1_510' title='bbox 1934 2101 2077 2141; x_wconf 83' lang='lat' dir='ltr'><em>cibum.</em></span> 
     </span>
    </p>

    <p class='ocr_par' dir='ltr' id='par_1_19' title="bbox 1115 2163 2077 2274">
     <span class='ocr_line' id='line_1_84' title="bbox 1169 2163 2077 2212; baseline 0.002 -13"><span class='ocrx_word' id='word_1_511' title='bbox 1169 2173 1204 2211; x_wconf 92' lang='lat' dir='ltr'><em>p.</em></span> <span class='ocrx_word' id='word_1_512' title='bbox 1232 2163 1322 2200; x_wconf 90' lang='grc'>443.</span> <span class='ocrx_word' id='word_1_513' title='bbox 1344 2168 1423 2200; x_wconf 89' lang='lat' dir='ltr'><em>not.</em></span> <span class='ocrx_word' id='word_1_514' title='bbox 1441 2165 1633 2211; x_wconf 79' lang='lat' dir='ltr'><em>Quamvis</em></span> <span class='ocrx_word' id='word_1_515' title='bbox 1653 2164 1901 2212; x_wconf 82' lang='lat' dir='ltr'><em>convivium)</em></span> <span class='ocrx_word' id='word_1_516' title='bbox 1926 2164 2014 2202; x_wconf 90' lang='lat' dir='ltr'><em>add.</em></span> <span class='ocrx_word' id='word_1_517' title='bbox 2033 2164 2077 2202; x_wconf 93' lang='lat' dir='ltr'><strong>V.</strong></span> 
     </span>
     <span class='ocr_line' id='line_1_85' title="bbox 1115 2222 1848 2274; baseline 0.005 -15"><span class='ocrx_word' id='word_1_518' title='bbox 1115 2222 1316 2271; x_wconf 79' lang='lat' dir='ltr'><em>Glossogr.</em></span> <span class='ocrx_word' id='word_1_519' title='bbox 1337 2224 1415 2261; x_wconf 89' lang='lat' dir='ltr'><em>MS.</em></span> <span class='ocrx_word' id='word_1_520' title='bbox 1433 2223 1590 2274; x_wconf 86' lang='lat' dir='ltr'><em>fercula</em></span> <span class='ocrx_word' id='word_1_521' title='bbox 1613 2254 1620 2271; x_wconf 91' lang='lat'>‚</span> <span class='ocrx_word' id='word_1_522' title='bbox 1646 2224 1848 2262; x_wconf 83' lang='lat' dir='ltr'><em>missoria.</em></span> 
     </span>
    </p>

    <p class='ocr_par' dir='ltr' id='par_1_20' title="bbox 1117 2284 2079 2749">
     <span class='ocr_line' id='line_1_86' title="bbox 1170 2284 2076 2334; baseline 0.002 -14"><span class='ocrx_word' id='word_1_523' title='bbox 1170 2294 1205 2332; x_wconf 90' lang='lat' dir='ltr'><strong>p.</strong></span> <span class='ocrx_word' id='word_1_524' title='bbox 1234 2284 1321 2321; x_wconf 88' lang='grc'>446.</span> <span class='ocrx_word' id='word_1_525' title='bbox 1348 2288 1427 2321; x_wconf 90' lang='lat' dir='ltr'><em>not.</em></span> <span class='ocrx_word' id='word_1_526' title='bbox 1460 2284 1605 2323; x_wconf 74' lang='lat' dir='ltr'><em>wardo</em></span> <span class='ocrx_word' id='word_1_527' title='bbox 1640 2284 1814 2334; x_wconf 76' lang='lat' dir='ltr'><em>fluvius)</em></span> <span class='ocrx_word' id='word_1_528' title='bbox 1847 2284 1938 2322; x_wconf 91' lang='lat' dir='ltr'><em>add.</em></span> <span class='ocrx_word' id='word_1_529' title='bbox 1979 2285 2076 2322; x_wconf 87' lang='lat' dir='ltr'><em>Ger—</em></span> 
     </span>
     <span class='ocr_line' id='line_1_87' title="bbox 1118 2345 2077 2392; baseline 0.001 -11"><span class='ocrx_word' id='word_1_530' title='bbox 1118 2345 1256 2382; x_wconf 86' lang='lat' dir='ltr'><em>vasius</em></span> <span class='ocrx_word' id='word_1_531' title='bbox 1293 2345 1591 2384; x_wconf 86' lang='lat' dir='ltr'><em>Tilleberiensis</em></span> <span class='ocrx_word' id='word_1_532' title='bbox 1630 2346 1706 2383; x_wconf 78' lang='lat' dir='ltr'><em>MS.</em></span> <span class='ocrx_word' id='word_1_533' title='bbox 1746 2346 1770 2382; x_wconf 94' lang='lat' dir='ltr'><em>l.</em></span> <span class='ocrx_word' id='word_1_534' title='bbox 1814 2347 1905 2392; x_wconf 30' lang='grc'>4.,0.</span> <span class='ocrx_word' id='word_1_535' title='bbox 1931 2346 1991 2383; x_wconf 89' lang='grc'><em>44.</em></span> <span class='ocrx_word' id='word_1_536' title='bbox 2016 2345 2077 2383; x_wconf 83' lang='lat' dir='ltr'><em>Si-</em></span> 
     </span>
     <span class='ocr_line' id='line_1_88' title="bbox 1117 2403 2079 2456; baseline -0.002 -13"><span class='ocrx_word' id='word_1_537' title='bbox 1117 2409 1185 2443; x_wconf 84' lang='lat' dir='ltr'><em>cut</em></span> <span class='ocrx_word' id='word_1_538' title='bbox 1217 2406 1366 2444; x_wconf 80' lang='lat' dir='ltr'><em>scimus</em></span> <span class='ocrx_word' id='word_1_539' title='bbox 1402 2405 1572 2456; x_wconf 78' lang='lat' dir='ltr'><em>fluvium</em></span> <span class='ocrx_word' id='word_1_540' title='bbox 1612 2404 1834 2443; x_wconf 81' lang='lat' dir='ltr'><em>Gardonem</em></span> <span class='ocrx_word' id='word_1_541' title='bbox 1864 2405 1903 2442; x_wconf 87' lang='lat' dir='ltr'><em>in</em></span> <span class='ocrx_word' id='word_1_542' title='bbox 1924 2403 2079 2443; x_wconf 72' lang='lat' dir='ltr'><em>Narbo-</em></span> 
     </span>
     <span class='ocr_line' id='line_1_89' title="bbox 1118 2466 2077 2517; baseline -0.001 -14"><span class='ocrx_word' id='word_1_543' title='bbox 1118 2470 1228 2505; x_wconf 76' lang='lat' dir='ltr'><em>nensi</em></span> <span class='ocrx_word' id='word_1_544' title='bbox 1244 2467 1455 2517; x_wconf 79' lang='lat' dir='ltr'><em>provincia</em></span> <span class='ocrx_word' id='word_1_545' title='bbox 1480 2467 1519 2504; x_wconf 83' lang='lat' dir='ltr'><em>in</em></span> <span class='ocrx_word' id='word_1_546' title='bbox 1544 2467 1706 2516; x_wconf 77' lang='lat' dir='ltr'><em>confinio</em></span> <span class='ocrx_word' id='word_1_547' title='bbox 1741 2466 1912 2504; x_wconf 79' lang='lat' dir='ltr'><em>civitatis</em></span> <span class='ocrx_word' id='word_1_548' title='bbox 1938 2466 2077 2503; x_wconf 77' lang='lat' dir='ltr'><em>Nemo-</em></span> 
     </span>
     <span class='ocr_line' id='line_1_90' title="bbox 1118 2525 2078 2579; baseline -0.002 -14"><span class='ocrx_word' id='word_1_549' title='bbox 1118 2529 1244 2567; x_wconf 82' lang='lat' dir='ltr'><em>sensis</em></span> <span class='ocrx_word' id='word_1_550' title='bbox 1274 2528 1313 2565; x_wconf 86' lang='lat' dir='ltr'><em>in</em></span> <span class='ocrx_word' id='word_1_551' title='bbox 1336 2532 1485 2566; x_wconf 84' lang='lat' dir='ltr'><em>aestate</em></span> <span class='ocrx_word' id='word_1_552' title='bbox 1508 2527 1740 2579; x_wconf 73' lang='lat' dir='ltr'><em>frequenter</em></span> <span class='ocrx_word' id='word_1_553' title='bbox 1769 2526 1983 2565; x_wconf 83' lang='lat' dir='ltr'><em>absorberi</em></span> <span class='ocrx_word' id='word_1_554' title='bbox 2004 2525 2078 2564; x_wconf 82' lang='lat' dir='ltr'><em>sub</em></span> 
     </span>
     <span class='ocr_line' id='line_1_91' title="bbox 1119 2586 2079 2639; baseline -0.005 -13"><span class='ocrx_word' id='word_1_555' title='bbox 1119 2589 1198 2627; x_wconf 85' lang='lat' dir='ltr'><em>loco</em></span> <span class='ocrx_word' id='word_1_556' title='bbox 1223 2589 1296 2639; x_wconf 86' lang='lat' dir='ltr'><em>qui</em></span> <span class='ocrx_word' id='word_1_557' title='bbox 1334 2592 1502 2626; x_wconf 87' lang='lat' dir='ltr'><em>vocatur</em></span> <span class='ocrx_word' id='word_1_558' title='bbox 1545 2588 1845 2638; x_wconf 79' lang='lat' dir='ltr'><em>Campiniacum</em></span> <span class='ocrx_word' id='word_1_559' title='bbox 1867 2618 1875 2633; x_wconf 71' lang='lat'><em>.</em></span> <span class='ocrx_word' id='word_1_560' title='bbox 1905 2586 2079 2624; x_wconf 78' lang='lat' dir='ltr'><em>demum-</em></span> 
     </span>
     <span class='ocr_line' id='line_1_92' title="bbox 1119 2646 2078 2701; baseline -0.003 -14"><span class='ocrx_word' id='word_1_561' title='bbox 1119 2662 1194 2701; x_wconf 87' lang='lat' dir='ltr'><em>que</em></span> <span class='ocrx_word' id='word_1_562' title='bbox 1211 2648 1286 2687; x_wconf 89' lang='lat' dir='ltr'><em>sub</em></span> <span class='ocrx_word' id='word_1_563' title='bbox 1307 2653 1439 2687; x_wconf 87' lang='lat' dir='ltr'><em>castro</em></span> <span class='ocrx_word' id='word_1_564' title='bbox 1461 2651 1500 2688; x_wconf 91' lang='lat' dir='ltr'><em>S.</em></span> <span class='ocrx_word' id='word_1_565' title='bbox 1531 2649 1687 2688; x_wconf 81' lang='lat' dir='ltr'><em>Privati</em></span> <span class='ocrx_word' id='word_1_566' title='bbox 1705 2649 1744 2686; x_wconf 85' lang='lat' dir='ltr'><em>in</em></span> <span class='ocrx_word' id='word_1_567' title='bbox 1765 2648 1893 2686; x_wconf 87' lang='lat' dir='ltr'><em>lacum</em></span> <span class='ocrx_word' id='word_1_568' title='bbox 1917 2646 2078 2698; x_wconf 80' lang='lat' dir='ltr'><em>amplio-</em></span> 
     </span>
     <span class='ocr_line' id='line_1_93' title="bbox 1119 2711 1571 2749; baseline 0.002 -2"><span class='ocrx_word' id='word_1_569' title='bbox 1119 2722 1203 2748; x_wconf 84' lang='lat' dir='ltr'><em>rem</em></span> <span class='ocrx_word' id='word_1_570' title='bbox 1223 2722 1378 2748; x_wconf 85' lang='lat' dir='ltr'><em>amnem</em></span> <span class='ocrx_word' id='word_1_571' title='bbox 1399 2711 1571 2749; x_wconf 84' lang='lat' dir='ltr'><em>renasci.</em></span> 
     </span>
    </p>

    <p class='ocr_par' dir='ltr' id='par_1_21' title="bbox 1117 2768 2077 2883">
     <span class='ocr_line' id='line_1_94' title="bbox 1176 2768 2077 2820; baseline -0.006 -10"><span class='ocrx_word' id='word_1_572' title='bbox 1176 2774 1220 2810; x_wconf 87' lang='lat' dir='ltr'><em>ll.</em></span> <span class='ocrx_word' id='word_1_573' title='bbox 1247 2774 1308 2810; x_wconf 88' lang='grc'>40.</span> <span class='ocrx_word' id='word_1_574' title='bbox 1335 2784 1371 2820; x_wconf 91' lang='lat' dir='ltr'><strong>p.</strong></span> <span class='ocrx_word' id='word_1_575' title='bbox 1400 2773 1487 2810; x_wconf 75' lang='grc' dir='ltr'><em>ΙὸΥ).</em></span> <span class='ocrx_word' id='word_1_576' title='bbox 1528 2776 1607 2809; x_wconf 91' lang='lat' dir='ltr'><em>not.</em></span> <span class='ocrx_word' id='word_1_577' title='bbox 1652 2770 1877 2820; x_wconf 81' lang='lat' dir='ltr'><em>Calpurnia</em></span> <span class='ocrx_word' id='word_1_578' title='bbox 1916 2768 2077 2813; x_wconf 81' lang='lat' dir='ltr'><em>Plinio)</em></span> 
     </span>
     <span class='ocr_line' id='line_1_95' title="bbox 1117 2833 1569 2883; baseline -0.007 -11"><span class='ocrx_word' id='word_1_579' title='bbox 1117 2833 1206 2872; x_wconf 88' lang='lat' dir='ltr'><em>add.</em></span> <span class='ocrx_word' id='word_1_580' title='bbox 1229 2833 1255 2882; x_wconf 91' lang='lat' dir='ltr'><em>j.</em></span> <span class='ocrx_word' id='word_1_581' title='bbox 1282 2834 1396 2883; x_wconf 82' lang='lat' dir='ltr'><em>epist.</em></span> <span class='ocrx_word' id='word_1_582' title='bbox 1422 2834 1462 2870; x_wconf 92' lang='lat'><em>8.</em></span> <span class='ocrx_word' id='word_1_583' title='bbox 1485 2833 1508 2870; x_wconf 92' lang='lat' dir='ltr'><em>l.</em></span> <span class='ocrx_word' id='word_1_584' title='bbox 1536 2833 1569 2870; x_wconf 85' lang='grc'>4.</span> 
     </span>
    </p>

    <p class='ocr_par' dir='ltr' id='par_1_22' title="bbox 1116 2890 2080 3116">
     <span class='ocr_line' id='line_1_96' title="bbox 1171 2890 2077 2943; baseline -0.008 -10"><span class='ocrx_word' id='word_1_585' title='bbox 1171 2896 1215 2933; x_wconf 92' lang='lat' dir='ltr'><em>ll.</em></span> <span class='ocrx_word' id='word_1_586' title='bbox 1244 2894 1304 2933; x_wconf 88' lang='grc'>41.</span> <span class='ocrx_word' id='word_1_587' title='bbox 1332 2906 1369 2943; x_wconf 88' lang='lat' dir='ltr'><em>p.</em></span> <span class='ocrx_word' id='word_1_588' title='bbox 1396 2894 1487 2933; x_wconf 75' lang='lat'><strong>457.</strong></span> <span class='ocrx_word' id='word_1_589' title='bbox 1510 2898 1590 2932; x_wconf 81' lang='lat' dir='ltr'><em>not.</em></span> <span class='ocrx_word' id='word_1_590' title='bbox 1620 2894 1672 2931; x_wconf 86' lang='lat' dir='ltr'><em>Et</em></span> <span class='ocrx_word' id='word_1_591' title='bbox 1694 2894 1871 2941; x_wconf 85' lang='lat' dir='ltr'><em>morum)</em></span> <span class='ocrx_word' id='word_1_592' title='bbox 1906 2890 1994 2929; x_wconf 89' lang='lat' dir='ltr'><em>add.</em></span> <span class='ocrx_word' id='word_1_593' title='bbox 2031 2891 2077 2928; x_wconf 93' lang='lat' dir='ltr'><em>D.</em></span> 
     </span>
     <span class='ocr_line' id='line_1_97' title="bbox 1117 2951 2080 3005; baseline -0.007 -10"><span class='ocrx_word' id='word_1_594' title='bbox 1117 2957 1342 3005; x_wconf 81' lang='lat' dir='ltr'><em>Cyprianus</em></span> <span class='ocrx_word' id='word_1_595' title='bbox 1366 2956 1414 2993; x_wconf 90' lang='lat' dir='ltr'><em>de</em></span> <span class='ocrx_word' id='word_1_596' title='bbox 1439 2955 1550 3005; x_wconf 88' lang='lat' dir='ltr'><em>dupt.</em></span> <span class='ocrx_word' id='word_1_597' title='bbox 1579 2960 1739 3003; x_wconf 71' lang='lat' dir='ltr'><em>martyr.</em></span> <span class='ocrx_word' id='word_1_598' title='bbox 1760 2952 1968 3004; x_wconf 77' lang='lat' dir='ltr'><em>popularis</em></span> <span class='ocrx_word' id='word_1_599' title='bbox 1992 2951 2080 2989; x_wconf 76' lang='lat' dir='ltr'><em>exi-</em></span> 
     </span>
     <span class='ocr_line' id='line_1_98' title="bbox 1116 3015 2076 3055; baseline -0.005 -1"><span class='ocrx_word' id='word_1_600' title='bbox 1116 3016 1288 3055; x_wconf 77' lang='lat' dir='ltr'><em>stimatio</em></span> <span class='ocrx_word' id='word_1_601' title='bbox 1313 3015 1411 3054; x_wconf 84' lang='lat' dir='ltr'><em>solet</em></span> <span class='ocrx_word' id='word_1_602' title='bbox 1431 3015 1679 3053; x_wconf 73' lang='lat' dir='ltr'><em>dominorum</em></span> <span class='ocrx_word' id='word_1_603' title='bbox 1699 3026 1829 3052; x_wconf 84' lang='lat' dir='ltr'><em>mores</em></span> <span class='ocrx_word' id='word_1_604' title='bbox 1859 3026 1913 3052; x_wconf 56' lang='lat' dir='ltr'><em>etc</em></span> <span class='ocrx_word' id='word_1_605' title='bbox 1940 3023 2076 3051; x_wconf 82' lang='lat' dir='ltr'><em>servo-</em></span> 
     </span>
     <span class='ocr_line' id='line_1_99' title="bbox 1117 3076 1659 3116; baseline -0.004 -1"><span class='ocrx_word' id='word_1_606' title='bbox 1117 3090 1210 3115; x_wconf 82' lang='lat' dir='ltr'><em>rum</em></span> <span class='ocrx_word' id='word_1_607' title='bbox 1235 3077 1413 3116; x_wconf 79' lang='lat' dir='ltr'><em>moribus</em></span> <span class='ocrx_word' id='word_1_608' title='bbox 1431 3076 1659 3114; x_wconf 72' lang='lat' dir='ltr'><em>aestimare.</em></span> 
     </span>
    </p>

    <p class='ocr_par' dir='ltr' id='par_1_23' title="bbox 1117 3135 2081 3309">
     <span class='ocr_line' id='line_1_100' title="bbox 1174 3135 2081 3188; baseline -0.006 -11"><span class='ocrx_word' id='word_1_609' title='bbox 1174 3141 1217 3177; x_wconf 89' lang='lat' dir='ltr'><em>ll.</em></span> <span class='ocrx_word' id='word_1_610' title='bbox 1249 3140 1310 3177; x_wconf 88' lang='grc'>43.</span> <span class='ocrx_word' id='word_1_611' title='bbox 1343 3152 1377 3188; x_wconf 89' lang='lat' dir='ltr'><em>p.</em></span> <span class='ocrx_word' id='word_1_612' title='bbox 1411 3139 1496 3176; x_wconf 76' lang='grc'>462.</span> <span class='ocrx_word' id='word_1_613' title='bbox 1533 3137 1698 3175; x_wconf 82' lang='lat' dir='ltr'><em>Patroni</em></span> <span class='ocrx_word' id='word_1_614' title='bbox 1727 3138 1810 3184; x_wconf 79' lang='lat' dir='ltr'><em>tui)</em></span> <span class='ocrx_word' id='word_1_615' title='bbox 1838 3135 1928 3174; x_wconf 86' lang='lat' dir='ltr'><em>add.</em></span> <span class='ocrx_word' id='word_1_616' title='bbox 1956 3135 2081 3173; x_wconf 88' lang='lat' dir='ltr'><em>Chro-</em></span> 
     </span>
     <span class='ocr_line' id='line_1_101' title="bbox 1120 3197 2079 3248; baseline -0.005 -10"><span class='ocrx_word' id='word_1_617' title='bbox 1120 3201 1234 3238; x_wconf 90' lang='lat' dir='ltr'><em>nicon</em></span> <span class='ocrx_word' id='word_1_618' title='bbox 1274 3202 1428 3238; x_wconf 89' lang='lat' dir='ltr'><em>Tironis</em></span> <span class='ocrx_word' id='word_1_619' title='bbox 1480 3201 1658 3248; x_wconf 85' lang='lat' dir='ltr'><em>Prosperi</em></span> <span class='ocrx_word' id='word_1_620' title='bbox 1679 3227 1686 3243; x_wconf 90' lang='lat'><strong><em>‚</em></strong></span> <span class='ocrx_word' id='word_1_621' title='bbox 1739 3197 1843 3247; x_wconf 87' lang='lat' dir='ltr'><em>quod</em></span> <span class='ocrx_word' id='word_1_622' title='bbox 1896 3197 2079 3235; x_wconf 87' lang='lat' dir='ltr'><em>Canisius</em></span> 
     </span>
     <span class='ocr_line' id='line_1_102' title="bbox 1117 3254 2079 3309; baseline -0.009 -8"><span class='ocrx_word' id='word_1_623' title='bbox 1117 3263 1239 3301; x_wconf 87' lang='lat' dir='ltr'><em>edidit</em></span> <span class='ocrx_word' id='word_1_624' title='bbox 1263 3273 1310 3300; x_wconf 84' lang='lat' dir='ltr'><em>ex</em></span> <span class='ocrx_word' id='word_1_625' title='bbox 1343 3262 1417 3300; x_wconf 43' lang='lat' dir='ltr'><em>MS.</em></span> <span class='ocrx_word' id='word_1_626' title='bbox 1442 3262 1675 3309; x_wconf 79' lang='lat' dir='ltr'><em>Augustano</em></span> <span class='ocrx_word' id='word_1_627' title='bbox 1701 3259 1760 3296; x_wconf 90' lang='lat' dir='ltr'><strong>IV.</strong></span> <span class='ocrx_word' id='word_1_628' title='bbox 1783 3262 1853 3297; x_wconf 88' lang='lat' dir='ltr'><em>etc.</em></span> <span class='ocrx_word' id='word_1_629' title='bbox 1880 3259 1919 3297; x_wconf 91' lang='lat' dir='ltr'><em>V.</em></span> <span class='ocrx_word' id='word_1_630' title='bbox 1942 3254 2079 3295; x_wconf 83' lang='lat' dir='ltr'><em>Valen-</em></span> 
     </span>
    </p>
   </div>
  </div>
 </body>
</html>
