2517 4009
912 215 1194 256 BALDUS

69 295 109 334 S.
139 291 360 340 Benedicti,
392 291 553 343 scripsit
585 290 692 343 Opus
715 290 762 330 de
779 290 929 331 visione
962 300 1037 330 sua

72 353 260 405 terribili,
287 366 408 406 quam
439 356 476 392 in
509 354 650 405 spiritu
686 354 874 393 habuisse
904 365 947 392 se
977 364 1038 391 re-

73 420 162 458 fert.
195 419 400 458 Excusuin
433 421 495 455 est
527 418 685 455 Parisiis
719 418 818 456 4543
849 417 913 455 fol.
933 414 1036 467 apud

77 482 293 522 ilenricum
332 479 607 530 Stephanum,
640 481 677 518 in
708 480 805 518 libro
830 481 950 518 trium
983 480 1039 516 vi-

73 555 208 583 rorum
239 547 278 581 et
324 543 447 581 trium
493 543 760 592 spiritualium
807 544 1005 593 virginum
1029 571 1037 587 ,

77 605 181 658 quod
209 605 379 644 Jacobus
415 604 538 643 Faber
579 605 714 644 edidit.
747 605 860 644 Adde
901 606 1038 643 Posse-

77 666 218 708 vinum
250 672 356 706 tomo
386 667 433 705 Il.
460 666 686 717 Apparatus
717 679 803 719 pag.
833 666 925 706 520.

135 729 358 777 UGUITIO,
386 729 473 768 vide
504 729 707 780 Huyuitio.

138 792 378 833 VIBIANUS
409 803 480 831 seu
515 791 704 832 Vivianus
730 790 946 840 Tomasius,
974 791 1045 830 Ur-

87 856 340 904 bevetanus,
371 855 585 905 Presbyter
625 854 846 894 Cardinaiis
876 855 916 893 S.
957 854 1044 893 Ste-

85 919 206 971 phani
237 920 274 957 in
306 918 438 958 Coelio
481 921 615 956 monte
645 918 693 956 ab
723 917 948 957 Alexandro
977 917 1044 955 III.

84 982 350 1026 renuntiatus,
371 979 510 1031 plures
531 979 577 1019 ad
601 980 641 1019 S.
666 979 858 1019 Thomam
885 979 1046 1018 Archie-

87 1044 292 1095 piscopum
315 1043 660 1090 Cantuariensem,
685 1047 805 1093 atque
829 1041 875 1081 ad
899 1043 1044 1092 Regem

85 1107 251 1157 Angliae
275 1104 415 1145 literas
445 1106 566 1153 misit,
589 1116 759 1154 quarum
791 1105 946 1156 aliquae
974 1116 1045 1154 pu-

87 1169 179 1208 blici
206 1167 308 1218 juris
344 1172 457 1207 sunt:
489 1167 684 1217 Ejusdem
724 1167 860 1206 literae
890 1167 938 1205 de
967 1166 1046 1218 Ap-

82 1228 294 1283 pellatione
322 1234 583 1268 asservantur
604 1230 713 1268 MSS.
737 1231 773 1268 in
805 1228 1045 1268 Bibliotheca

88 1294 220 1344 Regia,
244 1298 348 1331 teste
375 1292 554 1342 Philippo
586 1292 715 1330 Labbe
746 1293 783 1330 in
815 1292 910 1331 Bibl.
938 1293 1046 1331 MSS.

88 1355 294 1394 Hibernica
315 1354 511 1406 legatione
534 1354 699 1393 functus
720 1366 741 1394 e
764 1355 843 1394 vita
873 1354 1049 1393 excessit

89 1418 236 1457 Romae
257 1416 332 1457 sub
351 1416 505 1456 Urbano
523 1416 588 1454 III.
618 1418 814 1456 incertum
831 1428 909 1467 quo
930 1427 1048 1465 anno,

92 1491 295 1519 menseve.
321 1480 425 1519 Haec
444 1478 642 1518 Oldoinus
673 1480 710 1517 in
742 1479 948 1519 Athenaeo
978 1480 1049 1517 Ro-

92 1553 210 1582 mano
239 1555 277 1595 p.
305 1541 396 1582 634.

148 1604 490 1644 VICEDOMINUS
519 1603 566 1643 de
600 1602 868 1653 Vicedominis,
894 1604 1054 1643 Placen-

92 1668 216 1714 tinus,
239 1668 432 1715 Minorita‚
458 1667 633 1719 Gregorii
664 1668 714 1707 X.
742 1679 790 1706 ex
823 1678 955 1706 sorore
985 1678 1053 1705 ne-

95 1742 187 1782 pos,
215 1730 386 1769 celebris
416 1730 727 1769 Jureconsuitus
757 1734 797 1768 et
818 1740 1051 1768 caussarum

94 1797 312 1845 patronuS,
353 1804 403 1831 ex
447 1792 628 1843 Aquensi
672 1792 989 1842 Archiepiscopo
1032 1803 1053 1830 a

97 1859 238 1907 patruo
256 1859 416 1894 creatus
434 1855 660 1906 Episcopus
689 1854 916 1893 Cardinalis
942 1856 1056 1893 Prae-

99 1918 314 1964 nestinus‚
341 1917 441 1956 obiit
469 1929 502 1956 a.
545 1917 660 1956 1276.
704 1917 836 1956 Edidit
877 1928 912 1955 a.
950 1916 1052 1955 1269

99 1981 141 2020 in
172 1980 332 2032 Synodo
360 1979 538 2030 Aquensi
564 1981 722 2020 Statuta
748 1983 786 2018 et
808 1978 1057 2018 Constitutio-

100 2054 168 2082 nes
186 2054 262 2095 pro
282 2042 367 2082 suis
403 2041 582 2082 Clericis.
609 2042 771 2082 Oldcini
801 2041 1056 2081 Athenaeum

102 2106 322 2144 Romanum
354 2118 390 2156 p.
420 2104 513 2145 625.

154 2168 410 2215 VlCHARDI,
439 2169 625 2208 Canonici
647 2167 942 2219 Lugdunensis,
959 2167 1059 2207 Car-

102 2241 192 2270 men
220 2230 448 2283 satyricum
477 2233 613 2270 contra
637 2229 861 2278 monachos,
887 2242 907 2268 a
932 2230 1059 2268 Flacio

103 2305 152 2333 ex
182 2293 327 2334 Codice
362 2294 494 2333 Veteri
532 2293 776 2345 descriptum
799 2325 809 2342 ‚
853 2296 988 2331 exstat
1018 2291 1059 2329 in

103 2356 202 2395 Bibl.
232 2357 570 2406 Regiomontana,
600 2361 702 2395 teste
733 2355 981 2407 praefatione
1011 2353 1060 2393 ad

104 2417 212 2457 Frid.
231 2418 395 2456 Besselii
425 2418 769 2457 Miscellaneorum
802 2416 1060 2467 Philologico-

105 2479 342 2520 Criticorum
373 2481 605 2532 syntagma.
648 2479 725 2519 Sed
769 2491 847 2530 quo
884 2483 1062 2530 tempore

105 2546 242 2581 auct-or
285 2543 463 2591 vixerit,
505 2548 545 2583 et
587 2543 738 2594 reliqua
786 2543 892 2581 illius
932 2540 1062 2580 adhuc

104 2604 349 2657 ignorantur.

159 2667 362 2709 VICTORI
385 2668 414 2707 Ι.
446 2669 564 2720 Papa,
586 2669 745 2708 natione
769 2668 884 2713 Afer,
911 2667 1064 2706 electus

107 2741 142 2770 a.
165 2730 241 2769 486
261 2730 366 2770 sedit
379 2742 509 2782 usque
525 2730 572 2770 ad
598 2743 633 2770 a.
659 2731 732 2770 496
754 2730 817 2769 vel
841 2728 1064 2768 secundum

108 2793 321 2832 Baronium
355 2793 404 2832 ab
439 2804 473 2832 a.
513 2792 700 2833 194—203.
736 2790 937 2844 Epz'scolae
977 2789 1064 2840 ejus

110 2853 212 2894 duae
248 2856 284 2893 in
321 2856 594 2894 controversia
620 2855 797 2894 Paschali
835 2854 881 2894 ad
904 2853 1065 2893 Deside-

110 2918 213 2957 rium
234 2921 273 2956 et
289 2917 542 2965 Paracodam,
562 2919 776 2969 Episcopos
798 2918 1062 2964 Viennenses,

111 2984 251 3019 extant
275 2981 311 3018 in
338 2981 577 3019 Bibliotheca
614 2981 850 3020 Floriacensi
882 2985 977 3018 tom.
1002 2979 1068 3017 III.

113 3055 150 3095 p.
168 3042 233 3090 Ξῖι,
266 3042 320 3082 26
348 3043 453 3095 apud
489 3045 700 3082 Baronium
738 3043 785 3082 ad
811 3054 960 3082 annum
993 3041 1069 3080 198

114 3116 152 3143 n.
178 3106 227 3144 47
252 3116 344 3145 cum
369 3107 473 3143 notis
496 3106 594 3144 Binii
614 3111 719 3144 tomo
742 3107 768 3144 ἱ.
788 3106 1069 3145 Conciliorum:

114 3167 215 3206 aliae
239 3167 341 3206 duae
377 3173 473 3206 tom.
511 3168 540 3206 1.
578 3168 842 3208 Conciliorum
879 3166 1072 3206 Ilarduini

114 3240 201 3281 pag.
222 3229 310 3268 403.
328 3230 530 3270 Tribuitur
547 3231 618 3281 ipsi
637 3242 793 3282 quoque
814 3229 1073 3281 Opusculum‚

117 3290 222 3343 quod
244 3292 489 3341 inscribitur,
511 3292 626 3333 Ratio
646 3292 745 3345 fidei
766 3291 922 3332 reddita
945 3291 1076 3330 Hune-

116 3353 200 3394 rico
225 3354 323 3408 Περί
343 3353 622 3396 Vandalorum.

1983 208 2060 250 583

1165 287 1261 327 Vide
1285 286 1385 326 Lnd.
1407 286 1540 327 Jacobi
1565 296 1586 325 a
1623 285 1665 325 S.
1692 283 1834 325 Carolo
1853 281 1952 322 Bibl.
1974 282 2074 321 Pon-

1114 353 1274 392 tificiam
1298 363 1334 402 p.
1353 349 1442 390 218.
1469 349 1628 390 Oldoini
1654 347 1907 388 Athenaeum
1934 347 2075 385 Roma-

1114 427 1209 455 num
1237 427 1272 466 p.
1297 414 1389 454 635.

1167 477 1350 518 VICTOR
1390 476 1436 514 II.
1486 475 1597 526 prius
1644 473 1775 512 dictus
1814 470 2075 511 Gebehardus

1113 543 1336 595 Episcopus
1375 537 1679 584 Aichstetensis‚
1716 533 1819 573 sedit
1843 533 1892 573 ab
1912 545 1946 572 a.
1973 533 2076 573 4035

1113 605 1160 644 ad
1197 602 1314 643 4057.
1358 601 1528 640 Litterae
1562 597 1880 637 confirmatoriae
1918 596 2077 647 privile-

1115 668 1268 717 giorum
1304 664 1498 702 ecclesiae
1524 661 1671 712 Sylvae
1695 659 1894 699 Candidae
1913 663 2077 696 exstant

1115 719 1219 770 apud
1264 717 1514 757 Harduinum
1560 720 1654 753 tom.
1700 714 1763 752 VI.
1808 712 2075 751 Conciliorum

1117 792 1203 833 pag.
1233 778 1351 819 1037.

1174 843 1362 882 VICTOR
1404 840 1470 880 ΙΙΙ.
1514 842 1630 878 antea
1674 836 1902 877 Desiderius
1945 836 2078 875 Abbas

1119 907 1363 952 CasinensiS‚
1399 904 1447 943 de
1480 913 1557 953 quo
1579 902 1765 952 superius
1801 904 1935 938 actum
1956 904 2020 938 est
2050 899 2079 937 I.

1118 972 1183 1011 IV.
1207 982 1244 1022 p.
1266 969 1328 1008 63.
1365 966 1491 1006 Huius
1527 965 1626 1003 forte
1660 967 1722 1002 est
1744 959 1967 1000 Admom'tz'o
1997 972 2082 1000 car-

1120 1035 1226 1074 mine
1263 1033 1431 1082 scripta,
1467 1029 1583 1067 cuius
1621 1026 1791 1064 initium:
1824 1023 1931 1075 Ergo
1967 1022 2083 1062 doma

1119 1107 1293 1144 carnem,
1315 1094 1385 1146 qui
1407 1090 1469 1131 vis
1494 1087 1663 1129 evadere
1695 1089 1872 1125 mortem.
1901 1086 2018 1125 Estat
2044 1087 2081 1123 in

1119 1160 1218 1200 Bibl.
1252 1155 1481 1197 monasterii
1520 1153 1560 1192 S.
1597 1151 1751 1190 Martini
1792 1149 2081 1196 Tornacensis,

1121 1226 1225 1260 teste
1260 1220 1351 1259 Ant.
1383 1214 1559 1257 Sandero
1590 1213 1686 1252 Bibl.
1723 1212 1875 1263 Beigica
1915 1211 2020 1250 MSS.
2049 1222 2083 1260 p.

1124 1283 1213 1324 408.
1237 1280 1376 1322 Oratio
1413 1281 1451 1317 in
1486 1276 1661 1317 Concilio
1694 1277 1997 1322 Beneventano,
2037 1273 2086 1311 de

1124 1346 1296 1385 miseriis
1335 1341 1539 1382 Ecclesiae
1574 1339 1775 1377 Romanae
1814 1342 1854 1376 et
1894 1337 2085 1387 nequitiis

1125 1407 1349 1447 multifariis
1373 1403 1552 1443 Guiberti
1584 1401 1842 1450 Anti—papae,
1864 1397 1967 1450 apud
1994 1399 2088 1436 Leo-

1126 1482 1217 1510 nem
1250 1469 1478 1508 Ostiensem
1506 1465 1570 1504 ΙΙΙ.
1593 1463 1657 1502 74.
1691 1462 1905 1501 Baronium
1945 1459 1993 1498 ad
2019 1471 2088 1498 an-

1126 1544 1223 1573 num
1245 1529 1348 1572 4087
1374 1541 1411 1568 n.
1436 1526 1545 1567 9-46.

1180 1593 1362 1634 VICTOR
1385 1591 1595 1641 Antipapa,
1617 1591 1734 1627 antea
1753 1586 1883 1625 dictus
1905 1585 2088 1625 Octavia-

1127 1669 1205 1697 nus
1240 1654 1461 1696 Cardinalis
1507 1654 1546 1691 S.
1590 1650 1803 1698 Caeciliae,
1835 1651 2016 1687 intrusus
2053 1657 2089 1685 a.

1129 1721 1232 1760 4459
1264 1720 1430 1757 moritur
1463 1727 1498 1754 a.
1537 1712 1654 1753 4462.
1695 1709 1874 1763 Epistola
1918 1711 2005 1748 eius
2041 1707 2090 1747 ad

1128 1783 1329 1833 Principes
1364 1777 1600 1817 Gormaniae
1633 1773 1681 1813 de
1704 1775 1899 1813 electione
1924 1783 1997 1810 sua
2028 1781 2092 1809 oc-

1129 1846 1254 1884 currit
1275 1842 1378 1895 apud
1401 1840 1637 1880 Radericum
1660 1837 1954 1887 Frisingensem
1977 1835 2024 1872 II.
2042 1833 2092 1872 50

1129 1912 1171 1946 et
1194 1908 1405 1947 Baronium
1432 1903 1479 1943 ad
1520 1913 1556 1941 a.
1595 1899 1698 1939 4459
1739 1911 1777 1937 n.
1820 1898 1881 1936 42.
1921 1897 2009 1936 Alia
2043 1894 2091 1934 ad

1130 1970 1343 2009 Albertum
1383 1968 1626 2018 Episcopum
1677 1960 1970 2000 virdunensem
2019 1969 2090 2009 pro

1131 2033 1378 2072 absolutione
1413 2028 1616 2069 Ecclesiae
1642 2025 1681 2063 S.
1707 2024 1908 2062 Michaelis
1945 2021 2088 2073 prodiit

1134 2098 1172 2135 in
1198 2094 1461 2135 Miscellaneis
1482 2089 1631 2130 Baluzii
1659 2093 1766 2125 tomo
1787 2087 1849 2126 IV.
1873 2099 1910 2137 p.
1933 2084 2024 2124 465.

1186 2158 1395 2203 VICTOR,
1440 2155 1660 2206 Capuanus
1699 2151 1943 2201 Episcopus,
1991 2149 2096 2186 vixit

1133 2220 1381 2272 temporibus
1405 2217 1633 2264 Justiniani‚
1653 2218 1693 2252 et
1713 2213 1904 2252 refutavit
1923 2210 2094 2262 Cyclum

1135 2283 1365 2323 Paschalem
1399 2280 1558 2318 Victorii
1595 2289 1627 2316 s.
1666 2276 1857 2315 Victorini
1884 2273 2094 2324 Aquitani,

1135 2345 1239 2398 quod
1260 2356 1360 2396 opus
1380 2343 1483 2383 Beda
1502 2344 1609 2388 citat,
1627 2340 1675 2378 de
1694 2340 1847 2378 ratione
1869 2342 2096 2387 temporum

1135 2421 1167 2449 c.
1195 2409 1244 2448 [29
1267 2407 1337 2446 sed
1361 2405 1474 2444 hodie
1501 2416 1576 2442 non
1603 2406 1748 2441 exstat.
1771 2397 1979 2451 Praefatio
2011 2398 2098 2435 eics

1137 2471 1176 2510 in
1200 2468 1398 2509 Ammonii
1431 2464 1692 2506 Harmoniam
1727 2460 2096 2513 Evanyelistarmn‚

1137 2534 1360 2585 Moguntiae
1386 2531 1508 2579 1524,
1532 2530 1556 2568 [ι
1581 2529 1689 2567 edita
1725 2530 1858 2565 exstat
1884 2526 1919 2562 in
1957 2523 2100 2562 Biblio-

1137 2597 1266 2635 thecis
1309 2597 1491 2642 Patrum,
1517 2587 1909 2640 Orthodoxographis
1935 2591 1974 2625 et
1997 2585 2099 2624 alibi.

1144 2659 1231 2700 Vid.
1265 2658 1498 2710 Sigebertus
1534 2656 1583 2695 de
1619 2655 1754 2704 script.
1788 2651 1944 2691 Eccles.
1977 2659 2012 2687 c.
2050 2647 2101 2685 20

1140 2723 1335 2762 Baronius
1382 2720 1428 2760 ad
1478 2717 1798 2769 Martyrologium
1848 2712 1894 2752 47
1941 2709 2100 2751 Octobr.

1138 2787 1257 2824 Leon.
1279 2783 1479 2824 Nicodemi
1504 2781 1725 2821 additiones
1762 2777 1809 2816 ad
1842 2774 1975 2825 Toppii
2002 2771 2099 2810 Bibl.

1139 2847 1433 2898 Neapolitanam
1472 2858 1506 2897 p.
1552 2843 1657 2890 246,
1696 2841 1786 2879 247.
1830 2838 2010 2878 Labbeus
2049 2833 2098 2872 de

1141 2912 1286 2962 Script.
1309 2909 1461 2949 Eccles.
1484 2913 1589 2946 tomo
1615 2905 1702 2955 II.p.
1728 2904 1814 2941 461.

1195 2973 1382 3013 VICTOR
1423 2971 1469 3010 de
1513 2966 1698 3015 Car-ben,
1734 2961 2021 3007 lix-Iudaeus,
2060 2959 2099 2997 in

1144 3036 1496 3086 Archicpiscopatu
1512 3029 1734 3071 Coloniensi
1752 3028 1990 3076 baptizatus,
2010 3026 2099 3072 post

1146 3101 1248 3137 inter
1272 3097 1517 3137 Christianos
1544 3091 1702 3137 Sardos,
1736 3091 1837 3127 circa
1862 3088 2016 3124 initium
2040 3095 2104 3122 se-

1147 3162 1222 3200 culi
1249 3160 1349 3199 XVI.
1386 3157 1552 3208 Scripsit
1575 3153 1620 3192 dc
1660 3152 1743 3191 Vita
1772 3154 1809 3189 ct
1834 3146 2008 3188 moribus
2033 3146 2104 3184 Ju-

1148 3223 1351 3269 ‹laem-um,
1375 3220 1510 3260 Colon.
1535 3216 1648 3259 4504,
1680 3214 1802 3259 4509,
1829 3211 1865 3250 h.
1889 3211 2009 3250 Paris.
2032 3219 2102 3260 per

1151 3287 1272 3326 Henr.
1308 3283 1573 3334 Stephanum,
1604 3278 1721 3323 4514,
1749 3277 1782 3315 4.
1817 3276 2102 3327 Propuynacu·

1155 3348 1234 3389 ium
1253 3345 1349 3398 fidei
1367 3343 1630 3386 Christianae.
1652 3340 1788 3380 Goion.
1807 3337 1922 3387 4548,
1945 3338 1966 3375 4
1987 3337 2103 3376 cuius
