2533 4009
453 242 528 279 300

446 316 482 347 et
503 321 577 346 non
592 306 852 358 particulatim
867 303 1035 352 reperire
1054 301 1243 349 quiveris,
1262 306 1410 350 quanta

424 401 427 404 ⁴
447 372 545 409 bella
567 402 573 410 ,
595 375 632 405 et
652 371 741 415 quot
766 364 951 401 victorias
966 364 1183 410 Martyrum
1204 361 1410 400 invenies?

451 426 697 475 Poluehronii
724 425 756 473 a)
784 424 970 461 videlicet
996 422 1198 471 Bam-lonii
1220 423 1402 472 Episcopi

445 495 492 530 «1ο
518 474 671 529 l‘orside
696 497 785 524 cum
814 484 1060 533 l‘resbyteris
1080 487 1117 520 et
1144 482 1407 529 Diaconibus,

446 551 678 599 Regularum
699 556 857 595 quoque
879 545 907 582 Α
917 543 1014 582 odon
1039 549 1077 581 et
1095 544 1264 591 Sennen,
1281 555 1408 594 quan-

442 615 489 651 do
519 612 636 657 etiam
671 619 745 645 non
778 607 1083 656 persecutione⁷
1114 604 1182 643 sed
1217 606 1405 643 vastitate

446 685 512 723 per
555 671 716 709 Decium
757 669 859 707 iacta
889 668 1126 712 Caesarem,
1157 666 1299 704 abolita
1344 670 1406 703 est

443 737 477 771 in
524 733 598 770 illis
634 730 814 781 partibus
857 729 1004 779 Religio
1049 727 1287 767 Christiana.
1330 727 1405 773 Qui

442 797 604 832 Romam
638 802 846 842 regressus
876 791 924 827 ibi
956 801 1096 828 omnes
1131 789 1404 835 Christianos,

443 866 543 906 quos
573 855 752 891 invenire
782 856 940 903 posset,
971 851 1142 889 diversis
1172 850 1310 900 poenis
1348 850 1405 886 in-

443 917 625 955 teremit:
673 914 748 953 Sed
781 913 885 964 quod
917 913 1177 960 moliebatur,
1216 911 1406 950 Christia-

442 990 535 1017 num
583 988 726 1015 nomen
770 976 952 1021 auferre,
999 978 1108 1013 tanta
1152 972 1273 1011 caede
1325 983 1403 1010 non

439 1041 563 1090 potuit
583 1051 590 1086 ·,
623 1039 716 1088 quin
743 1039 861 1075 etiam
889 1037 925 1072 in
958 1034 1116 1073 Perside
1137 1064 1144 1082 ,
1166 1035 1258 1073 llcet
1281 1034 1404 1072 multo

440 1106 528 1151 post
554 1106 731 1149 tempore
749 1098 1061 1137 Christianitatis
1081 1097 1215 1136 cultus
1240 1107 1310 1146 per
1329 1096 1404 1146 Cy-

438 1162 594 1199 riarum
619 1162 655 1209 b)
682 1163 895 1199 Diaconum
912 1160 1133 1198 Romanum
1157 1163 1218 1197 est
1244 1169 1406 1207 recupe-

438 1230 574 1272 ratus,
606 1223 851 1273 temporibus
876 1222 1027 1260 scilicet
1051 1220 1281 1258 Diocletiani
1307 1219 1405 1257 Cae-

439 1288 563 1334 saris,
593 1291 630 1323 et
663 1285 847 1323 Filiorum
878 1283 990 1333 ejus,
1022 1283 1223 1321 Maximini
1254 1281 1405 1319 scilicet

441 1351 477 1385 in
509 1349 694 1395 Oriente,
726 1351 765 1384 et
795 1346 1061 1384 Maximiniani
1096 1346 1130 1381 in
1162 1343 1402 1389 Occidente,

439 1412 503 1460 qui
547 1421 667 1460 super
697 1418 838 1446 omnes
870 1412 1027 1444 nostrae
1058 1405 1147 1443 fidei
1180 1404 1288 1443 fuere
1318 1414 1404 1453 pcr-

440 1476 656 1510 secutores
684 1470 758 1508 Sed
785 1469 1003 1508 Ecclesiam
1031 1478 1150 1516 super
1173 1466 1399 1504 firmitatem

442 1533 645 1571 fundatam
673 1537 808 1582 petrae
826 1560 834 1576 ,
861 1531 952 1568 licet
976 1534 1216 1575 concutere,
1242 1532 1398 1572 tamen,

439 1594 541 1645 quod
576 1595 783 1643 praecipue
808 1593 1044 1642 cupierunt,
1071 1591 1239 1628 deiicere
1265 1588 1402 1637 nequi-

439 1660 581 1693 verunt
606 1667 614 1693 z
646 1656 747 1692 sicut
774 1665 902 1702 neque
931 1657 1020 1703 post
1044 1663 1111 1689 eos
1137 1648 1400 1689 detestandus

439 1719 627 1766 Apostata
644 1716 838 1753 Julianus.
860 1714 945 1759 Quo
961 1714 1128 1751 coelitus
1148 1713 1400 1760 interempt0‚

438 1780 548 1828 quasi
569 1782 657 1828 post
679 1776 959 1826 ridigissiinam
986 1775 1172 1825 hyemem
1200 1772 1311 1810 verni
1334 1770 1401 1808 sso-

441 1851 503 1878 res
548 1841 583 1876 in
627 1843 729 1876 terra
763 1843 894 1875 nostra
926 1848 1114 1887 apparere
1157 1837 1402 1884 cooperunt,

439 1903 504 1951 qui
537 1902 646 1950 prius
676 1901 788 1950 quasi
816 1901 852 1936 in
876 1900 990 1937 theca
1017 1898 1079 1936 vel
1105 1897 1252 1935 cortice
1276 1895 1400 1933 clausi

438 1963 690 2001 tenebantur.
729 1959 904 1998 Basilius
933 1960 1084 1997 scilicet
1119 1956 1399 2007 Cappadocum

440 2025 662 2073 Episcopus
691 2027 728 2059 et
762 2023 903 2060 fratres
933 2023 1019 2059 eius
1050 2019 1275 2066 mirabiles,
1304 2017 1402 2054 Gre-

437 2085 576 2135 9orius
596 2114 605 2130 ‚
635 2086 667 2132 c)
704 2083 947 2121 Athanasius
988 2080 1282 2120 Alexandrinus
1313 2080 1403 2128 Epi-

441 2159 611 2197 scopus,
642 2145 841 2191 Joannes,
872 2145 908 2193 d)
942 2140 1395 2192 Conslantitiopolitanus

442 2209 672 2259 Episcopus.
703 2209 864 2245 Deserta
897 2208 1027 2244 omnia
1071 2215 1197 2242 novos
1244 2203 1398 2241 fructus

442 2271 611 2308 edidere.
647 2267 789 2307 Paulos
818 2280 976 2318 quoque
1006 2271 1047 2305 et
1077 2264 1266 2304 Antonios
1284 2295 1294 2312 ‚
1317 2265 1400 2302 Μα-

441 2333 571 2371 carios
601 2332 738 2380 utiquo
783 2335 823 2369 et
870 2329 1139 2381 Serapionas,
1180 2329 1221 2365 et
1260 2324 1403 2375 vissinli

441 2397 615 2445 quatuor
638 2392 820 2432 Seniores
849 2394 882 2439 e)
913 2403 1004 2429 cum
1037 2390 1188 2427 infinita
1221 2388 1402 2425 multitu-

442 2457 532 2493 dine
563 2455 637 2493 sub
667 2465 804 2493 corum
837 2453 1024 2492 ubraculo
1050 2450 1373 2502 germinantium.

496 2593 531 2631 a)
555 2596 635 2624 Acta
658 2594 808 2623 sanctor.
836 2591 884 2622 17.
908 2591 1004 2622 Febr.

497 2643 534 2681 b)
560 2646 641 2674 Acta
667 2644 816 2673 sanctor.
841 2641 874 2672 8.
892 2644 1032 2679 August.

498 2692 534 2730 c)
554 2694 730 2731 Nyssenus.

496 2741 531 2777 d„
555 2741 821 2779 chrysostomus.

505 2790 536 2823 e)
558 2793 662 2830 supra
685 2797 746 2828 cap
776 2792 811 2820 V.

498 2840 526 2878 s)
549 2842 653 2878 Supra
676 2842 757 2869 torn.
785 2837 812 2869 1.
839 2847 871 2876 p.
896 2837 969 2868 578.

501 2889 534 2927 g)
555 2891 648 2919 Hunc
667 2887 776 2919 locum
795 2887 899 2918 fateor
917 2895 968 2918 me
988 2894 1052 2916 non
1072 2883 1258 2922 intelligere
1274 2883 1336 2912 nisi
1360 2888 1415 2919 per

441 2940 602 2976 quintum
619 2937 715 2967 illuni
735 2941 869 2968 notetur
888 2937 1068 2975 Gregorius
1088 2937 1237 2973 Magnus.
1257 2931 1396 2968 chrysos
1409 2944 1416 2949 -

445 2990 528 3019 tomi
560 2991 702 3024 quatuor
715 2988 802 3026 apud
827 2989 965 3018 Grai-cos
981 2990 1078 3016 sunt:
1097 2986 1158 3014 Dio
1180 2982 1341 3019 Bithynus
1357 2982 1416 3008 So-

1280 230 1614 269 NOTKER}

1833 306 1994 346 CAPUT
2017 309 2086 346 ΧΗ

1512 413 1727 454 Ecclesiam
1753 418 2037 461 occidentalem
2062 425 2297 462 Sanctorum
2315 422 2414 462 mul—

1483 475 1645 515 litudine
1677 478 1872 517 Orientali
1912 493 2162 534 nequaquam
2205 482 2434 536 inferiorem

1485 548 1570 576 esse
1585 537 1704 577 (locet.
1726 538 1979 580 Commendat
1994 543 2191 584 lectionem
2210 544 2413 584 Prisciani
2428 575 2436 594 ,

1722 601 1882 653 Josepln·
1896 633 1904 650 ,
1928 607 1964 641 et
1981 605 2200 658 Heyesippi.

1534 716 1730 755 Occidens
1759 720 1876 757 etiam
1911 721 2017 770 ipse,
2065 721 2154 760 licet
2197 734 2309 772 sero,
2356 729 2444 762 tan—

1480 777 1570 815 dem
1601 779 1816 828 aliquando
1847 782 1884 818 in
1915 793 2079 832 germen
2110 786 2254 835 erupit.
2297 785 2441 825 Marti—

1480 849 1573 877 num
1604 842 1817 879 Pannoniis
1847 847 1978 882 ortum
2001 874 2011 890 ,
2043 848 2083 882 et
2105 855 2183 883 non
2203 846 2330 885 solum
2348 847 2445 885 Ger-

1481 902 1679 949 maniam,
1711 903 1773 941 vel
1805 905 2069 948 ltaliam‚seu
2085 905 2231 944 Gallias
2247 917 2317 946 sua
2334 919 2444 958 prac-

1481 964 1610 1001 sentia
1656 964 1947 1004 illuminantem
1967 996 1976 1013 ,
2022 967 2090 1006 sed
2135 969 2254 1006 ctiam
2297 980 2439 1007 omnes

1480 1024 1729 1073 Orientales,
1761 1026 1856 1077 ipsis
1886 1028 2083 1078 testibus,
2112 1029 2296 1068 claritate
2324 1030 2442 1068 lumi—

1482 1086 1543 1123 nis
1572 1092 1841 1137 superantem.
1872 1089 1980 1135 Quos
2005 1091 2125 1129 etiam
2146 1091 2337 1142 magister
2352 1090 2441 1142 ejus

1481 1147 1666 1187 Hilarius
1679 1151 1934 1201 corporaliter
1945 1151 2202 1191 illustrandos
2214 1151 2324 1190 adiit.
2335 1153 2437 1192 DEO

1480 1212 1636 1259 gratias.
1669 1212 1794 1251 Credo
1810 1243 1819 1259 ,
1844 1213 1935 1263 quia
1960 1213 2279 1263 aequiparaverit
2304 1218 2439 1253 nostra

1481 1271 1646 1311 tarditas
1675 1285 1811 1312 eorum
1857 1276 2099 1325 prioratum,
2147 1285 2239 1313 cum
2288 1276 2446 1314 intueor

1479 1331 1754 1383 Ambrosium,
1775 1335 2081 1387 Hieronymum,
2098 1335 2374 1387 Auyustinum
2391 1338 2449 1374 vi-

1480 1399 1652 1450 ventem
1690 1401 1902 1445 nostrum,
1947 1397 2182 1436 defunctum
2227 1402 2438 1446 nostrum,

1479 1466 1527 1491 ne
1557 1458 1704 1495 sterilis
1739 1458 1862 1497 Africa
1894 1459 1942 1497 de
1968 1464 2077 1498 tanta
2101 1458 2369 1498 foecunditate
2395 1469 2438 1496 se

1477 1517 1620 1556 audeat
1641 1518 1846 1568 jactitare,
1872 1520 2117 1568 Maaeimum,
2142 1518 2330 1568 Clarum,
2351 1519 2444 1560 Cla-

1475 1591 1586 1628 rum,
1612 1580 1927 1632 Simplicianzmz,
1953 1581 2187 1631 Eusebium,
2212 1579 2434 1629 Aurelium,

1477 1643 1693 1691 Severum,
1724 1646 1983 1692 Severinum,
2029 1644 2257 1690 Briccium,
2306 1642 2448 1682 Pauli—

1479 1713 1577 1741 num
1606 1705 1636 1741 T
1633 1716 1896 1754 reverensem,
1918 1710 1953 1744 el
1968 1705 2166 1746 Nolanum
2182 1735 2190 1754 ,
2207 1706 2319 1756 quasi
2338 1711 2446 1744 astra

1482 1765 1603 1803 simul
1638 1766 1927 1816 procedentes,
1958 1771 1998 1806 et
2026 1768 2131 1806 circa
2161 1767 2279 1806 finem
2318 1767 2447 1805 noctis

1483 1825 1580 1864 alios
1614 1827 1738 1865 multo
1769 1828 1904 1878 plures
1922 1856 1932 1873 ‚
1961 1840 2131 1879 quorum
2150 1829 2268 1868 etiam
2287 1828 2446 1866 nomina

1483 1888 1680 1927 virtutum
1714 1900 1761 1928 su
1774 1896 1818 1928 nt
1852 1901 2044 1942 praesaga
2068 1903 2075 1928 :
2103 1888 2304 1941 Conqellos
2326 1888 2351 1938 f)
2373 1890 2448 1927 sci-

1478 1949 1569 1986 licet
1589 1981 1600 1997 ,
1633 1953 1699 2000 qui
1732 1953 2026 2002 intepretantur
2048 1953 2204 1999 Fausti3
2232 1949 2444 1991 Columbas

1478 2008 1767 2061 Columbanus,
1800 2012 1933 2061 Gallos
1951 2044 1961 2061 ,
1996 2013 2234 2064 Greqorium
2263 2013 2299 2064 g)
2329 2014 2444 2063 quin—

1476 2075 1590 2120 tum,
1624 2083 1766 2111 nomen
1807 2074 2082 2123 Chrysostomi
2127 2075 2290 2113 Graecis
2329 2074 2437 2113 aufe-

1476 2138 1628 2171 rentem
1647 2147 1654 2171 :
1682 2134 1924 2184 Benedictus,
1942 2137 2186 2185 Honoratos,
2206 2134 2438 2186 Libertinos,

1477 2194 1689 2234 Otlzmaros
1710 2225 1717 2243 ,
1736 2202 1917 2236 nostrum
1937 2202 1977 2236 et
1993 2198 2208 2248 Belgicum.
2228 2196 2440 2237 Caeterum

1476 2257 1506 2293 si
1533 2261 1572 2294 et
1601 2258 1818 2296 Gentilium
1854 2258 2049 2297 authores
2080 2269 2198 2298 nosse
2221 2258 2440 2309 desideras,

1475 2318 1774 2358 PRtSCIANUM
1801 2320 1836 2368 h)
1862 2321 1961 2371 lege.
1983 2319 2141 2372 Josephi
2160 2331 2253 2359 vero
2283 2320 2434 2360 Judaici

1479 2380 1697 2429 historias,
1728 2387 1768 2419 et
1798 2381 2011 2433 Heyesz‘ppz‘
2040 2383 2166 2420 nostri
2200 2382 2439 2432 legendas...
2480 2381 2487 2395 ‘

1476 2442 1528 2480 Et
1558 2436 1678 2481 iine'm
1711 2443 1842 2482 libello
1882 2445 2054 2495 impono.
2084 2443 2233 2483 Amen.
2258 2444 2443 2494 Explicit.
2501 2434 2502 2437 ¹

1472 2582 1608 2623 pliista,
1632 2586 1776 2615 Joannes
1814 2583 2223 2623 constantinopolitanus.
2255 2583 2450 2615 Severianus

1479 2634 1701 2672 Gabinorum,
1726 2638 1758 2665 et
1780 2633 1966 2666 Antiochus
1989 2632 2203 2665 Ptolemaidis
2220 2632 2390 2673 Episcopi.

1534 2683 1569 2722 h)
1593 2684 1802 2715 priscianum
1817 2682 1918 2714 fuisse
1932 2683 2132 2720 mimicum,
2148 2689 2216 2713 non
2234 2683 2315 2713 adeo
2333 2680 2453 2720 explo-

1474 2737 1584 2764 ratum
1609 2734 1766 2770 videtur,
1806 2737 1842 2764 ut
1882 2734 1996 2763 monui
2024 2734 2057 2763 in
2089 2731 2296 2763 Bibliotheca
2324 2732 2452 2762 Latina.

1474 2784 1514 2812 Et
1532 2789 1632 2821 supra
1651 2790 1724 2821 cap.
1739 2782 1759 2813 5
1782 2786 1815 2813 et
1836 2785 1958 2812 noster
1983 2781 2196 2812 Priscianus
2215 2802 2223 2819 ,
2247 2780 2305 2812 ubi
2344 2781 2448 2811 etiam
2509 2774 2512 2783 '

1475 2833 1584 2862 Latini
1610 2833 1825 2863 Grainmatici
1844 2833 1965 2863 Donati
1989 2832 2115 2862 mentio
2132 2832 2370 2870 praecesserat.
2387 2827 2448 2860 Sed

1479 2884 1587 2920 potest
1609 2882 1711 2911 etiam
1736 2889 1807 2912 esse
1830 2889 1969 2919 sensm,
1993 2881 2178 2912 Gentilium
2193 2881 2330 2920 scriptis
2348 2878 2450 2911 intel-

1477 2931 1618 2970 ligendis
1633 2954 1642 2967 ‚
1662 2931 1878 2969 slnguiariter
1892 2930 2078 2963 conducere
2096 2931 2318 2962 priscianum.
