2517 4009
974 238 1168 278 SAxo

74 308 151 346 sit:
187 309 222 346 id
241 307 344 358 quod
369 308 617 358 Sperlingius
643 321 676 358 p.
712 310 799 348 127.
841 312 1032 361 iuterpre—

71 374 182 409 tatur
210 369 382 408 scribam
402 399 410 418 ‚
436 367 704 408 Secretarium
726 401 733 418 ,
754 383 774 410 a
811 383 929 411 manu
949 404 956 418 ,
982 373 1030 411 ab

72 431 263 482 Epistolis
279 459 287 479 ,
305 431 473 480 aliisque
491 432 688 470 scribendi
710 433 851 472 officiis
868 434 1031 472 Archie·

70 494 232 544 piscopo
260 497 534 543 apparentem.
558 494 661 539 Quin
687 499 727 532 et
755 496 837 545 ipse
860 495 1029 545 Stepha-

72 555 163 593 nius
193 555 230 592 in
262 555 555 604 prolegomenis
586 567 606 593 c
651 557 710 594 ⁴12.
737 557 904 604 fatetur,
928 558 1027 595 tales

70 615 246 655 Clericos
275 616 437 666 propius
466 617 568 654 circa
600 619 788 656 Dominos
819 629 914 657 suos
939 630 1028 656 ver-

69 681 206 725 satos,
234 687 304 715 eos
321 706 330 724 ,
350 677 457 716 velut
482 679 822 727 contubernales,
849 690 1028 730 quoeun-

69 749 147 789 que
172 739 299 786 irent,
330 739 570 786 comitatos,
609 745 650 777 et
691 741 943 790 gravioribus
989 743 1024 779 in

71 800 240 851 negotiis
282 801 508 839 tractandis
548 801 781 851 frequenter
817 801 1023 840 adfuisse:

66 871 168 911 quae
192 862 325 900 omnia
348 872 445 900 sane
471 863 508 899 in
532 863 802 912 praepositum
824 893 831 911 ,
864 865 1025 912 majoris

66 921 216 961 ordinis
241 923 399 970 virum,
432 935 508 962 non
541 924 801 963 conveniunt.
832 924 928 962 obiit
958 936 1026 963 no-

66 988 150 1023 ster
177 988 269 1035 post
291 996 311 1023 a
337 984 379 1022 C.
402 985 520 1024 4203.
544 984 656 1034 Opus
689 987 778 1034 eJus
813 990 1022 1024 aeternum

65 1045 172 1096 quod
192 1047 312 1096 jussu
338 1046 553 1085 Absolonis
573 1047 723 1086 laudati
747 1049 946 1099 suscepit,
962 1053 1025 1086 est

65 1107 244 1147 Historia
262 1108 413 1146 Daniea
429 1120 448 1147 a
461 1110 584 1159 prima
594 1110 886 1160 gentisorigine
897 1121 1024 1160 usque

62 1169 109 1208 ad
140 1181 175 1208 a.
203 1170 320 1208 1186.
343 1172 406 1209 eui
427 1172 546 1209 etiam
571 1171 695 1208 multa
726 1171 904 1209 carmina
929 1175 1025 1209 sunt

64 1231 263 1277 immixta,
289 1235 335 1269 ut
356 1232 479 1269 etiarn
505 1233 542 1268 in
559 1232 667 1281 poesi
691 1231 924 1270 facultatem
943 1243 1021 1270 non

61 1293 245 1342 exiguam
271 1291 508 1341 possederit.
536 1292 578 1329 In
611 1291 702 1330 stilo
731 1294 941 1342 praecipue
962 1304 1025 1331 se-

62 1357 196 1392 ctatus
216 1356 280 1391 est
308 1353 512 1392 Valerium
537 1353 752 1392 Maximum
793 1359 833 1391 et
868 1355 1024 1392 Martia-

63 1424 159 1453 num
185 1414 402 1464 Capellam.
426 1414 558 1453 Vitam
584 1413 673 1465 ejus
696 1414 882 1464 pluribus
903 1426 1024 1465 expo-

63 1476 121 1514 nit
149 1475 379 1526 Stephanus
407 1475 574 1514 Joannis
598 1474 840 1525 Stephanius
873 1477 909 1513 in
932 1477 1024 1514 Pro-

65 1537 298 1587 legemenis.

111 1597 224 1649 Opus
248 1598 322 1638 hoc
346 1597 517 1637 Saxonis
535 1599 710 1649 primum
738 1598 885 1649 prodiit
923 1609 1018 1637 cura

4 1665 18 1670 ’
57 1661 154 1710 Mag.
189 1659 426 1699 Christierni
461 1660 644 1715 Petraei,
686 1659 1015 1709 Metropolitanae

60 1721 290 1761 Lundensis
309 1722 513 1761 Ecclesiae
534 1722 747 1769 Canonici,
770 1722 931 1760 Parisiis
949 1733 1018 1771 per

57 1782 296 1822 Ascensium
312 1815 324 1832 ‚
347 1784 466 1823 4544.
490 1784 556 1822 fol.
581 1783 725 1822 deinde
760 1786 852 1833 post
887 1794 1016 1821 annos

59 1845 198 1896 viginti
219 1846 397 1884 Basileae
432 1856 502 1896 per
516 1847 575 1883 Jo.
597 1845 800 1883 Bebelium
819 1875 831 1892 ,
852 1844 967 1883 ⁴534..
994 1845 1018 1883 f.

55 1905 300 1956 stephanius
328 1918 418 1946 eam
441 1908 500 1945 Jo.
524 1907 697 1957 Oporino
730 1905 947 1953 adscribit,
978 1911 1019 1944 et

58 1967 222 2006 consilio
245 1967 306 2006 Jo.
328 1968 576 2019 Sphyraetis,
593 1968 836 2006 Basileensis
853 1967 1021 2007 adorna—

59 2031 140 2066 tam
158 2026 379 2076 dicit,unde
396 2027 652 2067 Jo.Mollerus
670 2027 708 2064 in
725 2027 1020 2076 Hypomnema-

58 2089 111 2127 tis
125 2088 176 2128 ad
190 2088 278 2128 Alb,
290 2088 566 2128 Bartholinum
584 2087 632 2126 de
649 2089 809 2138 scriptis
820 2089 1020 2126 Danorum

58 2161 94 2201 p.
121 2151 211 2189 396.
235 2150 336 2190 duas
359 2150 556 2189 editiones
587 2151 706 2198 feeit,
737 2149 1020 2199 Sphyratinam

23 2206 27 2210 ’
58 2211 160 2250 1524
190 2216 231 2251 et
259 2212 544 2262 Oporinianam
579 2211 696 2250 ⁴534.
724 2211 826 2249 male
845 2241 854 2259 ,
875 2214 920 2249 ut
947 2222 1020 2261 ego

55 2271 234 2322 conjicio,
264 2274 334 2322 qui
365 2273 415 2311 de
439 2284 474 2312 a.
499 2273 616 2312 ⁴524.
638 2272 736 2311 nihil
753 2272 857 2322 apud
883 2283 1022 2322 quem-

58 2345 180 2384 quam
204 2337 413 2372 auctorum
444 2335 581 2372 inveni
607 2337 890 2371 memoratum.
930 2333 1023 2372 Edi-

32 2391 109 2434 'tio
133 2396 250 2434 tertia
275 2405 344 2445 per
375 2394 612 2433 Wechelum
658 2393 804 2444 prodiit
841 2395 1020 2433 Francos.

57 2456 174 2496 1566.
203 2455 266 2494 tol.
286 2465 382 2495 cura
404 2454 570 2504 Philippi
594 2455 770 2492 Loniceri
788 2458 830 2492 et
852 2455 1018 2493 Joaunis

56 2517 250 2557 Fiehardi.
281 2517 431 2563 Quarta
454 2516 628 2565 denique
652 2515 772 2553 Sorae
809 2515 926 2553 1641.
965 2517 1019 2554 fo-

55 2580 216 2629 lio,cum
235 2579 531 2618 Commentario
548 2575 766 2626 Stephanii,
783 2586 884 2625 quae
899 2575 1018 2614 editio

55 2641 133 2680 huc
163 2651 292 2690 usque
331 2639 406 2678 fuit
441 2639 604 2689 optima.
644 2636 944 2675 Rostochiensis
979 2648 1014 2675 a.

55 2702 169 2741 1656.
199 2711 292 2740 cum
321 2704 457 2739 annot.
488 2698 719 2744 stephanii,
763 2708 883 2746 quani
923 2698 1015 2736 Cor-

54 2763 183 2803 nelius
205 2775 227 2802 a
252 2762 456 2814 Beughem
479 2762 514 2798 in
538 2760 722 2809 Bibliogr.
740 2760 838 2796 [list.
858 2770 893 2808 p.
924 2759 1013 2797 22⁴.

55 2830 279 2874 memorat,
310 2834 516 2873 nunquam
550 2821 705 2872 prodiit.

101 2887 240 2925 Versio
260 2886 368 2924 illius
388 2885 536 2923 Danica
554 2882 658 2921 edita
690 2886 753 2919 est
800 2881 850 2918 ab
891 2880 1016 2919 Andr.

53 2947 236 2998 VeHeJo,
273 2944 599 2995 Historiographo
637 2943 783 2994 Regio,
824 2942 986 2980 llasniue
1004 2972 1013 2988 ,

55 3010 170 3048 4575.
195 3013 236 3046 et
268 3007 382 3047 1610.
409 3006 512 3044 folio.
536 3004 704 3043 dialecto
730 3003 923 3041 Saxoniae
959 3004 1016 3040 in-

50 3070 202 3110 ferioris
225 3068 419 3120 prodiisse
444 3066 583 3105 dicunt
606 3065 722 3103 1Ιι81.
750 3066 785 3101 8.

106 3132 454 3172 commentatores
485 3125 620 3164 inediti
646 3131 741 3164 sunt
763 3125 821 3162 Jo.
843 3125 1014 3163 suanin-

55 3195 144 3245 gius
167 3222 175 3242 ‚
201 3191 365 3240 Senior,
389 3188 604 3228 Christiani
634 3188 696 3224 111.
723 3187 839 3236 Regis
885 3186 1011 3223 ilisto-

55 3253 289 3306 riographus
304 3283 314 3300 ,
335 3253 382 3291 M.
406 3250 487 3289 Nic.
514 3250 729 3295 Petraeus,
756 3247 1010 3297 praepositus

15 3350 17 3356 ,
56 3317 93 3355 in
117 3317 229 3357 Mona
255 3314 388 3354 Insula
418 3310 752 3356 Silderaaseiisis,
783 3313 817 3344 et
849 3308 1011 3355 ilrynol-

1995 245 2072 285 4'49

1110 310 1213 359 plius
1243 310 1497 360 Suenonius,
1532 314 1749 363 Episcopus
1785 314 2072 353 Scalholtensis

1109 373 1144 409 in
1172 372 1370 420 Islandia,
1413 374 1531 424 qu'us
1569 375 1764 424 quaedam
1804 375 2067 425 Conjectanea

1114 434 1150 470 in
1178 433 1328 483 aliquot
1354 435 1522 473 Saxonis
1553 435 1634 473 loca
1661 438 1745 474 suis
1769 438 1953 475 inseruit-
1979 438 2069 476 Ste-

1107 493 1290 543 phanius.
1314 495 1409 533 Vide
1430 496 1773 536 Commentariun]
1799 497 1886 547 ejus
1925 510 1962 548 p.
2003 499 2065 537 18,

1106 555 1169 593 24.
1196 566 1307 605 seqq.

1157 618 1368 655 Caeterum
1395 616 1444 654 de
1468 617 1827 666 Epitomatoribus‚
1851 620 2066 658 Continua-

1104 677 1255 715 toribus
1272 709 1281 724 ,
1309 677 1578 716 laudatoribus
1599 684 1639 716 et
1663 679 1941 718 defensoribus
1976 680 2065 729 ejus

1103 744 1143 775 et
1166 739 1253 776 aliis
1278 749 1380 787 quae
1406 738 1483 777 huc
1504 741 1728 788 pertinent,
1749 742 1838 779 vide
1870 744 1926 780 Jo.
1966 744 2061 780 Mol-

1104 797 1230 835 lerum
1258 798 1294 834 in
1324 798 1485 848 Isagoge
1502 798 1548 836 ad
1578 800 1786 838 Historiam
1821 801 2061 838 Chersonesi

1107 858 1329 897 Cimbricae
1348 864 1446 908 part.
1475 860 1501 897 l.
1528 871 1563 909 p.
1587 861 1650 899 31.
1669 862 1761 898 item
1781 862 1817 898 in
1838 862 2063 911 llypomne-

1104 921 1222 958 matis
1248 919 1420 958 laudatis
1439 950 1449 967 ,
1472 921 1550 958 Nic.
1591 923 1692 959 Petri
1729 921 1891 960 Sibbern
1924 923 2063 960 Biblio—

1103 980 1260 1020 theeam
1287 982 1519 1020 llistoricam
1546 983 1932 1033 Dauo-Norvegicam
1972 994 2058 1033 pag.

1100 1042 1165 1081 -21,
1193 1055 1304 1093 seqq.

1157 1104 1369 1144 Annalista
1392 1106 1558 1152 SAXO‚
1597 1107 1646 1145 ab
1686 1118 1719 1146 a.
1757 1106 1976 1146 741-1139.
2020 1109 2056 1144 in

1100 1167 1240 1205 Codice
1272 1169 1500 1206 monasterii
1525 1169 1565 1206 S.
1586 1170 1768 1207 Fermani
1794 1171 1956 1208 Parisini
1983 1171 2060 1218 pri-

1102 1240 1211 1266 mum
1234 1230 1455 1276 inventuS,
1482 1234 1570 1279 post
1590 1229 1723 1268 editus
1750 1232 1785 1268 in
1807 1232 1863 1268 Jo.
1901 1231 2055 1280 Georgii

1098 1290 1263 1327 Eccardi
1289 1291 1460 1340 Corpore
1486 1292 1764 1330 l-listoricorum
1787 1292 1904 1330 medii
1921 1293 2007 1330 aevi
2030 1296 2058 1328 t.

1099 1351 1126 1387 1.
1154 1362 1189 1399 p.
1209 1351 1297 1389 133.
1322 1361 1433 1400 seqq.
1466 1351 1554 1400 ejus
1571 1353 1776 1401 scriptoris
1810 1354 1865 1390 sic
1896 1357 2057 1390 enarrat

1099 1410 1305 1450 Eccardus
1335 1413 1373 1448 in
1405 1413 1670 1461 praefatione:
1711 1414 1785 1451 Res
1821 1413 2056 1451 Germaniae

1100 1474 1137 1509 et
1145 1471 1366 1522 praecipue
1387 1472 1597 1510 Saoeoniae
1614 1470 1785 1510 dilucide
1802 1474 2056 1514 enarrandas

1097 1531 1178 1571 sibi
1187 1535 1408 1584 proposuit.
1419 1533 1623 1573 Successio
1635 1533 1965 1572 Germanicorum
1978 1536 2055 1573 Ar-

1095 1594 1430 1646 chiepzscoporum
1445 1626 1455 1643 ‚
1490 1594 1778 1645 Episcoporum
1797 1623 1808 1640 ,
1832 1593 2050 1634 Abbatum-

1093 1667 1169 1707 que
1201 1655 1541 1694 Monasteriorum
1580 1654 1871 1703 celebriorum,
1915 1655 1965 1694 ab
2007 1670 2050 1695 eo

1093 1716 1242 1755 solicite
1271 1720 1511 1765 annotatur,
1538 1720 1582 1755 ut
1609 1715 1673 1755 vel
1699 1715 1745 1754 ob
1767 1716 1837 1755 hoc
1860 1717 1987 1756 solum
2011 1722 2051 1757 in

1090 1778 1217 1828 pretio
1246 1778 1300 1817 sit
1327 1777 1542 1818 habendus.
1575 1777 1652 1818 Sed
1679 1778 1960 1829 Genealoyicae
1980 1792 2050 1818 anv

1096 1845 1130 1878 te
1159 1839 1243 1878 alia
1272 1840 1461 1887 notitiae,
1491 1851 1594 1891 quas
1621 1838 1809 1888 subinde,
1856 1844 1894 1878 et
1928 1842 2051 1892 inpri-

1093 1903 1169 1939 mis
1198 1900 1244 1939 de
1270 1900 1452 1940 Familiis
1481 1901 1722 1946 Saaeonicis,
1766 1902 2049 1953 interspertqit,

1094 1974 1197 2001 auro
1227 1961 1338 2000 nobis
1369 1965 1509 2000 contra
1533 1973 1655 2000 carae
1675 1972 1759 2000 esse
1782 1961 1932 2001 debent.
1953 1963 2046 2002 Sine

1095 2023 1174 2062 illis
1198 2023 1340 2075 quippe
1370 2023 1410 2061 in
1439 2021 1660 2073 oriqinibus
1689 2021 1908 2062 illustrium
1951 2035 2049 2075 qua-

1095 2085 1271 2123 rundam
1296 2085 1472 2135 {Jentium
1496 2083 1615 2136 plane
1656 2085 1969 2133 coecutiremus,
2010 2089 2055 2123 ut

1096 2146 1159 2186 vel
1185 2159 1256 2185 eae
1279 2146 1574 2197 disquisitiones
1595 2145 1878 2196 Genealoyicae
1893 2146 2050 2184 demon-

1095 2212 1227 2247 strant
1244 2238 1251 2254 ,
1280 2219 1383 2259 quas
1400 2218 1468 2245 uos
1485 2219 1612 2257 nuper
1628 2208 1669 2246 in
1684 2207 1810 2246 lucem
1829 2208 2048 2254 emisimus,

1096 2275 1216 2321 atque
1237 2271 1322 2321 eJ'us
1350 2268 1588 2307 auctoritate
1612 2268 1848 2319 plerumque
1867 2269 2049 2319 firmavi-

1096 2343 1195 2370 mus.
1221 2330 1413 2382 Sequitur
1432 2328 1578 2367 author
1609 2329 1648 2366 in
1663 2328 1952 2368 vetustioribus
1977 2332 2049 2368 Re-

1093 2394 1298 2444 (Jinonem,
1324 2392 1411 2443 eJus
1441 2395 1570 2429 tamen
1598 2389 1722 2429 verba
1743 2390 1902 2440 saepius
1922 2402 2048 2428 emen-

1094 2454 1227 2493 datius
1257 2451 1420 2492 eoelzibet
1439 2484 1449 2499 ,
1476 2463 1598 2502 quam
1629 2451 1669 2489 in
1694 2451 1930 2489 Pistoriana
1967 2449 2047 2488 edi-

1094 2515 1210 2558 tione,
1226 2513 1482 2564 izeqlzyeiztz'zcs
1502 2516 1665 2558 curata,
1689 2515 1918 2549 cernuntur.
1941 2511 2045 2549 Idem

1092 2575 1273 2625 eaceerpit
1304 2572 1583 2614 Witicliindmn
1601 2603 1611 2619 ,
1660 2572 1887 2610 Ditmnrum
1908 2603 1915 2618 .,
1941 2572 2047 2610 Ada-

1092 2647 1196 2673 mum
1228 2636 1513 2678 Bremensem,
1547 2633 1732 2672 Cosmam
1773 2634 2043 2682 Pragyensem,

1091 2698 1315 2734 Brunonem
1344 2693 1390 2732 de
1414 2693 1510 2732 bello
1539 2693 1761 2740 Saoeonico,
1793 2692 2042 2732 Lambercum

1091 2755 1529 2807 Schafnaburyensem,
1561 2754 1780 2794 Chronicon
1812 2754 1951 2792 Montis
1975 2757 2043 2794 Se-

1091 2818 1202 2865 reni,
1227 2817 1452 2867 Scriptores
1474 2815 1520 2853 de
1536 2815 1672 2866 prima
1690 2815 1936 2867 expeditione
1952 2827 2043 2853 cru-

1091 2880 1217 2924 ciata,
1252 2876 1438 2916 Hessonis
1454 2880 1546 2914 acta
1568 2875 1734 2916 Concilii
1750 2878 1949 2915 tiernensis
1971 2888 2041 2914 an—

1092 2952 1137 2977 no
1169 2940 1286 2977 1119.
1317 2936 1461 2986 habiti,
1484 2941 1521 2975 et
1541 2935 1625 2974 alia
1640 2940 1796 2975 vetusta
1817 2948 2040 2974 monumen-

1093 3005 1156 3048 ta,
1187 3011 1289 3051 quae
1318 2999 1506 3037 hactenus
1549 2996 1649 3035 alibi
1690 2997 1857 3035 nondum
1896 2998 2043 3036 detecta

1091 3065 1193 3100 sunt.
1244 3059 1414 3098 Ditmari
1457 3064 1493 3097 et
1544 3058 1769 3098 ll'iticliincli
1800 3062 2042 3108 praesertim

1090 3121 1359 3161 narrationem
1377 3120 1583 3171 consu-sam
1608 3120 1645 3157 in
1661 3120 1836 3158 ordinem
1856 3120 1887 3160 C
1890 3121 2040 3158 ronolo-

1087 3194 1216 3233 flavum
1242 3181 1432 3230 diffessa,
1465 3184 1499 3218 et
1528 3194 1572 3218 ea
1614 3192 1734 3231 opera
1767 3180 1896 3231 [licem
1928 3180 2039 3219 nobis

1089 3245 1139 3281 ud
1175 3241 1437 3292 intelligendos
1472 3241 1657 3279 cramus
1693 3239 1944 3279 obscuriores
1976 3241 2040 3280 lio-

1088 3318 1149 3341 sea·
1178 3306 1388 3354 scriptores
1430 3302 1615 3339 (im-emm,
1653 3302 1903 3352 Amplissae‘mo
1935 3304 2039 3340 Gan<

1672 3383 1743 3418 ΜΒ
