2533 4009
446 204 523 242 '⁴¹⁴4

446 285 510 312 cos
548 272 752 309 universos
788 264 841 300 ad
888 258 1151 309 (le‘ffl’rentiam
1193 258 1402 309 cujusdam

449 333 542 372 libri
563 328 791 368 haereticor.
819 318 891 373 qui
909 319 1052 358 stellae
1080 318 1233 356 'nomine
1254 318 1404 369 praeti—

448 394 607 432 tulatur.
640 387 733 424 vido
766 385 864 422 Nov.
894 383 986 419 Lete.
1020 380 1128 417 Ft'or.
1161 372 1276 418 1794.
1307 381 1396 418 519.

500 448 689 489 SALVL’S
720 445 925 483 Cassetta:
959 440 1276 478 Panormitanus.
1308 439 1401 478 Ord.

448 510 789 552 Praedicatorum,
831 503 1052 540 Florentiae
1098 503 1269 550 primum
1307 502 1404 539 Bac-

447 572 681 610 calaureus.
712 569 800 615 post
839 563 1072 611 Theologiae
1102 563 1289 612 Magister
1321 573 1407 611 pro-

446 636 575 670 motus
617 640 649 666 a.
700 626 815 665 4418.
860 626 896 661 in
929 623 1098 661 Siciliam
1132 623 1255 670 redux
1283 624 1403 660 variis

440 692 595 731 scholae
608 694 646 727 et
657 690 928 727 conventuum
948 685 1152 735 regiminis
1169 684 1404 722 muneribus

446 755 615 791 functus.
654 749 849 787 Disfinitor
879 746 952 785 fuit
983 751 1020 783 et
1050 756 1083 784 a.
1118 745 1231 784 1474.
1265 746 1405 782 Procu-

443 818 547 852 rator
592 810 742 849 ordinis
788 808 1024 855 Generalis,
1055 808 1239 857 Magister
1270 806 1404 844 Palatii

443 873 545 925 apud
575 872 730 911 Sixtum
757 872 817 909 lV.
848 882 868 908 a
905 880 982 919 quo
1027 869 1146 906 ctiam
1173 869 1210 904 in
1241 867 1405 905 Germa-

444 937 548 974 niam
580 935 750 983 Legatus
780 933 929 969 missus
957 935 1049 967 est:
1081 940 1195 979 porro
1235 929 1404 978 luquisi-

444 1003 528 1043 tor,
572 1000 612 1033 et
655 994 817 1033 tandem
866 993 1050 1041 Magister
1090 990 1263 1037 ordinis,
1308 991 1401 1028 obiit

444 1070 479 1096 a.
511 1057 624 1096 4483.
657 1056 821 1104 Scripsit
858 1053 982 1090 Vitam
1012 1054 1050 1090 S.
1077 1051 1267 1090 Vincentii
1308 1051 1402 1089 Fer-

444 1118 570 1167 rerii,
593 1115 791 1168 Epistolas
811 1114 865 1152 ad
884 1113 1085 1152 diversos:
1113 1112 1211 1150 Acta
1237 1112 1402 1163 inquisi-

446 1179 577 1226 tionis,
603 1178 703 1216 Acta
724 1175 944 1226 Leyationis
966 1174 1237 1212 Germanicae.
1258 1174 1402 1212 Confer

445 1243 526 1281 Ant
574 1241 790 1290 Mongitore
838 1237 934 1276 Bibl.
987 1235 1160 1274 Siculam
1208 1239 1302 1273 tom.
1356 1236 1400 1273 11.

445 1315 482 1354 p.
512 1302 604 1341 207.
633 1304 713 1340 jae.
744 1299 881 1346 Quetif
907 1297 955 1336 de
999 1297 1265 1347 scriptoribus
1309 1297 1403 1336 Ord.

445 1364 763 1403 Praedicatorum
783 1366 877 1399 tom.
894 1361 922 1398 Ι.
943 1371 966 1410 p
1008 1360 1098 1397 859.
1124 1359 1225 1396 Hier.
1250 1359 1402 1409 Ragusa

445 1427 579 1475 Elogia
635 1424 856 1463 Siculorum
913 1433 950 1471 p.
1008 1421 1097 1459 251.
1155 1421 1403 1459 Altamuram

445 1501 482 1538 p.
512 1488 601 1525 209.
632 1485 814 1525 Giornalc
842 1482 1106 1521 de‘Letterati
1152 1481 1187 1519 d'
1210 1482 1318 1520 ltalia
1349 1486 1407 1519 to-

447 1560 510 1587 mo
533 1549 640 1587 xxi.
669 1559 705 1597 p.
738 1545 825 1584 407.

500 1611 519 1632 ³‘
544 1606 831 1648 Praetereunda
857 1617 934 1643 nou
962 1609 1056 1642 sunt
1077 1615 1120 1642 ea
1142 1614 1243 1652 quae
1270 1604 1318 1642 de
1335 1605 1406 1643 boc

446 1673 531 1708 viro
552 1671 710 1719 scripsit
746 1668 915 1706 Jacobus
944 1665 1226 1704 Volaterranus
1264 1666 1300 1702 in
1333 1676 1406 1703 suo

449 1733 578 1770 Diario
600 1732 709 1767 Rom.
727 1729 774 1767 ad
794 1729 866 1766 An.
895 1727 990 1765 1484
1024 1725 1208 1765 «Salvus
1248 1725 1407 1765 Siculus

447 1793 614 1831 celebris
636 1790 870 1840 Theologiae
902 1788 1123 1839 professor,
1165 1789 1230 1837 qui
1268 1788 1404 1838 plures

449 1864 574 1892 annos
600 1853 641 1891 S.
665 1853 799 1901 Apost.
829 1850 962 1888 Palatii
989 1850 1172 1899 Magister
1198 1849 1326 1887 fuerat
1365 1854 1405 1886 et

449 1915 486 1951 in
511 1913 603 1951 Ord.
630 1923 702 1951 suo
734 1910 1051 1949 Praedicatorum
1085 1920 1249 1959 magnae
1267 1909 1406 1948 autho-

450 1976 578 2013 ritatis
598 1978 638 2011 et
661 1974 835 2022 gratiae,
857 1970 996 2009 eodem
1035 1970 1097 2007 die
1133 1981 1274 2020 nempe
1311 1972 1406 2019 vigi-

455 2038 546 2074 liam
568 2038 822 2074 Pentecostes
852 2033 888 2070 in
915 2032 1087 2082 generali
1133 2032 1403 2082 religiosorum

454 2099 514 2136 sui
535 2097 684 2134 ordinis
704 2095 898 2140 concilia,
927 2092 1029 2142 quod
1059 2092 1201 2131 Romae
1240 2105 1300 2143 ap.
1339 2095 1407 2131 Mi-

456 2170 618 2197 nervam
640 2161 701 2195 est
725 2156 968 2194 celebratum
991 2165 1191 2192 consensu
1227 2156 1405 2193 omnium

453 2220 648 2270 generalis
671 2218 952 2267 designatur....
980 2215 1144 2254 vacabat
1169 2220 1264 2253 tunc
1286 2227 1330 2253 ea
1352 2215 1409 2253 di-

451 2283 580 2331 gnitas
616 2280 724 2317 obitu
766 2277 953 2316 Leonardi
993 2278 1185 2315 Mansueti
1228 2279 1405 2316 Perusini

456 2343 530 2379 viri
548 2341 787 2391 integerrimi
809 2344 849 2377 et
869 2338 1325 2390 subtilissimiTheologi,
1343 2341 1408 2389 qui

454 2403 571 2453 paulo
595 2407 687 2441 ante
714 2403 857 2439 Romae
881 2400 984 2437 diem
1011 2400 1171 2438 obierat.
1204 2415 1221 2435 »

504 2464 695 2503 SALVUS
711 2463 756 2501 de
773 2464 933 2502 Merano
951 2463 983 2499 J.
1010 2462 1052 2500 C.
1076 2463 1322 2509 Parmensis,
1343 2473 1411 2500 cu—

452 2528 523 2573 ius,
539 2525 702 2565 consilia
730 2529 864 2563 extant
900 2525 937 2561 in
959 2524 1035 2562 MS.
1059 2523 1151 2562 Cod.
1175 2524 1294 2562 Felini
1320 2525 1409 2563 419.

456 2600 533 2627 una
554 2600 644 2626 cum
670 2587 846 2625 consiliis
876 2586 984 2624 Baldi
1005 2585 1053 2624 de
1076 2586 1338 2624 Saxoferrato.
1366 2586 1386 2608 '⁶

505 2649 748 2688 SAMPIRUS
778 2677 786 2695 ,
834 2648 1054 2697 Episcopus
1113 2648 1410 2694 Asturicensis,

456 2711 615 2761 scripsit
644 2708 864 2748 Historiam
881 2718 950 2746 scu
971 2707 1192 2746 Chrom'con
1209 2709 1257 2747 ab
1273 2719 1305 2746 a.
1323 2709 1414 2746 858.

454 2772 500 2811 ad
541 2773 630 2810 985.
656 2782 759 2821 quae
788 2781 879 2808 cum
911 2769 1085 2816 Isidoro,
1118 2769 1273 2818 ldacio,
1299 2770 1417 2808 Seba-

454 2834 582 2871 stiano
623 2837 663 2870 et
708 2831 860 2881 Pelagio
903 2830 1094 2868 Ovetensi
1147 2830 1251 2868 edita
1295 2835 1357 2868 est
1394 2841 1415 2868 a

455 2894 668 2933 Prudentio
697 2891 961 2940 sandovalio,
992 2892 1186 2941 Episcopo
1205 2891 1417 2929 Salmanti-

454 2966 572 2993 cense
594 2986 604 3003 ‚
649 2953 913 3005 Pompejopoli
947 2953 1063 2991 1613.
1095 2951 1210 2991 4634.
1242 2951 1304 2988 fol.
1336 2951 1417 2989 Au-

455 3021 538 3054 ctor
586 3018 685 3054 vixit
727 3018 829 3054 circa
862 3026 895 3053 a.
938 3015 1054 3053 4020.
1096 3015 1176 3052 Nic.
1218 3013 1416 3052 Antonius

455 3079 552 3117 Bibl.
582 3080 750 3129 Hispana
795 3078 882 3115 Vct.
918 3077 1000 3115 Vll.
1031 3079 1065 3116 1.
1098 3088 1133 3114 n.
1168 3077 1203 3114 2.
1236 3075 1417 3114 Oudinus

457 3142 561 3175 tomo
592 3141 617 3176 I.
649 3151 686 3189 p.
716 3139 830 3177 4791.

510 3199 702 3239 SAMSON
733 3200 960 3248 Barclz'nus,
984 3200 1078 3238 Ord.
1111 3199 1280 3238 Carmel.
1311 3199 1412 3237 circa

458 3262 629 3307 tempora
661 3262 818 3300 (Joncilii
851 3263 1105 3300 BasileensiS.
1147 3262 1244 3312 Ejus
1275 3262 1413 3300 Sermo

1301 188 1593 227 SAMSON

1477 259 1524 297 ad
1555 257 1784 296 Pontificem
1829 263 1868 296 et
1911 260 1974 297 alii
2006 261 2102 297 sunt
2133 258 2171 294 in
2201 255 2298 294 Bibl.
2329 256 2436 294 Vati-

1478 330 1590 357 cana.
1619 320 1735 356 Bern.
1765 318 1813 357 de
1830 320 2080 358 Montfaucon
2106 318 2201 357 Bibl.
2223 316 2437 355 Bibliothe-

1478 390 1613 418 carum
1645 379 1748 417 MSS.
1776 391 1811 429 p.
1844 381 1930 419 ⁴⁴2·
2388 427 2393 431 ,

1527 438 1725 479 SAMSON
1739 439 1785 477 de
1797 439 2045 479 Calvomorite
2053 441 2211 491 scripsit
2221 439 2250 477 A
2259 437 2441 477 bbrevia-

1481 502 1621 540 cionem
1647 502 1832 540 Summae
1854 500 2073 540 Hostiensis
2102 501 2142 540 in
2181 498 2405 539 Decrelales
2423 530 2432 548 ,

1479 574 1581 612 quae
1626 561 1703 601 MS.
1746 565 1808 600 est.
1848 562 1886 598 in
1917 561 2013 599 Bibl.
2043 561 2082 599 S.
2111 562 2272 612 Benigni
2312 561 2443 599 Divio-

1479 625 1616 662 nensis
1645 628 1685 662 et
1710 623 1753 661 S.
1786 623 1955 661 Victoris
1976 622 2220 660 parisiensis.
2248 624 2365 661 Bern.
2393 621 2442 659 de

1480 685 1727 724 Montfaucon
1766 683 1866 722 Bibl.
1895 682 1991 721 Bibl.
2009 682 2116 721 MSS.
2132 694 2169 732 p.
2194 682 2442 723 ⁴287.4375.

1531 746 1674 784 Nescio
1721 756 1769 783 an
1817 743 1921 782 idem
1971 745 2023 781 sit
2067 741 2213 782 Petrus
2256 745 2441 790 Sanson,

1479 818 1596 857 cujus
1626 805 1887 855 Quaeslz‘ones
1931 802 2195 843 Dominicales
2226 807 2262 842 et
2297 804 2445 843 Distin-

1479 869 1624 907 ctz'ones
1670 868 1710 906 in
1745 865 1970 906 Deci-etales
2012 867 2049 904 in
2097 866 2195 905 Bibl.
2226 865 2443 904 Gemmeti-

1478 932 1586 969 censi
1626 935 1666 968 et
1709 929 1746 967 S.
1774 929 1904 968 Albini
1949 927 2253 978 Andegavensis
2298 926 2445 965 obvias

1478 995 1671 1030 memorat
1701 991 1804 1029 idem
1837 1002 1875 1041 p.
1907 988 2150 1029 tall-4227.

1529 1052 1724 1091 SAMSON
1795 1049 2088 1099 Cordubensis,
2146 1049 2348 1089 Ecclesiae
2400 1048 2443 1087 S.

1476 1115 1565 1152 Zoili
1597 1114 1740 1152 ibidem
1770 1115 1938 1161 Rector,
1968 1113 2074 1151 vixit
2102 1123 2136 1151 a.
2168 1111 2257 1151 863.
2289 1115 2330 1149 et
2349 1110 2444 1149 obiit

1479 1187 1583 1214 anno
1613 1175 1701 1226 ejus
1726 1174 1849 1213 seculi
1881 1174 2150 1225 nonagesimo.
2181 1173 2349 1223 Scripsit
2373 1183 2442 1222 pro

1476 1249 1518 1275 se
1569 1235 1765 1275 adversus
1824 1234 2089 1286 Hosayesium
2148 1232 2443 1273 Malacitanum

1472 1298 1729 1351 praesulem,
1759 1299 1827 1348 qui
1871 1298 2082 1336 Saracenis
2119 1299 2227 1334 artes
2255 1294 2303 1334 ad
2334 1294 2448 1335 Chri-

1479 1363 1630 1399 stianos
1678 1359 1961 1411 opprimendos
2018 1360 2302 1409 suggesserat:
2347 1357 2442 1394 item

1480 1421 1676 1461 adversus
1723 1420 1908 1459 haeresin
1958 1415 2445 1470 Antropomorphitarum.

1481 1484 1640 1522 Confer.
1669 1482 1751 1521 Nic.
1783 1482 1944 1521 Antonii
1969 1481 2067 1520 Bibl.
2090 1481 2304 1531 Hispanam
2326 1479 2442 1518 Vete-

1477 1556 1561 1583 rem
1591 1545 1653 1583 Vl.
1684 1543 1719 1581 7.
1752 1555 1789 1581 n.
1821 1542 1912 1590 tho,
1941 1554 1974 1581 s.
2021 1541 2226 1580 Posscvini
2269 1538 2444 1591 Appara-

1481 1611 1567 1645 tum
1598 1610 1704 1643 tomo
1734 1605 1781 1643 11.
1812 1616 1847 1655 p.
1879 1603 1970 1643 397.

1537 1665 1732 1706 SAMSON
1759 1666 1932 1713 Demeta,
1958 1665 1994 1704 h.
2012 1677 2045 1703 e.
2065 1676 2113 1704 ex
2132 1665 2333 1716 provincia
2355 1663 2446 1702 Gla-

1484 1729 1734 1778 morganensi
1783 1726 2003 1775 oriundus,
2049 1726 2267 1766 monachus
2296 1731 2337 1765 et
2365 1725 2424 1765 Ab

1478 1789 1549 1827 bas
1581 1789 1617 1826 in
1650 1789 1890 1826 monasterio
1928 1788 2035 1826 illius
2063 1789 2314 1837 provinciae,
2357 1792 2444 1826 tan-

1480 1849 1569 1888 dem
1600 1848 1931 1899 Archiepiscopus
1960 1848 2154 1896 Dolensis,
2173 1849 2273 1886 vixit
2297 1859 2330 1887 a.
2352 1848 2441 1888 567.

1480 1916 1520 1949 et
1540 1911 1684 1949 librum
1706 1909 1752 1948 de
1769 1910 1945 1961 potentia
1969 1910 2010 1948 in
2030 1909 2215 1949 adversis
2231 1942 2241 1959 ,
2268 1912 2444 1962 scripsit.

1483 1971 1680 2010 Lelandus
1708 1982 1741 2009 c.
1771 1972 1832 2010 43.
1863 1973 2032 2010 Balaeus
2061 1972 2214 2011 Centur
2234 1972 2262 2010 1.
2287 1973 2350 2011 62.
2368 1973 2444 2011 Pit-
2502 1982 2507 1987 ’

1481 2044 1572 2071 seus
1602 2044 1686 2082 cap.
1713 2034 1777 2071 55.
1806 2033 1934 2070 Vitam
1965 2032 2052 2081 ejus
2082 2034 2242 2084 scripsit
2272 2034 2444 2074 Balderi-

1481 2106 1552 2132 ‹zus
1583 2094 1916 2144 Archiopiscopus
1945 2095 2129 2132 Dolensis
2146 2122 2158 2139 ‚
2185 2106 2287 2144 quae
2313 2100 2446 2134 exstat

1482 2155 1585 2207 apud
1615 2156 1884 2194 Mabillonium
1915 2155 2002 2194 Sec.
2032 2155 2278 2194 LBenedict.
2297 2168 2333 2206 p.
2356 2157 2448 2196 465.

1538 2217 1735 2256 SAMSON
1767 2216 1969 2262 Dolensis‚
1999 2216 2092 2256 vide
2123 2217 2238 2256 modo
2269 2217 2442 2256 Demeta.

1537 2278 1731 2318 SAMSON
1759 2277 2119 2326 Dorovernz'ensis,
2145 2278 2238 2318 Ord.
2264 2279 2304 2318 S.
2320 2281 2446 2318 Bene-

1484 2341 1576 2379 dicti
1605 2340 1822 2379 monachus
1847 2341 2083 2378 Cantuariae
2107 2335 2321 2378 adfanum
2363 2340 2448 2379 Sal-

1485 2403 1645 2449 vatoris,
1676 2412 1709 2439 a.
1737 2400 1851 2440 1470.
1873 2401 2040 2451 Scripsit
2058 2398 2252 2440 Homilias
2268 2403 2307 2439 et
2322 2400 2449 2452 Opus-

1483 2462 1589 2501 cula.
1620 2462 1787 2501 Balaeus
1815 2462 1980 2501 Centur.
2018 2462 2068 2500 X.
2111 2462 2175 2501 58.
2214 2462 2370 2501 Pitseus
2407 2473 2439 2501 c.

1485 2525 1575 2563 229.
1605 2523 1804 2562 Lelandus
1834 2534 1867 2561 c.
1897 2523 1986 2562 249.

1540 2584 1737 2624 SAMSON
1761 2583 1807 2622 a’e
1847 2582 2007 2632 Insula,
2051 2583 2249 2623 Malchum
2295 2583 2344 2622 de
2368 2585 2449 2623 vita

1489 2647 1733 2697 Pythagorae
1765 2647 2051 2697 interpretatus
2081 2649 2159 2693 est,
2199 2645 2302 2696 quod
2352 2656 2453 2696 opus

1490 2710 1565 2747 MS.
1596 2712 1731 2747 exstat
1760 2709 1797 2745 in
1828 2707 1927 2746 Bibl.
1971 2707 2229 2746 Ambrosiana
2273 2706 2454 2747 Mediola-

1492 2770 1619 2807 nensi.
1648 2771 1763 2807 Bern.
1794 2768 1842 2807 de
1874 2769 2125 2807 Montfaucon
2172 2768 2268 2807 Bibl.
2312 2768 2453 2807 Biblio-

1491 2832 1697 2870 thecarum
1730 2830 1833 2868 MSS.
1865 2842 1901 2880 p.
1933 2831 2022 2868 520.

1546 2892 1741 2931 SAMSON
1773 2890 2064 2931 Malusvicinus
2095 2891 2341 2943 (Mauvoisin
2361 2892 2453 2940 >no-

1492 2954 1557 2991 bili
1604 2964 1777 3003 genere,
1805 2952 2143 3002 Archidiaconus,
2175 2954 2450 3003 PraeposituS,

1492 3017 1700 3063 Dominus,
1731 3014 1890 3053 tandem
1923 3015 2148 3064 Episcopus
2195 3015 2452 3054 carnotensis

1491 3077 1594 3114 circa
1623 3088 1658 3114 a.
1690 3076 1806 3114 1110.
1838 3076 2005 3126 Scripsit
2035 3074 2234 3127 Epistolas
2277 3073 2450 3126 aliquot,

1493 3149 1661 3188 quarum
1692 3148 1774 3175 una
1812 3138 1956 3188 legitur
1986 3138 2022 3175 in
2054 3137 2250 3187 Operibus
2292 3137 2331 3176 S.
2358 3137 2450 3174 Ber-

1491 3199 1634 3247 nardi,
1665 3210 1768 3250 quae
1799 3203 1894 3237 tom.
1925 3199 1968 3236 V.
1999 3197 2339 3237 Miscellaneorum
2379 3197 2451 3234 Ba-

1491 3261 1594 3298 luzii.
1620 3262 1732 3298 Liron
1763 3260 1859 3298 Bibl.
1891 3260 2103 3300 Chatraine
2132 3270 2168 3309 p.
2200 3259 2261 3298 62.
