2533 4009
494 252 571 289 226

487 324 600 357 teu-ae
628 318 677 356 sit
704 308 1047 353 coitittiiim'cabilis.
1073 319 1157 357 pag.
1191 306 1280 345 618.
1311 311 1350 343 et
1374 306 1422 344 ad

492 381 657 418 eandem
689 373 968 421 Quaestionem
1002 371 1037 405 in
1070 367 1245 405 Sorbona
1262 369 1437 417 proposi-

495 447 574 479 tam
598 440 642 475 de
669 434 794 473 tribus
819 428 1031 480 suppositis
1068 428 1107 465 in
1144 439 1224 465 una
1261 432 1441 473 natura,

492 499 694 548 responsio
727 506 810 543 pag.
830 492 918 527 626.
936 491 957 527 3
983 491 1121 527 strum
1147 487 1311 526 libertas
1329 499 1444 526 crea-

491 566 603 597 turae
628 551 833 592 rationalis
853 554 943 588 ante.
973 553 1109 601 etpost
1127 548 1280 599 lapsum
1300 549 1443 586 intrin-

489 620 639 658 set-«set
654 612 833 665 aequalis
853 623 937 662 pag.
955 612 1044 650 630.
1064 611 1084 648 4
1104 610 1288 659 Quaestio
1306 613 1441 647 utrum

490 675 736 718 Conscientia
766 684 936 712 erronea·
969 675 1136 710 excuset
1158 667 1185 708 ὃ.
1208 670 1337 721 culpa.
1354 683 1439 722 pag.

490 740 577 777 «337.
610 740 632 775 5
663 737 852 782 Quaestio
879 723 927 772 ¹(ie
957 733 1126 783 legyitimo
1161 732 1314 771 domino
1353 744 1438 782 pag.

489 801 577 837 642.
610 801 632 835 6
667 800 806 837 Vtrum
840 795 1016 834 indoctus
1050 796 1087 833 in
1133 795 1232 831 Jure
1270 793 1439 841 Divino,

483 860 609 912 possit
627 861 741 911 juste
766 868 933 909 praesse
964 868 1049 907 pag.
1081 856 1173 892 646.
1204 855 1226 892 7
1262 854 1442 904 Proposi-

490 923 610 960 tiones
634 921 845 959 damnatae
875 918 1083 957 JOANNIS
1112 917 1160 954 do.
1191 914 1442 953 MONTssso-

488 984 583 1030 No,
615 985 647 1029 a>
683 981 929 1020 Dominicani
963 990 1048 1027 pag.
1081 978 1172 1014 693.
1216 987 1307 1014 cum
1354 977 1441 1026 lipi-

489 1045 588 1083 stola
623 1043 903 1082 Universitatis
935 1041 1054 1077 Paris.
1087 1050 1172 1088 pag.
1205 1039 1293 1075 694.
1317 1042 1357 1075 et
1378 1039 1446 1074 Pe-

489 1107 538 1144 tri
569 1105 617 1143 do
647 1105 795 1142 Alliaco
826 1111 1010 1139 sermone
1034 1110 1166 1137 coram
1213 1101 1315 1149 Papa
1359 1099 1447 1137 Cle-

490 1172 623 1206 mente
655 1166 735 1203 VII.
764 1163 965 1202 Avenione
1004 1161 1137 1199 habito
1169 1171 1255 1209 pag.
1287 1160 1377 1198 697.
1402 1171 1447 1198 ac

490 1229 756 1278 Propositione
785 1226 907 1264 altera
940 1235 1026 1274 pag.
1056 1223 1147 1261 702.
1192 1227 1232 1259 et
1273 1223 1448 1273 apologia

489 1291 592 1328 circa
616 1289 779 1327 loannis
812 1287 859 1323 de
890 1288 1121 1324 Montesono
1152 1283 1447 1322 damnationem

452 1366 459 1371 ·
495 1363 582 1402 pag.
614 1351 703 1388 709.
734 1350 756 1386 8
786 1347 996 1386 Adversus
1027 1346 1321 1384 Cancellarium
1347 1346 1450 1383 Pari-

493 1415 667 1450 siensem
692 1407 1078 1457 (.10.GF.RSONEM)
1100 1406 1203 1457 quod
1218 1405 1317 1444 nihil
1334 1406 1452 1444 liceat

494 1473 657 1522 eoee'qere
682 1483 757 1522 pro
785 1469 928 1507 Gradu
951 1468 1145 1506 Licentiae
1159 1467 1347 1511 docendi,
1373 1473 1451 1505 tra-

493 1539 625 1571 ctatus
655 1533 731 1571 duo
759 1544 842 1581 pag.
868 1530 957 1568 723,
986 1530 1073 1567 745.
1098 1530 1119 1565 9
1147 1529 1200 1566 De
1223 1526 1388 1577 Lessibus
1413 1531 1451 1565 et

493 1594 608 1632 sectis
628 1626 636 1640 ,
667 1597 807 1631 contra
837 1590 1133 1642 superstitiosos
1168 1590 1448 1636 Astroizomos,

498 1660 694 1693 tractatus
724 1656 898 1703 scriptus
931 1653 1005 1690 An.
1039 1653 1155 1690 4446.
1189 1663 1273 1700 pag.
1306 1651 1396 1688 778.

552 1715 727 1767 Epistola
771 1715 824 1753 ad
865 1713 1115 1752 Benedictum
1155 1713 1261 1751 XIII.
1306 1714 1452 1761 scripta

500 1780 638 1816 Genua
662 1778 736 1815 An.
764 1777 876 1815 4402.
903 1781 995 1812 tom.
1019 1776 1054 1812 2.
1076 1776 1250 1824 Operum
1276 1774 1332 1811 Jo.
1355 1773 1452 1811 Ger-

499 1841 607 1876 sonis
649 1850 737 1888 pag.
768 1840 853 1876 405.
885 1837 993 1875 Aliae
1032 1837 1132 1874 duae
1174 1835 1228 1873 ad
1265 1836 1454 1873 Joamzem

499 1900 638 1938 XXIII.
665 1900 713 1936 do
739 1900 960 1949 praecipuis
989 1898 1292 1935 Reformationis
1321 1898 1456 1936 Eccle-

501 1963 581 1999 siae
611 1961 805 2010 capitibus
836 1972 920 2009 pag.
949 1960 1037 1996 882.
1061 1964 1101 1995 ct
1126 1959 1316 1996 eloctione
1348 1970 1456 1996 sum-

505 2024 554 2059 mi
586 2022 784 2060 l‘ontilicis
815 2025 1019 2070 spectante
1045 2020 1090 2057 ad
1118 2020 1333 2069 Collegium
1365 2021 1458 2058 Car-

503 2084 693 2121 ‹linalium
718 2094 801 2132 pag.
825 2083 912 2119 883.
933 2083 1141 2119 Tractatus
1162 2080 1208 2118 cle
1228 2080 1428 2120 Ecclesiae
1445 2113 1455 2129 ,

509 2143 678 2183 Concilii
718 2142 951 2188 Generatis,
984 2142 1154 2179 Romani
1188 2142 1388 2192 Pontificis
1424 2146 1461 2179 et

504 2204 780 2245 Carrlinaliam
801 2202 1038 2241 auctoritate
1059 2204 1232 2253 scriptus
1247 2203 1320 2241 An.
1342 2203 1456 2242 4447.

503 2278 590 2316 pag.
622 2266 712 2303 925.

558 2329 617 2365 vi.
650 2328 863 2364 Processus
889 2326 933 2363 A.
963 2327 1077 2364 4444.
1106 2327 1234 2363 factus
1263 2324 1460 2364 adversus

508 2388 802 2426 GUILELMUM
835 2387 882 2424 de
914 2386 1277 2425 littnERMSSEN
1307 2386 1466 2425 Carme-

504 2451 613 2488 litarn
649 2449 722 2497 (de
770 2460 847 2497 quo
892 2448 1129 2498 Spondanus
1171 2447 1217 2486 ad
1266 2448 1339 2486 An.
1375 2448 1465 2487 444.

505 2523 611 2549 num.
645 2511 686 2547 V.
707 2512 715 2558 )
737 2513 775 2548 et
792 2520 951 2547 errores
980 2510 1116 2547 Sectae
1147 2509 1372 2548 llOMINUM
1398 2510 1466 2547 IN-

507 2571 891 2617 TELLIGENHAE,
922 2570 1054 2608 editus
1079 2571 1100 2608 a
1124 2571 1284 2609 Baluzio
1309 2575 1404 2608 tom.
1430 2570 1466 2608 2.

505 2635 612 2671 Misc.
645 2644 731 2683 pag.
763 2631 950 2669 272-297.

563 2692 644 2730 Vll.
662 2690 961 2732 Sacramentale
979 2722 986 2738 ,
1006 2692 1157 2731 editum
1176 2694 1335 2731 Lovanii
1355 2691 1470 2731 4487.

561 2755 660 2792 VIII.
706 2755 760 2791 De
805 2752 1032 2805 difficultate
1077 2752 1381 2804 Reformationis
1430 2753 1470 2791 in

522 2814 693 2854 Concilio
726 2812 950 2853 &nicer-salz·
976 2814 1020 2851 ad
1053 2817 1110 2852 Jo.
1140 2814 1357 2852 Gersonem
1395 2814 1468 2851 An.

513 2878 629 2915 4410.
660 2878 835 2925 scriptus
866 2875 987 2920 liber,
1025 2886 1074 2911 ex
1112 2877 1306 2913 Manuscr.
1339 2876 1469 2912 Holm-

513 2938 702 2975 stadiensi
733 2936 865 2974 editus
893 2940 955 2972 cst
980 2937 1001 2972 a
1026 2936 1069 2972 V.
1098 2937 1139 2973 C.
1166 2937 1391 2973 Hermanno
1421 2935 1469 2972 ab

514 2998 635 3035 Ilardt
656 3004 749 3035 tom.
775 3000 807 3036 4.
831 2997 994 3034 Concilii
1016 2995 1338 3034 Constantiensis
1360 3000 1469 3046 parte

509 3060 571 3096 Vl.
609 3070 693 3108 pag.
725 3060 817 3097 5255.
845 3063 965 3106 atque
998 3057 1087 3096 inde
1115 3058 1150 3094 in
1177 3056 1346 3094 editione
1371 3058 1473 3106 Ope—

512 3131 600 3157 rum
634 3121 825 3157 Gorsonis
855 3119 1074 3167 Dupiniana
1105 3122 1198 3156 tom.
1230 3118 1267 3155 2.
1309 3129 1343 3167 p.
1382 3116 1471 3154 867.

567 3272 598 3299 a)
623 3268 665 3293 De
686 3266 815 3295 Ιωιιιιηὶ
833 3267 873 3295 de
895 3267 1104 3298 Montes-ono
1125 3267 1212 3296 xiv.
1234 3265 1478 3304 propositioni-

509 3312 568 3339 bu<
587 3311 659 3341 virli·
678 3315 824 3343 Natali-in
849 3315 939 3345 Ali-x.
967 3318 1038 3346 Sec.
1070 3317 1137 3343 xm
1169 3318 1197 3344 vt
1218 3316 1297 3344 XIV.
1313 3315 1409 3345 artic.
1428 3314 1477 3343 ²23.

1336 235 1634 275 PE'I'RUS

1525 305 1703 343 Canones
1725 303 1771 342 de
1791 305 2053 344 emendatione
2077 307 2161 344 sive
2182 305 2468 357 Reformatione

1522 364 1722 404 Ecclesiae
1751 367 1790 403 in
1821 367 2118 406 Constantiensi
2149 367 2322 406 Concilio
2345 369 2470 407 susci-

1518 426 1712 476 piendae,
1757 427 1880 465 totius
1923 428 2132 477 Corporis,
2162 433 2247 467 tum
2291 428 2468 478 Capitis,

1519 487 1787 525 Praelatorum
1807 515 1815 532 ,
1840 487 2123 537 Religiosorum
2140 518 2150 535 ,
2176 490 2472 528 Ecclesiastico-

1519 559 1607 586 rum
1638 552 1678 585 et
1707 548 1913 586 Laicorum
1953 550 2019 598 qui
2058 554 2248 599 tanquam
2269 550 2326 589 xab
2353 550 2472 589 Allia-

1517 609 1626 646 censi
1670 608 1746 646 An.
1790 608 1906 646 4445.
1955 609 2128 648 Concilio
2175 612 2471 650 constantiensi

1517 669 1673 708 oblatus
1691 700 1700 718 ,
1725 669 1868 719 prodiit
1892 670 1929 707 in
1955 668 2112 708 Ortuini
2136 671 2259 710 Gratii
2283 672 2470 710 fasciculo

1516 742 1648 769 rerum
1681 730 1999 781 expetendarum
2031 735 2070 768 et
2099 731 2374 781 fugiendarum
2401 734 2474 773 Co-

1518 792 1594 829 lon.
1627 795 1640 830 4
1654 793 1740 830 535.
1776 791 1842 829 fol.
1868 803 1955 841 pag.
1986 791 2074 830 203.
2107 792 2240 831 6-208.
2273 799 2314 832 et
2350 794 2472 833 Lond.

1521 854 1634 891 4690.
1660 853 1723 890 fol.
1742 857 1782 890 ct
1805 854 1841 889 in
1864 853 1921 889 Jo.
1944 852 2117 902 Wolphii
2139 857 2233 892 tom.
2257 857 2292 894 4.
2317 856 2476 894 lection.

1520 914 1761 952 memorabil.
1787 924 1873 963 pag.
1899 917 1940 950 et
1963 924 2054 951 cum
2085 917 2257 954 tractatu
2279 914 2328 954 de
2353 927 2475 966 squa-

1520 976 1668 1014 loribus
1698 975 1839 1013 Curiae
1862 975 2060 1012 Romanae
2086 975 2203 1014 Basil.
2228 975 2343 1015 4554.
2369 978 2405 1015 8.
2434 981 2475 1015 et

1521 1037 1558 1074 in
1579 1037 1791 1075 Ilermanni
1814 1036 1863 1074 ab
1883 1035 2006 1074 Hardt
2025 1040 2120 1074 tom.
2143 1038 2179 1075 4.
2199 1037 2360 1076 Concilii
2375 1039 2478 1077 Con—

1523 1099 1760 1136 stantiensis
1781 1102 1892 1146 parte
1912 1098 2013 1136 VIII.
2035 1109 2070 1147 p.
2093 1097 2182 1135 409.
2203 1103 2243 1135 et
2263 1099 2300 1136 in
2323 1101 2416 1136 tom.
2438 1099 2476 1137 2.

1521 1158 1621 1209 Opp.
1649 1158 1816 1196 Gerson.
1846 1170 1932 1209 pag.
1957 1158 2046 1197 903.
2073 1169 2150 1197 una
2173 1169 2265 1198 cum
2293 1158 2478 1198 Oratione

1523 1220 1595 1258 An.
1624 1219 1739 1259 4447.
1765 1222 1801 1257 in
1828 1221 2002 1258 Concilio
2028 1220 2157 1258 habita
2179 1219 2225 1259 de
2247 1219 2378 1274 Officio
2401 1221 2479 1259 Im-

1522 1281 1753 1332 peratoris,
1787 1282 1943 1331 Papae,
1967 1280 2290 1333 reliquorumque
2315 1281 2482 1321 Concilii

1525 1342 1796 1381 membrorum
1815 1355 1863 1382 ex
1885 1343 1977 1381 edit.
2001 1343 2210 1393 Argentor.
2234 1342 2350 1382 4490.
2373 1343 2480 1393 apud

1527 1405 1730 1443 laudatum
1765 1404 1970 1443 Ilardtium
2001 1414 2088 1454 pag.
2129 1403 2219 1441 436.
2249 1407 2290 1442 et
2318 1407 2413 1442 tom.
2443 1404 2480 1443 2.

1528 1467 1693 1504 Gorson.
1719 1477 1804 1516 pag.
1836 1464 1925 1504 947.
1956 1464 2033 1503 Sed
2062 1465 2211 1502 monita
2238 1464 2285 1503 de
2313 1465 2480 1504 necessi-

1528 1530 1607 1564 tate
1639 1525 1946 1577 Reformationis
1965 1524 2266 1565 Ecclesiasticae
2286 1526 2327 1565 in
2347 1526 2483 1577 Capite

1528 1591 1566 1625 et
1588 1587 1628 1625 in
1656 1586 1843 1625 membris
1859 1618 1868 1634 ,
1895 1598 1996 1636 quae
2026 1586 2130 1625 idem
2155 1592 2266 1637 parte
2290 1587 2370 1627 Vll.
2394 1599 2480 1638 pag.

1528 1648 1617 1687 277.
1648 1660 1732 1698 seq.
1760 1654 1801 1686 ct
1830 1649 2026 1697 Dupinius
2064 1652 2159 1686 tom.
2191 1649 2226 1688 2.
2257 1648 2355 1699 Ορρ.
2385 1649 2482 1688 Ger-

1526 1711 1723 1748 sonianor.
1750 1722 1834 1760 pag.
1862 1711 1951 1748 885.
1977 1710 2163 1757 exhibet,
2185 1715 2389 1749 auctorem
2415 1711 2483 1749 ha—

1527 1772 1622 1809 bent
1643 1772 1775 1821 potius
1800 1770 2077 1809 Theodericum
2100 1770 2147 1809 de
2166 1772 2287 1810 NlEM
2304 1801 2313 1820 ,
2331 1776 2375 1810 ut
2400 1773 2483 1822 ipse

1530 1832 1690 1870 Clariss.
1722 1831 1908 1870 Hardtius
1938 1844 2022 1882 pag.
2049 1832 2137 1870 484.
2170 1837 2210 1870 et
2241 1834 2276 1871 in
2308 1833 2485 1884 prolego-

1530 1894 1658 1930 menis
1687 1904 1772 1942 pag.
1805 1893 1867 1931 28.
1899 1892 1964 1931 46.
1991 1895 2181 1943 agnoscit.
2211 1894 2266 1932 De
2289 1897 2479 1945 potestate

1529 1952 1823 1992 Ecclesiastico.
1866 1953 1926 1991 De
1962 1953 2134 1993 Concilio
2159 1953 2350 2004 yenerali.
2385 1955 2481 1992 Tra-

1530 2018 1658 2054 ctatus
1688 2014 1734 2053 de
1763 2014 1979 2053 interdicto,
2011 2016 2066 2054 De
2089 2016 2378 2066 permutatione
2414 2017 2485 2054 Be-

1529 2076 1770 2126 ueficiorum.

1590 2139 1657 2176 IX.
1690 2137 1906 2187 Conceptus
1934 2142 1975 2176 et
2003 2137 2261 2189 eaeponibilia.

1587 2201 1634 2237 X.
1662 2198 1918 2247 Quaestiones
1942 2199 1982 2236 in
2005 2200 2306 2249 Heoeaemeron,
2337 2202 2375 2239 in
2401 2202 2488 2251 qui-

1537 2261 1613 2298 bus
1642 2259 1888 2310 Astrologiae
1920 2262 2084 2299 nimium
2125 2262 2287 2308 tribuit,
2317 2266 2358 2300 et
2385 2263 2493 2301 Dilu-

1537 2323 1645 2360 vium
1672 2326 1791 2371 atque
1817 2322 2070 2360 Nativitatem
2095 2324 2270 2362 CHristis
2289 2334 2338 2361 ex
2359 2323 2486 2362 ste-llis

1538 2384 1741 2433 praenosci
1767 2384 1944 2433 potuisse.
1967 2384 2200 2432 contendit,
2223 2384 2491 2434 reprehensus

1539 2455 1585 2482 eo
1615 2445 1772 2482 nomine
1803 2445 1825 2482 a
1854 2444 1964 2483 Sixto
1993 2445 2160 2483 Senensi
2195 2444 2292 2483 Bibl.
2329 2449 2491 2484 sanctae

1544 2506 1612 2544 lib.
1642 2507 1674 2544 V
1717 2510 1892 2544 annotat.
1924 2506 1987 2544 84.
2017 2510 2058 2543 et
2086 2506 2152 2544 lib.
2176 2507 2238 2546 VI.
2268 2511 2400 2545 annot.
2432 2507 2496 2546 40.

1597 2568 1665 2605 ΧΙ.
1708 2567 1970 2612 Quaestiones
2019 2568 2055 2604 in
2105 2567 2313 2617 sphaeram
2361 2566 2493 2606 Mundi

1542 2628 1750 2668 JOANNIS
1781 2626 1827 2665 de
1856 2626 2123 2677 Sacrobosco,
2152 2639 2242 2667 cum
2274 2629 2376 2667 Petri
2413 2629 2497 2667 Cir-

1543 2690 1637 2728 volli
1684 2690 1995 2735 commentario,
2042 2689 2276 2727 Darocensis
2305 2689 2494 2739 Hispani,

1544 2752 1664 2789 Paris.
1698 2750 1812 2788 4498.
1843 2749 2040 2799 Compluti
2074 2748 2187 2788 4524.
2221 2749 2286 2787 fol.

1596 2812 1682 2850 XII.
1706 2811 1914 2848 Tractatus
1938 2820 2057 2858 super
2077 2809 2196 2847 libros
2221 2810 2491 2849 Meteororum

1543 2869 1766 2908 Aristotelis
1796 2869 1844 2906 de
1876 2869 2202 2918 impressionibus
2229 2871 2356 2918 aeris,
2381 2881 2426 2909 ac
2449 2870 2498 2908 de

1546 2933 1592 2969 iis
1622 2942 1723 2980 quae
1755 2931 1791 2967 in
1824 2931 1974 2980 prima,
2005 2930 2181 2969 secunda
2213 2936 2253 2969 et
2289 2932 2405 2970 tertia
2438 2943 2494 2969 re·

1545 2992 1727 3043 gionibus
1748 2992 1851 3029 aens
1872 2991 1997 3039 siunt,
2019 2991 2148 3042 deque
2177 2994 2376 3043 generatis
2401 2994 2498 3032 infra

1544 3058 1704 3091 terram.
1733 3052 1973 3102 Argentinae
2007 3052 2120 3090 4504.
2150 3057 2190 3091 et
2218 3053 2391 3092 Viennae
2420 3053 2500 3092 Au-

1549 3115 1667 3151 striae
1702 3116 1713 3152 4
1728 3114 1816 3152 509.
2308 3111 2313 3116 ’

1542 3267 1622 3294 ιοιη.
1646 3263 1677 3294 7.
1700 3269 1775 3301 pag.
1802 3262 1872 3294 128.
1897 3270 1966 3300 seq.
