2517 4009
892 242 1319 284 OLIVIARUS
2035 249 2112 290 155

110 322 229 361 quem
271 311 466 350 Manuscr.
500 312 660 351 Lovanii
700 313 746 352 ad
787 314 825 353 S.
857 316 1068 354 Martinam

111 375 260 412 servari
291 375 444 411 notavit
474 373 698 414 Sweertius
738 389 773 427 p.
807 379 883 416 588
925 378 1070 416 Athen.

110 435 216 486 Belg.
241 440 282 475 et
310 437 475 475 Vossius
506 448 541 488 p.
575 437 653 477 745
683 443 802 489 atque
828 441 902 479 sub
931 440 1069 479 eodem

111 497 228 536 titulo
257 499 375 536 etiam
407 498 578 539 habetur
607 502 815 552 (capitibus
836 503 972 542 decem
997 504 1073 552 pri-

111 561 286 600 moribus
315 561 504 613 integrior
534 563 705 602 editione
729 566 1008 615 Bongarsiana)
1032 567 1069 603 in

106 621 251 662 Codice
275 624 472 663 Manuscr.
503 625 682 665 Gudiano
714 628 802 666 303.
835 627 902 666 sed
931 629 967 665 in
992 639 1071 678 quo

108 687 236 736 capita
264 686 314 726 ab
343 687 518 725 Eccardo
549 688 651 727 edita
683 694 884 741 postrema
913 689 962 728 de
1000 691 1074 728 Da-

108 749 230 788 miata
259 749 335 788 An'.
378 750 479 789 4220
526 752 669 790 iterum
714 753 888 798 amissa,
919 751 1072 791 deside-

108 815 260 850 rantur.
291 812 389 851 Vide
417 813 651 863 Catalogum
674 814 771 853 Bibl.
803 814 1008 853 Gudianae
1035 827 1070 866 p.

108 873 188 913 568
211 884 297 925 seq.
321 879 442 925 atque
463 876 666 915 Oudinum
691 881 786 914 tom.
813 879 834 916 3
859 889 896 926 p.
919 877 969 917 35
989 889 1073 928 seq.

160 937 300 976 Junior
319 942 382 976 est
411 939 554 977 Petrus
582 939 753 978 loannes
777 938 1070 988 OLIVARIUS,

106 999 343 1038 Valentinus
374 1001 572 1051 Hispanus
604 1001 721 1051 cujus
751 1012 909 1040 summa
945 1002 1076 1054 capita

108 1060 150 1099 in
158 1061 362 1101 Ciceronis
379 1061 667 1115 Philosophiam
684 1063 876 1103 moralem
893 1076 970 1104 una
983 1076 1074 1104 cum

108 1123 268 1163 scholiis
292 1126 330 1163 in
355 1125 557 1165 Somnium
583 1126 777 1179 Scipionis
800 1127 978 1178 prodiere
1001 1130 1077 1178 pri-

109 1199 218 1227 mum
255 1189 427 1227 Pictavis
456 1189 572 1228 4535.
607 1190 640 1227 4.
675 1190 729 1228 De
759 1189 847 1239 ejus
891 1192 995 1228 notis
1039 1190 1078 1228 in

107 1249 252 1290 Melam
276 1251 394 1289 Paris.
427 1250 543 1289 4536.
569 1254 609 1288 et
639 1251 782 1290 deinde
812 1254 973 1302 saepius
997 1252 1078 1291 edi-

109 1314 190 1361 tis,
221 1317 262 1351 et
291 1312 340 1351 de
370 1313 417 1350 iis
447 1323 549 1362 quae
571 1312 618 1351 ad
648 1312 852 1352 Ciceronis
877 1312 1002 1353 libros
1031 1313 1078 1353 de

107 1372 277 1427 finibus,
303 1372 450 1413 librum
480 1374 695 1413 secundum
720 1375 864 1424 Plinii,
891 1378 1077 1427 scripsit,

107 1436 189 1476 dixi
221 1439 257 1476 in
290 1437 374 1476 Bibl
414 1436 568 1475 Latina.
600 1438 732 1476 Etiam
761 1437 977 1490 Porphyrii
1001 1440 1082 1477 lsa-

112 1510 267 1550 gogen,
297 1498 622 1538 Praedicamenta
651 1499 895 1544 Aristotelis,
935 1501 1078 1541 librum

111 1561 161 1600 de
182 1563 462 1601 enunciatione
487 1566 527 1601 et
551 1563 680 1612 priora
706 1563 938 1602 resolutoria
962 1566 1081 1602 casti-

112 1635 229 1676 gasse
249 1624 485 1675 edendaque
510 1624 713 1663 Wechelio
738 1625 896 1664 dedisse
922 1627 1080 1664 Parisiis

110 1688 260 1726 Graece
274 1719 285 1736 ,
302 1692 468 1727 annotat
484 1699 534 1726 ex
556 1688 734 1727 Gesnero
755 1689 835 1727 Nic.
852 1688 1051 1727 Antonius
1065 1720 1075 1737 ,

109 1751 177 1801 qui
207 1750 256 1790 de
286 1750 360 1789 hoc
387 1749 564 1790 Olivario
607 1751 883 1790 consulendus
914 1757 1010 1791 tom.
1039 1753 1075 1791 2.

109 1814 207 1853 Bibl.
233 1815 427 1865 Hispanae
450 1825 576 1853 novae
602 1826 691 1865 pag.
721 1815 809 1853 464.
837 1815 993 1854 Scholia
1020 1821 1076 1854 ta-

109 1888 201 1916 men
225 1877 387 1917 Olivarii
410 1878 447 1915 in
469 1878 648 1916 Solinuin
674 1889 776 1928 quae
799 1877 903 1917 idem
927 1890 1076 1917 merno-

108 1945 193 1988 rat‚
223 1951 273 1979 ex
304 1940 406 1979 male
437 1941 651 1979 intellectis
680 1941 845 1980 Gesneri
877 1946 947 1980 aut
973 1942 1075 1980 Sim—

107 2003 177 2042 leri
196 2003 354 2052 verbis,
375 2008 536 2043 exstare
558 2015 728 2054 usquam
753 2003 901 2043 dubito.
920 2005 1074 2043 Titulos

106 2067 290 2117 capitum
321 2067 458 2105 XVIII.
489 2066 576 2105 libri
600 2065 647 2105 de
681 2066 892 2118 Prophetia
921 2071 961 2105 et
986 2067 1074 2118 Spi-

105 2129 190 2168 ritu
206 2128 431 2181 Prophetico
446 2130 563 2168 Basil.
584 2130 698 2169 4543.
723 2130 757 2168 4.
775 2129 868 2168 editi
887 2135 1071 2168 recenset

104 2191 310 2233 Gesnerus
339 2203 426 2243 pag.
457 2193 546 2231 550.
571 2192 667 2231 Bibl.

157 2253 426 2292 OLIVERIUS
451 2253 792 2304 Arzignanensis,
819 2253 936 2305 cujus
965 2265 1073 2292 com-

106 2320 326 2355 mentarius
362 2317 400 2354 in
431 2316 631 2354 Valerium
662 2317 877 2354 Maximum
909 2318 1070 2366 saepius

105 2389 196 2417 cum
234 2378 389 2416 Valerio
426 2377 557 2416 lucem
594 2377 694 2415 vidit
724 2382 814 2427 post
853 2377 1071 2416 editionem

104 2439 438 2478 Mediolanensem
469 2439 586 2477 4508.
617 2439 680 2477 fol.
713 2443 757 2477 ut
794 2438 874 2478 dixi
906 2441 942 2477 in
971 2440 1070 2478 Bibl.

107 2502 243 2540 Latina
275 2501 338 2539 lib.
368 2501 404 2539 2.
436 2511 470 2539 c.
502 2502 537 2539 5.

157 2565 178 2586 ³*
208 2565 313 2602 Prior
341 2562 460 2602 editio
488 2564 618 2613 operis
647 2563 808 2602 Oliverii
840 2564 958 2602 liuius
993 2566 1069 2603 Me-

106 2625 377 2665 diolanensem
409 2637 429 2664 a
461 2625 634 2664 Fabricio
666 2625 728 2663 hic
755 2625 967 2664 indicatam
1000 2638 1069 2664 an-

108 2689 146 2726 ni
178 2688 280 2727 4508
309 2688 423 2739 longe
453 2692 643 2738 superat3
675 2687 818 2737 prodiit
847 2689 953 2726 enim
994 2689 1066 2725 Ve-

107 2751 226 2789 netiis
247 2752 353 2801 typis
373 2749 558 2789 Guilelmi
580 2749 799 2788 Tridentini
825 2762 1066 2801 cognomen-

109 2818 148 2852 to
176 2814 398 2853 Animamia
435 2823 499 2851 an.
530 2812 626 2852 4494
665 2813 727 2851 fol.
759 2814 818 2851 An
852 2825 944 2851 vero
976 2814 1065 2852 liuic

108 2878 200 2916 anni
234 2876 348 2915 4494.
378 2877 514 2915 Altera
543 2878 661 2915 etiam
684 2877 885 2926 antiquior
912 2878 1061 2915 Veneta

106 2941 200 2978 anni
232 2939 347 2978 4488.
391 2940 680 2990 praecesserit,
726 2949 816 2976 cum
869 2950 941 2989 ego
973 2949 1068 2977 non-

107 3001 202 3041 dum
234 3001 400 3040 viderim
440 3002 587 3051 ignoro.
636 3001 837 3039 Laudatur
882 3006 1014 3040 tamen
1046 3012 1067 3039 a

108 3064 286 3104 Fabricio
316 3064 411 3102 Bibl.
447 3065 582 3103 Latina
614 3064 678 3102 lib.
710 3064 733 3101 Ξ)
778 3076 862 3114 cup.
895 3066 930 3102 5.
962 3064 981 3086 *

159 3126 430 3165 OLIVERIUS
460 3125 518 3164 -de
551 3126 709 3173 Langlie
753 3127 839 3163 sive
881 3128 1065 3174 Longus,

108 3191 216 3230 Prior
239 3189 285 3229 ad
308 3190 348 3229 S.
374 3190 570 3228 Bavonem
599 3187 692 3227 Ord.
722 3188 922 3226 Benedict.
951 3188 1066 3238 juxta

107 3252 344 3292 Gandavum
390 3254 492 3291 eirca
522 3251 567 3291 A.
605 3251 721 3290 4450.
765 3251 924 3301 scripsit
967 3255 1069 3289 testo

105 3315 260 3355 Valerio
305 3314 459 3354 Andrea
492 3326 577 3365 pag.
610 3313 698 3352 706.
729 3318 768 3350 et
799 3312 992 3351 Swoertio
1031 3325 1065 3364 p.

109 3379 199 3418 588.
224 3378 321 3418 haec
346 3389 447 3428 quae
473 3379 509 3415 iu
539 3376 788 3416 Bibliotliccis
815 3376 1067 3414 lovaniensi-

1143 316 1219 355 bus
1239 322 1279 354 et
1302 317 1638 358 Gandavensibus
1660 318 1803 358 inedita
1819 324 2110 358 asservantur:

1145 379 1191 417 (le
1211 381 1471 419 Sacramento
1496 380 1780 420 Eucharistiae
1804 386 1843 419 et
1866 380 1912 420 de
1939 381 2113 420 tenendis

1145 453 1192 479 ac
1217 441 1424 481 credendis
1445 443 1557 482 circa
1575 443 1856 483 Eucharistiae
1879 456 2115 483 sacramen-

1146 507 1240 543 tum.
1261 505 1316 543 De
1339 504 1557 557 defectibus
1589 517 1701 544 czrca
1724 507 1900 546 Missam.
1928 507 1982 546 De
2005 507 2113 547 redi-

1145 563 1248 603 tibus
1259 564 1312 602 acl
1327 565 1463 603 Vitam.
1475 566 1530 604 L‘e
1542 566 1636 604 vitio
1645 567 1891 606 Simonidem
1900 567 2112 619 Reliqione.

1146 627 1272 665 Vitam
1315 628 1358 665 B.
1393 627 1547 667 Coletae
1581 629 1777 679 Virginis,
1817 630 2112 669 Boioi-matricis

1145 689 1305 727 Ordinis
1335 690 1361 728 S
1394 690 1532 728 Clarae
1571 691 1614 729 Α.
1650 692 1763 729 4447.
1795 692 2032 739 defunctae,
2063 704 2113 731 ex

1148 752 1285 790 Latino
1311 752 1556 791 STEPHAM
1581 754 1725 792 Juliani
1748 755 1952 793 transtulit
1978 757 2014 793 in
2041 756 2114 794 lin-

1146 825 1261 864 guam
1302 814 1499 864 Belgicam
1534 826 1605 854 seu
1638 815 1881 855 Flandricam
1904 848 1912 864 ‚
1953 816 2001 856 de
2036 829 2112 868 qua

1150 875 1240 913 vide
1265 875 1363 915 Acta
1387 878 1625 916 Sanctorum
1652 882 1678 915 t.
1703 879 1717 917 4
1750 880 1874 916 Martii
1902 880 1937 916 6.
1964 892 1999 930 p.
2025 881 2115 920 533.

1201 938 1494 983 OLIVERIUS,
1521 939 1728 978 Vincentio
1751 941 2021 980 Bellovacensi
2049 941 2115 980 El-

1151 1012 1313 1049 mems,
1344 1002 1714 1040 Malmesburiensis
1743 1003 1897 1053 Anglus
1917 1004 2012 1043 Ord.
2043 1008 2113 1044 Be-

1128 1063 1241 1102 ›ned.
1272 1064 1488 1103 defunctus
1518 1065 1633 1103 Anno
1665 1065 1780 1104 4060.
1813 1066 1860 1104 de
1890 1079 1969 1117 quo
2000 1069 2111 1106 Bale-

1152 1137 1198 1164 us
1228 1128 1275 1165 11.
1305 1127 1368 1166 5i.
1400 1132 1440 1164 et
1471 1128 1625 1166 I'itseus
1655 1140 1741 1179 pag.
1775 1129 1862 1167 487.
1892 1131 2108 1170 Mathema-

1150 1191 1315 1228 ticarum
1334 1189 1631 1239 disciplinarum
1657 1202 1732 1228 non
1758 1192 1966 1241 imperitus
1984 1195 2108 1243 scrip-

1151 1253 1227 1289 sit:
1260 1253 1313 1289 De
1342 1251 1464 1302 sionis
1486 1251 1753 1302 planetarum.
1795 1255 1849 1292 De
1884 1255 2111 1306 Astroloyo-

1150 1325 1242 1352 rum
1271 1313 1532 1364 cloqmatibus.
1564 1316 1618 1352 De
1641 1315 1896 1364 Geomancia,
1924 1319 1974 1356 ita
2001 1320 2106 1357 enirn

1152 1377 1363 1427 legendum
1409 1379 1528 1415 etiam
1573 1377 1675 1428 apud
1718 1380 1920 1427 Pitseum,
1967 1381 2028 1419 ubi
2061 1380 2108 1419 de

1155 1438 1381 1477 Geometria
1411 1451 1607 1478 excusum
1641 1440 1796 1491 legitur.

1206 1500 1476 1541 OLIVERIUS
1506 1503 1673 1552 Lonqus,
1705 1514 1824 1554 supra
1849 1503 2048 1543 Oliverius
2072 1508 2110 1545 S.

1153 1564 1340 1603 Bavonis.

1205 1626 1474 1666 OLIVERIUS
1504 1627 1760 1667 iilaz'llardus.
1792 1639 1914 1679 supra
1944 1641 1980 1679 p.
2013 1630 2075 1667 48.

1205 1689 1474 1728 OLIVERIUS
1516 1691 1628 1729 Saoeo
1676 1692 1839 1743 Cangii‚
1870 1696 1910 1729 et
1949 1692 2119 1730 OLIVE-

1153 1753 1267 1792 RIUS
1296 1751 1565 1792 Sclzolasticus
1595 1765 1675 1792 non
1706 1754 1892 1793 diversus
1930 1754 1978 1792 ab
2017 1756 2118 1793 OLI-

1149 1816 1304 1854 VERIO
1337 1814 1584 1861 Coloniensi,
1614 1816 1663 1854 de
1693 1827 1770 1866 quo
1802 1827 1936 1866 supra.

1202 1879 1337 1929 Lupus
1361 1878 1406 1916 de
1427 1878 1672 1921 OLIVETO.
1706 1879 1852 1917 rectius
1884 1877 1930 1916 (le
1959 1878 2116 1918 Omni-

1149 1942 1227 1987 TO.
1258 1952 1378 1991 supra
1411 1946 1437 1978 t.
1470 1941 1517 1979 IV
1548 1953 1586 1991 p.
1616 1941 1708 1979 575.

1204 2004 1526 2042 PetrusJoannes
1537 2001 1732 2051 OLIVUS‚
1744 2004 1765 2042 ὲ
1780 2008 1910 2042 castro
1921 2004 1958 2042 S.
1974 2005 2115 2042 Mariae

1148 2066 1335 2116 Seignani
1362 2065 1491 2117 oppidi
1519 2066 1682 2114 GalluS,
1720 2065 1814 2105 Ord.
1847 2067 1979 2104 Minor.
2010 2067 2117 2104 initia

1145 2128 1304 2167 dedisse.
1329 2131 1441 2168 visus
1462 2135 1594 2167 sectae
1619 2128 1895 2179 Requi-dorum
1920 2140 1990 2167 seu
2021 2129 2118 2178 Βερ-

1144 2190 1330 2229 vinorum
1353 2197 1393 2229 et
1416 2190 1748 2229 Fratricellorum
1775 2194 2039 2241 Fratrumque
2065 2190 2113 2228 dc

1145 2255 1385 2303 poenitentia
1427 2253 1476 2291 de
1518 2255 1633 2291 tertio
1662 2254 1799 2291 ordine
1828 2256 1870 2293 B.
1901 2255 2114 2292 Francisci.

1145 2316 1241 2354 Vide
1262 2315 1416 2354 Odorici
1439 2315 1631 2365 Raynaldi
1654 2316 1831 2354 Annales
1855 2315 1903 2354 ad
1924 2317 1969 2354 A.
1995 2315 2112 2355 4312.

1145 2382 1241 2416 tom.
1271 2379 1341 2416 XV
1372 2389 1458 2429 pag.
1486 2377 1574 2416 404.
1605 2389 1688 2427 seq.
1719 2377 1809 2415 Abr.
1842 2379 2031 2416 Bzovium
2063 2377 2111 2415 ad

1144 2440 1188 2477 Α.
1232 2441 1346 2479 4499.
1379 2452 1488 2478 num.
1520 2440 1581 2477 39.
1615 2442 1730 2478 llenr.
1762 2439 2020 2489 Spondanum
2062 2438 2111 2477 ad

1144 2502 1188 2539 Α.
1221 2503 1335 2542 4278.
1371 2514 1479 2541 num.
1507 2502 1569 2540 20.
1600 2507 1640 2540 et
1670 2502 1715 2540 ad
1751 2501 1864 2540 4297.
1898 2514 1934 2539 n.
1967 2501 2003 2539 7.
2036 2501 2114 2538 Lu-

1143 2575 1229 2602 cam
1275 2564 1542 2613 Waddingum
1576 2565 1611 2600 in
1643 2563 1854 2601 annalibus
1884 2563 2080 2600 Minoi-um
2105 2591 2113 2598 .

1141 2630 1247 2663 tomo
1269 2625 1444 2663 secundo
1462 2656 1471 2672 ,
1495 2625 1697 2664 Oudinum
1727 2630 1818 2662 toni.
1847 2626 1881 2663 3.
1909 2635 1993 2674 pag.
2021 2624 2113 2662 584.

1140 2698 1221 2736 seq.
1248 2692 1287 2725 et
1309 2688 1364 2724 Jo.
1387 2687 1540 2737 Georgii
1565 2686 1814 2725 Sclielliornii
1848 2688 2113 2724 amoenitatis

1140 2750 1355 2788 litterarius
1399 2753 1493 2786 tom.
1539 2750 1606 2788 IX.
1638 2761 1721 2799 pag.
1754 2749 1842 2787 677.
1875 2760 1956 2798 seq.
2001 2748 2113 2786 Dioni

1141 2813 1235 2850 obiit
1257 2812 1462 2851 Narbonae
1487 2812 1533 2850 A.
1552 2813 1665 2850 4297.
1693 2813 1731 2849 6.
1753 2813 1890 2850 Martii.
1913 2811 2008 2860 lijus
2022 2822 2113 2862 pro-

1139 2874 1351 2927 fessionem
1396 2873 1508 2913 Fidei
1541 2874 1662 2913 babes
1692 2873 1793 2924 apud
1838 2873 2028 2911 Bulaeuni
2077 2875 2113 2909 in

1143 2937 1305 2975 historia
1326 2936 1563 2975 Academiae
1588 2938 1694 2974 Paris
1734 2941 1826 2973 tom.
1851 2936 1886 2973 3.
1913 2946 1996 2984 pag.
2024 2935 2111 2972 535.

1142 3001 1199 3039 lix
1219 2999 1307 3049 ejus
1327 2998 1488 3038 Postilla
1505 3001 1589 3037 sive
1614 2997 1935 3037 Commentarius
1959 2997 1996 3035 in
2012 2997 2114 3048 Apo-

1141 3061 1332 3113 calypsin,
1351 3064 1416 3112 qui
1438 3063 1690 3111 Manuscripti
1710 3066 1923 3098 servantur
1939 3061 2114 3098 Venonis

1141 3131 1261 3175 atque
1289 3127 1325 3162 in
1343 3125 1432 3163 aliis
1452 3125 1583 3162 ltaliae
1605 3129 1644 3160 et
1664 3123 1810 3161 Galliae
1830 3122 2082 3161 Bibliotliecis
2104 3151 2112 3163 .

1145 3188 1358 3226 nonnullae
1383 3186 1430 3224 de
1464 3185 1662 3224 Ecclesiae
1695 3186 1785 3222 latis
1810 3190 1849 3222 et
1877 3185 2111 3223 l‘ontiiicuni

1143 3250 1354 3299 tyrannide
1380 3249 1650 3287 Divinationrs
1669 3253 1828 3285 exstant
1850 3247 1951 3298 apud
1973 3248 2113 3296 Stepli.

1143 3312 1345 3351 lssaluzinin
1369 3315 1461 3349 tom.
1490 3312 1524 3348 4.
1550 3311 1653 3348 Misv.
1684 3322 1767 3360 pag.
1794 3311 1885 3348 ⁶213.
1911 3321 1992 3360 seq.
2016 3311 2113 3348 2283.

1144 3374 1232 3413 287.
1256 3379 1293 3412 ct
1315 3385 1406 3414 curn
1428 3373 1573 3412 Gallica
1599 3373 1780 3411 versione
1798 3384 1842 3412 ac
1860 3374 1963 3411 notis
1986 3373 2111 3411 isaaci
