2517 4009
904 265 1251 317 'TuomAs

176 340 210 377 8.
243 338 449 391 Eoepositio
470 335 731 378 salutationis
748 331 968 390 Anyeliccie,
989 339 1074 378 Ave

119 403 252 442 Maria.
294 402 461 449 Quidam
512 401 608 441 hacc
654 408 823 454 quatuor
868 405 981 442 Petro
1025 402 1073 441 de

119 464 239 504 Adria
269 465 474 514 tribuunt,
506 469 639 516 utpote
670 468 735 518 qui
767 467 831 506 illa
861 478 910 506 ex
940 466 1073 506 lectio·

121 527 238 568 nibus
264 528 442 570 Thomae
471 528 696 580 collegerat.

172 592 209 630 9.
232 592 442 644 Responsio
466 591 512 631 cle
536 592 718 632 articulis
738 596 904 641 centum,
929 597 967 632 et
990 595 1071 631 octo

118 655 271 703 sumtis,
299 667 354 695 eac
384 656 508 708 Opere
541 656 650 696 Petri
676 657 721 697 (le
754 657 990 696 Taranta-sia
1020 656 1068 696 ad

119 719 159 757 F.
177 720 236 758 Jo.
255 719 547 759 Vercellensem
581 720 814 760 Generolem
840 721 1067 772 Magistrum

117 781 210 821 Ord.
239 782 378 822 Praed.

171 846 232 886 40.
254 847 463 899 Responsio
480 846 526 886 (le
544 846 736 886 Articulis
753 847 802 886 42
817 847 864 887 ad
883 846 1071 886 eundem.

169 911 232 950 44.
262 911 470 962 Responsio
494 910 540 950 de
568 909 760 950 .·lrticulis
785 912 833 951 36
858 910 905 950 ad
933 911 1067 949 Lecto-

115 984 198 1012 rem
230 973 438 1014 Veneium.

168 1036 232 1077 42.
260 1038 468 1090 Responsio
498 1037 542 1077 tle
572 1050 649 1077 scas
678 1036 887 1088 .·lrticulis,
919 1037 966 1076 ad
1000 1039 1067 1076 Le-

115 1103 266 1140 ctorem
297 1102 569 1141 Bisuntinum.

171 1164 234 1203 43.
264 1163 497 1215 Differentia
527 1164 666 1204 Divini
697 1163 814 1204 Verbi
841 1169 876 1204 et
895 1164 1070 1204 humani.

169 1227 231 1266 44.
262 1228 316 1266 De
339 1230 490 1266 natura
519 1226 636 1267 verbi
664 1227 896 1268 intellectus.

171 1289 229 1328 45.
261 1289 317 1328 De
358 1288 592 1330 substantiis
632 1290 855 1342 separatis,
893 1292 978 1330 sive
1022 1289 1069 1329 cle

112 1349 350 1403 Anqetorum
379 1356 528 1392 natura
557 1353 603 1393 ad
643 1355 683 1392 F.
717 1353 977 1405 Reginaldum
1010 1365 1070 1393 so-

113 1416 218 1454 cium
249 1426 381 1456 suum.

166 1479 229 1518 46.
257 1479 314 1518 De
341 1478 490 1519 unitate
520 1478 741 1520 intellectus
773 1485 910 1520 contra
940 1481 1066 1521 Aver-

114 1542 271 1581 roistas.

168 1605 231 1644 47.
263 1605 411 1646 Contra
428 1604 662 1659 pestiferam
682 1606 910 1646 Doctrinam
931 1609 1069 1648 Retra-

113 1666 286 1708 lzentium
314 1666 487 1709 homines
514 1681 541 1708 a
569 1668 773 1721 relz'qi'onz's
802 1670 997 1722 inyressu.

168 1732 229 1771 48.
259 1731 315 1770 De
338 1730 578 1785 perfectione
613 1732 718 1772 Vitae
749 1733 988 1785 spiritualis.

167 1794 228 1834 49.
259 1794 408 1834 Contra
437 1794 710 1847 impugnantes
746 1795 820 1834 Dei
853 1795 1002 1834 cultum
1032 1799 1069 1835 et

111 1855 353 1908 retiqionem.

164 1919 228 1959 20.
259 1921 315 1960 De
343 1920 542 1973 Reyimine
566 1920 820 1974 Principum,
844 1921 892 1961 od
923 1923 1068 1974 Regem

113 1982 246 2034 Cypri.
278 1984 392 2023 Libro
431 1986 548 2024 tertio
585 1989 624 2023 et
654 1990 795 2035 quarto
827 1985 948 2024 multa
982 1998 1072 2024 nar-

111 2043 270 2094 rantur,
291 2058 392 2098 quae
414 2047 575 2087 demum
597 2053 686 2099 post
708 2052 886 2100 tempora
908 2050 946 2088 S.
967 2049 1063 2088 Tho-

111 2120 198 2148 mae
240 2111 520 2161 contigerunt,
560 2110 678 2161 hinc,
723 2113 1068 2152 consentientibus

110 2177 315 2224 praeterea
331 2173 545 2214 Codicibus
564 2176 675 2215 MSS.
697 2177 839 2215 statuit
859 2175 1067 2224 QueUfius,

108 2234 181 2274 hos
209 2235 324 2282 dum,
355 2249 433 2277 una
463 2249 554 2277 cum
587 2238 664 2277 fine
694 2237 859 2277 secundi
889 2238 936 2277 ad
968 2239 1069 2278 Tho-

108 2310 213 2338 mam
257 2311 335 2339 non
384 2301 609 2352 pertinere⁷
656 2301 724 2340 sed
775 2313 795 2340 a
847 2302 1067 2340 Ptolemaeo

109 2364 279 2402 Lucensi
302 2363 456 2403 additos
486 2375 590 2403 esse.
618 2364 801 2403 Oudinus
831 2370 967 2404 contra
996 2366 1066 2416 ipsi

108 2425 225 2477 plane
249 2425 462 2477 abjudicat.
484 2427 696 2466 Caeterum
730 2428 767 2466 hi
800 2428 884 2466 libri
916 2429 1066 2479 specia-

111 2488 182 2527 tim
226 2489 459 2540 prodierunt
502 2490 708 2538 Venetus,
743 2491 845 2529 4568
888 2495 928 2529 et
966 2492 1068 2529 inter

107 2550 365 2603 Respublicas
410 2552 609 2596 minores,
641 2552 763 2604 Lugd.
796 2555 932 2593 Batav.
964 2553 1066 2606 apud

108 2614 301 2654 ‚Ioannem
332 2616 367 2655 le
395 2617 533 2666 Matre,
564 2616 679 2665 4630,
710 2616 772 2654 12.

167 2679 272 2729 (323)
297 2677 370 2718 Del
394 2679 573 2719 Governo
597 2679 655 2719 cle’
670 2679 850 2732 Principi
870 2677 1073 2719 lracluzio-

111 2753 159 2781 ne
179 2741 223 2781 di
241 2741 437 2782 Valentino
454 2742 630 2782 Averoni
648 2743 818 2782 Monaco
840 2741 882 2781 cli
909 2741 1072 2781 vallom-

115 2803 246 2845 brosa.
277 2805 478 2853 Firenze,
510 2805 747 2847 Marescotti
774 2806 889 2846 4577.
921 2806 957 2843 8.

172 2869 236 2909 24.
269 2869 323 2908 De
349 2869 552 2921 Reyimine
580 2869 839 2909 Judaeorunz.

167 2931 231 2971 22.
261 2933 316 2971 De
345 2932 497 2971 Forma
538 2930 825 2979 absolutionis,
854 2930 902 2970 ad
945 2930 1070 2971 Gene—

116 2994 238 3034 ratem
269 2996 498 3047 Magistrum
529 2995 700 3034 Ordinis.

170 3057 234 3097 23.
265 3057 471 3110 Eoepositio
488 3058 647 3109 primae
672 3055 909 3107 Decretalss,
929 3057 975 3096 ad
1001 3057 1072 3098 Ar-

114 3120 389 3160 chidiaconum
419 3121 698 3161 Cudestinum.

169 3183 232 3221 24.
263 3182 472 3235 Eoepositio
515 3195 635 3236 super
672 3183 884 3224 securatam
924 3184 1069 3224 Decre-

116 3245 252 3296 talem,
284 3246 331 3285 ad
363 3247 551 3286 cundem.

168 3310 233 3350 25.
258 3309 465 3348 Tractatus
498 3308 545 3347 (le
569 3308 758 3358 sortibus,
784 3309 831 3350 ad
857 3311 1069 3351 Dominum

115 3372 304 3413 Jacobum
335 3372 383 3412 de
414 3374 556 3424 Burgo.

168 3435 233 3476 26.
262 3436 316 3475 De
343 3435 479 3490 officiis
498 3438 722 3484 astrorum,
743 3437 790 3477 ad
822 3438 862 3475 F.
892 3438 1074 3485 nogioni-

2027 275 2105 315 535

1148 339 1243 380 dum
1290 343 1438 382 socium
1469 355 1601 385 suum.
1632 345 1777 386 Dicunt
1806 348 1973 388 seorsim
2014 361 2101 402 pro-

1148 402 1270 443 diisse
1302 405 1436 446 Colon.
1471 407 1586 447 4580,

1203 467 1265 506 27.
1295 468 1353 508 De
1382 470 1616 511 aeternitate
1634 472 1786 513 Mundi.
1813 474 1959 516 Graece
1982 480 2102 518 vertit

1146 521 1364 561 Prochorns
1395 525 1616 577 presbyter,
1648 528 1685 565 in
1717 528 1816 567 Bibl.
1846 530 2051 572 Vaticana.

1200 585 1262 622 28.
1295 586 1349 624 De
1379 587 1489 625 Fato.

1198 648 1262 686 29.
1291 649 1347 687 De
1379 649 1577 702 Principio
1608 651 1944 696 intlivz'cluationis.

1198 711 1259 749 30.
1293 712 1345 751 De
1378 713 1590 766 Principiis
1619 719 1799 767 naturae7
1827 719 1872 758 nd
1901 721 1939 759 F.
1971 721 2096 762 Silve-

1145 778 1290 814 strum.

1201 838 1264 876 34.
1296 839 1350 877 De
1379 839 1478 879 Ente
1503 844 1541 880 et
1565 841 1757 882 Essentia.
1778 844 1916 886 Venet.
1944 849 2056 899 4488,
2081 850 2101 889 4

1145 900 1236 940 ibid.
1268 903 1368 942 4496
1399 904 1460 942 fol.
1495 906 1660 956 Lypsiae
1691 908 1805 956 4498,
1838 910 1951 959 4508,
1985 912 2020 950 4.

1199 966 1261 1005 32.
1281 966 1336 1005 De
1356 970 1505 1006 natura
1526 969 1721 1009 materiae
1741 974 1777 1010 et
1793 970 2101 1014 dimensionibus

1147 1027 1425 1070 interminatis.

1198 1094 1246 1132 33
1290 1094 1344 1132 De
1373 1093 1566 1135 mixtione
1598 1095 1913 1148 Elementorum,
1943 1101 1988 1141 ad
2023 1103 2099 1141 Ma—

1143 1157 1331 1208 gnificum
1365 1157 1600 1210 Philippum.

1201 1221 1264 1264 34,
1298 1221 1351 1260 De
1381 1222 1544 1263 occultis
1587 1223 1772 1277 operibus
1816 1227 2016 1279 Naturae7
2049 1230 2096 1270 ad

1143 1284 1345 1334 quendam
1379 1287 1558 1326 militem.

1197 1348 1258 1386 35.
1291 1349 1345 1386 De
1365 1353 1474 1388 motu
1499 1350 1649 1401 cordis7
1671 1352 1716 1392 ad
1743 1355 1840 1405 Mag.
1863 1354 2100 1407 Philippum.

1143 1410 1245 1449 Haec
1267 1410 1343 1451 duo
1365 1413 1597 1464 prodierunt
1619 1416 1769 1465 Lipsiae
1790 1428 1858 1468 per
1875 1417 1954 1458 Jac.
1975 1420 2104 1459 Than-

1143 1484 1212 1512 ner
1244 1475 1358 1515 4495.
1389 1476 1411 1514 4
1441 1482 1482 1515 et
1513 1477 1626 1526 4499,
1660 1479 1694 1516 4.

1198 1537 1260 1576 36.
1292 1538 1347 1577 De
1378 1538 1637 1580 Instantibus.

1197 1600 1261 1640 37.
1291 1602 1345 1640 De
1380 1603 1589 1655 Oppositis.

1203 1665 1264 1704 38.
1297 1666 1352 1704 De
1385 1666 1739 1708 Demonstratione.

1198 1728 1261 1766 39.
1294 1727 1354 1768 De
1383 1728 1595 1779 Fallaciis,
1627 1731 1673 1770 ad
1714 1732 1907 1783 quosdam
1949 1735 2099 1776 nobiles

1144 1789 1331 1831 Artistas.
1361 1792 1511 1833 Graece
1542 1793 1711 1835 habetur
1742 1797 1778 1834 in
1818 1797 1916 1836 Bibl.
1947 1798 2104 1838 Floren-

1144 1856 1224 1894 tina
1256 1860 1296 1894 et
1327 1856 1529 1897 Vaticana.
1560 1858 1706 1905 Quetif.
1737 1872 1773 1910 p.
1804 1860 1891 1899 345.

1197 1919 1258 1958 40.
1288 1920 1343 1958 De
1374 1920 1716 1972 Propositionibus
1746 1923 1982 1965 modalibus.

1290 1983 1346 2020 De
1375 1983 1608 2024 Eruclitione
1633 1986 1872 2040 principum,
1903 1990 1969 2040 qui
2000 1989 2098 2029 liber

1140 2047 1225 2083 tum
1257 2046 1429 2096 primum
1460 2059 1480 2085 e
1510 2049 1695 2088 Vaticana
1729 2050 1882 2100 prodiit.
1910 2051 2096 2091 Ostendit

1141 2112 1276 2147 autem
1303 2108 1500 2155 Quetifius
1529 2123 1615 2162 pag.
1648 2113 1722 2152 133
1752 2124 1852 2165 opus
1881 2125 1969 2154 esse
1999 2115 2100 2154 Guil.

1142 2171 1308 2211 Peraldi.

1195 2236 1256 2274 44.
1290 2235 1344 2274 De
1376 2239 1528 2276 natura
1557 2237 1785 2279 accidentis.

1196 2298 1257 2337 42.
1291 2300 1344 2338 De
1374 2303 1524 2339 natura
1550 2301 1723 2353 Ueneris.
1747 2301 1856 2342 Haec
1878 2302 1955 2343 duo
1987 2315 2105 2356 agno·

1145 2362 1222 2401 scit
1255 2363 1509 2403 Ptolemaeus
1539 2367 1746 2405 Lucensis.

1197 2425 1257 2464 43.
1291 2424 1350 2464 De
1373 2427 1560 2478 potentiis
1587 2427 1754 2468 animae.

1198 2488 1262 2528 44.
1293 2489 1347 2528 De
1380 2496 1566 2542 tempore.

1198 2553 1259 2593 45.
1291 2554 1346 2592 De
1360 2552 1595 2605 pluralitate
1610 2553 1850 2608 formarum.
1872 2553 1981 2594 Haec
2005 2559 2101 2596 sunt

1147 2614 1277 2655 dubia.

1199 2679 1262 2718 46.
1282 2680 1334 2717 De
1350 2678 1656 2721 dimensionibus
1675 2680 1996 2722 indeterminatis.
2014 2683 2100 2721 Jam

1145 2752 1265 2793 supra
1295 2742 1421 2782 adfuit
1451 2755 1487 2782 n.
1519 2745 1581 2784 32.

1200 2803 1261 2843 47.
1294 2805 1345 2843 De
1374 2809 1523 2845 natura
1551 2805 1891 2859 Sylloqi'siiiorztiiz.
1916 2807 2104 2847 Dubium.

1201 2868 1262 2906 48.
1291 2869 1458 2909 Summa
1501 2871 1618 2910 totius
1659 2871 1829 2923 Loyicac
1868 2870 2105 2910 Aristotelis.

1145 2932 1310 2971 Constat
1340 2934 1576 2973 tractatibus
1607 2946 1771 2983 novem,
1797 2939 1836 2973 et
1862 2935 1964 2972 inter
1988 2933 2106 2974 dubia

1146 2994 1330 3034 refertur.
1358 2996 1503 3035 Prodiit
1532 2998 1673 3036 Venet.
1704 3009 1773 3047 per
1802 2997 2002 3036 Simonem
2034 2999 2105 3036 Be-

1146 3057 1317 3108 vilaqua‚
1337 3061 1350 3098 4
1363 3057 1452 3108 490,
1470 3059 1504 3097 li..
1524 3060 1625 3099 Sunt
1643 3061 1709 3110 qui
1740 3058 1908 3098 Tliomac
1930 3058 2104 3110 Anylico,

1144 3121 1206 3158 cui
1229 3132 1446 3172 cognomen
1478 3125 1540 3160 est
1568 3121 1740 3171 Jorsius,
1763 3122 1824 3161 vel
1861 3123 1978 3162 etiam
2012 3123 2106 3162 ller-

1146 3194 1220 3221 veo
1251 3184 1397 3222 Britoni
1429 3184 1620 3223 tribuant.
1651 3185 1692 3223 In
1731 3184 1903 3224 editione
1934 3185 2103 3226 Parisino

1149 3246 1246 3285 liaeo
1277 3247 1441 3285 Summa
1473 3246 1642 3286 habetur
1672 3252 1768 3286 tom.
1799 3248 1834 3286 1.

1200 3308 1265 3348 49.
1294 3309 1350 3348 De
1379 3320 1498 3348 sensu
1525 3313 1706 3362 respectu
1742 3309 2027 3362 sinyularium‚
2064 3315 2102 3351 et

1149 3370 1347 3412 intellectu
1376 3376 1556 3425 respectu
1584 3371 1884 3413 universalium.

1211 3436 1271 3474 50.
1307 3436 1357 3474 Dc
1386 3435 1598 3475 inventione
1627 3434 1755 3475 medii.
