2533 4009
867 327 2082 398 LsscToaissENEVOLo

1397 457 1428 484 S.
1461 455 1495 484 Ρ.
1527 456 1559 483 D.

1079 515 1407 555 CllRlSTlANUS
1438 515 1867 557 SCllOETTGENlUS.

574 622 751 698 Annus
780 658 963 698 currebat
994 657 1111 708 hujus
1139 657 1261 696 seculi
1292 659 1520 709 trigesimus
1547 662 1736 706 octavus,
1767 669 1892 709 quum
1922 658 2161 698 valetudinis
2183 671 2324 701 caussa
2351 662 2426 700 iter

523 722 568 761 ad
603 733 672 760 nos
699 725 943 771 suscepisset
975 721 1040 757 Vir
1070 720 1206 758 multis
1235 722 1272 758 in
1303 731 1386 758 rem
1415 720 1686 771 Theologicam
1715 725 1754 759 et
1784 721 1997 759 literariam
2026 722 2178 760 meritis
2217 723 2432 770 Celeberri—

525 795 638 832 mus,
668 784 735 822 JO.
766 783 1053 823 CllRlSTOPH.
1085 781 1343 829 WOLFIUS,
1371 781 1521 821 adscito
1550 785 1692 822 comite
1710 813 1720 830 ‚
1749 782 1819 822 JO.
1848 781 2168 834 CllRISTlANO,
2198 785 2337 838 fratre,
2363 786 2428 824 Vi-

524 858 565 884 ro
596 857 671 884 non
703 847 834 884 {ninus
864 844 1138 883 Celeberrimo.
1169 844 1294 890 Quam
1321 843 1496 894 jucunda
1527 845 1629 884 illius
1658 847 1846 896 temporis
1876 844 2091 884 recordatio
2120 845 2240 892 mihi,
2269 851 2309 886 et
2336 848 2422 886 aliis

525 910 591 959 qui
623 907 794 946 Dresdae
823 908 946 945 bonas
977 907 1109 945 literas
1137 911 1298 953 amant,
1328 907 1498 955 existat,
1529 908 1660 946 verbis
1689 908 1794 947 effari
1837 907 1942 947 haud
1984 918 2157 958 possum.
2201 909 2251 947 Ut
2292 910 2428 959 paucis

524 983 586 1009 me
615 969 846 1020 expediam,
877 969 1037 1019 rogabat
1067 980 1154 1015 me,
1185 980 1253 1019 pro
1282 969 1451 1007 amicitia
1479 974 1640 1017 vetere,
1671 969 1839 1008 Wollius
1869 967 1894 1006 ⁶0
1913 968 2149 1020 μακαρίτης,
2179 974 2224 1010 ut
2245 970 2336 1010 illud
2359 971 2434 1011 hu-

525 1034 644 1070 meris
675 1032 772 1069 meis
803 1031 1001 1076 negotium
1033 1031 1199 1068 libenter
1228 1031 1372 1081 imponi
1402 1036 1579 1081 paterer,
1610 1036 1728 1082 atque
1759 1029 2036 1071 Bibliothecam
2060 1031 2238 1071 Latinam
2261 1033 2433 1084 Scripto-

523 1106 612 1132 rum
642 1091 760 1131 medii
787 1096 823 1130 et
853 1091 1053 1143 inferioris
1082 1092 1187 1139 aevi,
1217 1104 1335 1142 quam
1365 1092 1432 1130 JO.
1462 1092 1567 1132 ΑΕΒ.
1600 1094 1890 1142 FABRICIUS,
1921 1096 1982 1132 vir
2010 1105 2130 1145 supra
2158 1094 2297 1134 laudes
2321 1105 2430 1134 meas

524 1159 703 1207 positus,
733 1156 912 1194 affectam
945 1156 1183 1206 reliquerat,
1209 1156 1458 1206 supplerem,
1486 1156 1701 1207 colophona
1731 1156 1849 1194 labori
1879 1155 2100 1195 additurus.
2143 1156 2336 1203 Quamvis
2363 1167 2433 1196 au-

524 1225 604 1256 tem
636 1230 710 1256 non
741 1229 848 1255 eram
881 1219 1062 1264 nesciuS,
1093 1228 1211 1267 quam
1243 1217 1381 1256 duram
1422 1219 1459 1255 in
1503 1228 1565 1255 me
1608 1217 1849 1266 susciperem
1878 1217 2118 1266 provinciam
2139 1247 2150 1265 ,
2181 1215 2270 1255 dedi
2298 1220 2435 1255 tamen

527 1280 621 1320 illud
651 1280 832 1330 precibus
854 1280 930 1317 Viri
955 1281 1108 1319 Summi
1130 1311 1138 1327 ,
1159 1284 1198 1317 et
1221 1291 1343 1329 quum
1370 1290 1555 1329 magnum
1580 1279 1738 1317 omnino
1759 1283 1918 1328 tempus
1941 1279 2106 1328 aetatis,
2130 1277 2337 1318 volvendis
2359 1275 2440 1318 me-

526 1343 576 1381 dii
608 1344 692 1381 aevi
724 1343 1006 1392 scriptoribus,
1038 1343 1238 1380 trivissem
1258 1370 1266 1387 ,
1287 1342 1445 1392 promisi
1465 1372 1472 1389 ,
1493 1340 1595 1392 quod
1622 1345 1839 1389 rogaverat.
1869 1339 2041 1392 Accingo
2063 1352 2126 1380 me
2150 1342 2268 1392 igitur
2290 1341 2438 1390 labori,

527 1417 644 1444 omne
692 1407 926 1455 scriptorum
971 1416 1125 1453 genus,
1156 1404 1257 1454 quod
1301 1416 1322 1442 a
1365 1403 1538 1442 Fabricio
1581 1403 1800 1442 adhibitum
1831 1402 1937 1453 vidi,
1966 1403 2207 1452 consulens,
2237 1408 2277 1442 et
2305 1415 2437 1443 rerum

532 1479 735 1511 mearum,
766 1472 958 1516 quantum
991 1469 1095 1504 vires
1124 1467 1331 1514 tulerunt,
1364 1465 1528 1504 fideliter
1558 1470 1755 1515 satagens.
1779 1465 1876 1503 Hinc
1901 1469 2037 1504 natum
2060 1469 2124 1503 est
2145 1465 2218 1504 hoc
2252 1464 2435 1504 volumen

530 1528 735 1572 ultimum,
766 1529 867 1578 quod
901 1541 1004 1567 nune
1035 1529 1172 1568 usibus
1197 1530 1314 1575 Tuis,
1346 1530 1482 1567 Lector
1510 1528 1731 1574 Benevole,
1759 1527 1936 1565 exhibeo.
1967 1527 2005 1566 Si
2036 1538 2112 1566 non
2142 1527 2327 1578 passibus
2369 1539 2435 1567 ae-

530 1594 618 1641 quis
644 1602 786 1640 sequor
809 1591 1024 1629 Fabricium
1045 1622 1052 1638 ,
1076 1592 1200 1641 cogita
1221 1620 1227 1636 ,
1253 1601 1397 1640 paucos
1421 1590 1606 1637 reperiri,
1627 1589 1692 1639 qui
1718 1588 1948 1628 FABRICIO
1978 1590 2083 1639 paria
2111 1593 2314 1639 praestare
2343 1600 2437 1639 que-

525 1662 618 1699 ant,
648 1659 687 1690 et
718 1654 859 1692 melius
888 1664 1002 1699 esse,
1026 1654 1179 1703 prodire
1204 1658 1344 1699 tenus,
1366 1664 1483 1702 quam
1510 1651 1603 1689 nihil
1628 1651 1786 1689 omnino
1814 1661 1941 1701 agere.
1971 1651 2052 1689 Non
2082 1650 2188 1689 soleo
2216 1649 2264 1688 de
2294 1648 2437 1688 laboris

529 1718 602 1753 mei
637 1716 696 1753 vel
730 1715 961 1754 difficultate
992 1715 1052 1753 vel
1086 1715 1356 1763 magnitudine
1377 1714 1588 1763 conqueri3
1613 1723 1734 1762 quum
1758 1716 1889 1750 tamen
1915 1713 2114 1752 Fabricius
2139 1712 2233 1750 nihil
2258 1712 2305 1751 ad
2330 1712 2436 1752 hunc

531 1777 699 1814 laborem
733 1775 948 1814 finiendum
980 1777 1205 1826 collegerit,
1232 1776 1304 1814 nisi
1328 1786 1473 1826 paucas
1495 1774 1686 1825 quasdam
1711 1773 1904 1817 schedas,
1927 1785 1949 1813 a
1972 1774 2132 1813 Clariss.
2158 1773 2336 1824 ejusdem
2367 1785 2434 1824 ge-

529 1850 622 1876 nero
653 1838 874 1876 llElMAltO
921 1849 1074 1876 mecum
1121 1839 1457 1885 communicatas,
1485 1848 1600 1874 omne
1629 1836 1862 1886 scriptorum
1892 1847 2019 1886 genus
2047 1835 2177 1875 denuo
2221 1836 2316 1874 mihi
2345 1847 2432 1886 per-

528 1900 770 1938 volvendum
803 1901 896 1947 suit,
927 1900 1089 1951 perinde
1117 1911 1163 1938 ac
1193 1900 1222 1937 si
1254 1904 1379 1937 totum
1409 1909 1508 1948 opus
1537 1910 1556 1936 a
1589 1909 1649 1936 me
1679 1909 1700 1936 a
1728 1898 1853 1947 capite.
1883 1897 1930 1935 ad
1959 1898 2106 1937 calcem
2149 1898 2289 1937 fuisset
2317 1897 2432 1948 perfi-

528 1962 724 2000 ciendum.
755 1963 893 1999 Facilis
923 1967 1053 2000 tamen
1084 1966 1146 1999 est
1177 1962 1236 1999 illa
1267 1962 1454 2011 temporis
1491 1960 1669 2010 jactura,
1700 1960 1813 1998 modo
1855 1960 1998 2010 aliquid
2030 1960 2217 2011 effingere
2246 1960 2427 2008 licuerit,

527 2024 628 2074 quod
660 2024 863 2061 commodo
894 2026 946 2061 rei
979 2024 1170 2062 literariae
1201 2035 1275 2061 non
1309 2034 1469 2073 prorsus
1493 2022 1628 2060 inutile
1651 2023 1807 2060 existat.
1833 2022 1910 2060 lloc
1934 2023 2051 2072 igitur
2074 2022 2203 2061 labore
2229 2033 2315 2060 meo
2337 2033 2432 2072 qua-

528 2087 736 2135 licunque.
770 2088 933 2131 Lector,
964 2090 1073 2123 utere
1103 2097 1146 2123 ac
1178 2085 1318 2123 fruere.
1349 2085 1460 2123 Plura
1489 2085 1542 2122 Te
1571 2094 1647 2121 non
1679 2083 1883 2131 volebam,
1912 2083 1979 2122 sed
2025 2083 2086 2122 his
2129 2084 2224 2135 ipsis
2265 2084 2429 2131 diebuS,

526 2148 668 2197 quibus
698 2147 745 2185 de
776 2147 846 2185 hoc
877 2147 1076 2197 praefandi
1109 2147 1239 2185 labore
1282 2147 1527 2197 cogitabam,
1558 2144 1683 2183 incidi*
1703 2146 1738 2182 in
1773 2146 1941 2184 Diarium
1972 2145 2093 2184 Erud.
2131 2146 2250 2185 Paris.
2279 2144 2301 2168 *
2328 2145 2432 2196 quod

531 2214 686 2255 narrat,
715 2210 770 2247 Jo.
804 2211 911 2259 Bapt.
943 2210 1199 2255 Zannonuni,
1230 2214 1382 2259 typogr.
1412 2219 1457 2246 ac
1486 2207 1639 2258 bibliop.
1670 2207 1838 2245 Florent.
1870 2209 2000 2258 Progr.
2043 2209 2080 2245 in
2124 2207 2324 2258 publicum
2355 2207 2435 2246 edi-

527 2271 656 2318 disse,
685 2283 761 2320 quo
792 2273 997 2309 nunciaret
1027 2271 1217 2318 eruditis,
1248 2282 1290 2308 se
1321 2271 1421 2308 hanc
1449 2269 1544 2308 Bibl.
1575 2268 1720 2307 Fabric.
1750 2269 1878 2307 denuo
1908 2270 2014 2320 typis
2043 2269 2309 2309 subditurum.
2350 2269 2434 2308 LA-

530 2333 602 2370 L'lt.
632 2333 825 2379 millL'S,
857 2333 1014 2379 Abbas,
1046 2334 1198 2370 meritis
1229 2334 1264 2370 in
1298 2332 1369 2370 hoc
1399 2332 1600 2370 literarum
1630 2341 1755 2381 genus
1785 2342 1860 2368 non
1892 2331 2124 2379 incelebris,
2163 2342 2298 2370 curam
2344 2342 2434 2387 ope-

529 2396 580 2432 ris
610 2393 791 2441 habebit,
823 2400 863 2434 ct
893 2396 1169 2445 supplementa
1200 2406 1356 2445 quoque
1385 2393 1526 2440 addet,
1558 2403 1634 2431 una
1675 2404 1765 2431 cum
1809 2394 2128 2444 continuatione,
2156 2404 2275 2444 quam
2305 2394 2435 2433 Fabri·
2502 2431 2503 2436 ,

526 2457 611 2494 eius
640 2456 732 2495 dare
765 2469 839 2495 non
872 2459 1009 2507 potuit.
1041 2457 1184 2505 Addit,
1214 2468 1256 2493 se
1286 2456 1396 2506 plura
1424 2467 1473 2493 ex
1502 2454 1623 2494 Codd.
1653 2467 1772 2494 manu
1815 2457 1987 2494 exaratis
2029 2456 2300 2506 prolaturum,
2336 2467 2432 2508 qua-

529 2518 620 2556 lium
651 2519 753 2569 apud
787 2531 857 2557 nos
882 2524 991 2558 tanta
1023 2531 1098 2557 non
1131 2519 1297 2558 habetur
1325 2519 1460 2568 copia,
1490 2528 1606 2566 quam
1637 2516 1795 2567 quidem
1827 2519 1863 2555 in
1890 2517 1999 2556 ltalia
2019 2522 2058 2557 et
2081 2518 2166 2558 aliis
2194 2519 2432 2570 regionibus.

529 2582 678 2619 interea
712 2593 929 2631 persuasus
959 2593 1073 2627 sum,
1103 2581 1209 2620 hunc
1240 2591 1372 2620 meum
1418 2579 1585 2627 laborem
1632 2579 1770 2617 Abbati
1816 2579 1973 2618 laudato
2016 2591 2090 2618 non
2139 2581 2298 2619 omnino
2334 2580 2430 2620 nulli

528 2643 607 2680 fore
641 2644 812 2681 utilitati.
837 2643 947 2690 Quod
980 2645 1010 2681 si
1042 2645 1158 2694 igitur
1188 2642 1305 2681 editio
1330 2643 1454 2692 ipsius
1476 2641 1604 2680 lucem
1629 2641 1865 2692 adspexerit,
1891 2642 1973 2691 ipse
1997 2642 2279 2693 Supplementa
2302 2643 2435 2694 ipsius,

631 2711 666 2742 et
699 2717 961 2755 quaecunque
991 2705 1038 2744 ad
1069 2715 1168 2754 opus
1199 2704 1271 2743 hoc
1300 2702 1618 2754 locupletandum
1650 2707 1737 2752 post
1766 2703 1842 2741 sata
1874 2704 2032 2742 Fabricii
2074 2705 2137 2743 vel
2184 2704 2327 2744 inedita

741 2768 1002 2817 prodierunt,
1034 2767 1095 2804 v‹-l
1127 2767 1232 2815 typis
1262 2766 1450 2815 repetita,
1482 2764 1543 2802 vel
1573 2764 1742 2815 denique
1771 2765 1867 2803 alias
1895 2770 2082 2805 annotata
2105 2772 2224 2816 sunt,

849 2830 1035 2877 singulari
1084 2830 1310 2876 volumine,
1351 2827 1526 2872 Tecum,
1558 2827 1597 2864 L.
1635 2828 1675 2865 B.
1705 2828 1996 2865 communicare
2040 2839 2115 2867 non

895 2893 1086 2929 omittam.
1112 2890 1221 2936 Quod
1249 2894 1452 2938 superest,
1480 2888 1510 2924 si
1542 2887 1633 2937 quid
1659 2888 1707 2926 ab
1730 2889 1858 2938 operis
1881 2890 2064 2928 commis-

953 2963 1040 2991 sum
1069 2953 1196 2998 fuerit,
1220 2951 1322 3000 quod
1345 2949 1508 2999 sequius
1532 2953 1605 2997 est,
1629 2949 1662 2986 id
1685 2950 1885 2988 absentiae
1907 2962 2016 2990 meae

1005 3014 1123 3052 velim
1154 3012 1365 3051 condones.
1396 3010 1499 3048 ValO.
1544 3010 1666 3049 Scrib.
1699 3011 1895 3061 Dresdae,
1926 3014 1963 3050 in

1112 3075 1249 3113 Schola
1280 3073 1496 3119 Cruciana,
1523 3071 1558 3109 d.
1590 3074 1670 3111 XV.
1702 3075 1850 3121 Martii,

1261 3146 1363 3173 anno
1392 3134 1456 3172 clf)
1486 3134 1524 3173 ln
1551 3142 1703 3173 CCXLvi.

609 3283 620 3293 ”
645 3285 776 3314 Journal
804 3285 857 3316 des
882 3288 1019 3323 scavans
1036 3309 1044 3323 ‚
1070 3286 1154 3322 Sept.
1178 3281 1267 3313 1745.
1287 3290 1317 3320 p.
1348 3279 1414 3310 1513.
