2533 4009
432 220 529 340 {3:3⁵
563 287 656 325 sunt
694 282 780 322 Sea:
804 276 946 318 literae
969 269 1185 324 encyclicae
1222 280 1242 307 e
1265 267 1383 320 Capi-

437 349 527 389 tulis
544 340 808 398 yeneralfbus
824 335 968 391 quibus
987 331 1260 387 praefuit,·pro
1277 341 1383 369 more

432 408 618 460 scriptae,
659 401 804 454 Πετραῖα
833 400 1023 438 Fratrum
1048 399 1084 435 et
1119 396 1314 435 Sororum
1337 391 1384 431 a'e

428 467 659 524 poenitentia
704 466 745 503 B.
786 460 990 501 Dominici.
1034 459 1113 498 sac.
1158 456 1295 504 Quetif
1335 455 1383 493 de

432 528 692 581 scriptoribus
712 525 860 565 ordinis
884 521 1202 563 Praedicatorum
1222 524 1328 558 tomo
1354 518 1384 557 1.

431 605 467 645 p.
493 590 583 631 7t7.
605 590 808 629 Altamura
831 598 867 638 p.
892 586 981 626 ⁴53.
1151 636 1153 638 q

483 652 680 694 THOMAS
695 651 727 690 F
729 648 956 696 tarentinus,
972 646 1061 687 vide
1080 657 1198 699 supra
1219 644 1384 685 Thomas

432 715 478 756 de
496 715 678 761 GARBO,
704 712 801 753 libro
824 712 904 751 Vll.

484 776 686 817 TllOMAS
705 774 750 814 de
776 776 906 821 Fonte,
931 773 1133 821 Senensis,
1157 770 1252 811 Ord.
1270 772 1385 810 Prae-

432 840 664 886 dicatorum,
685 837 895 878 Confessor
917 837 954 876 S.
978 837 1214 876 catharinae
1232 836 1385 876 Senen-

434 905 488 942 sis
502 904 602 941 circa
621 913 654 941 a.
669 900 768 940 4381.)
785 901 940 951 scripsit
959 897 1193 950 Singyularia
1211 902 1248 938 et
1261 897 1379 945 mira,

433 964 600 1018 quaein
636 965 758 1003 Beata
788 961 855 1001 illa
892 961 1045 1013 vimine
1080 959 1389 1014 experiebatur,

435 1039 483 1067 ex
505 1027 648 1079 quibus
673 1026 734 1065 alii
757 1026 976 1076 Scriptores
999 1025 1104 1063 vitae
1131 1024 1234 1063 illius
1260 1024 1387 1074 profe-

433 1094 586 1130 cerunt.
621 1088 701 1128 Jac.
742 1087 878 1134 Quetif
907 1087 956 1126 de
990 1086 1256 1138 Scriptoribus
1294 1084 1387 1124 Ord.

435 1151 750 1190 Praedicatorum
777 1154 871 1188 tom.
898 1151 924 1188 Ι.
951 1161 987 1200 p.
1010 1149 1099 1189 696.

487 1212 696 1253 THOMAS
718 1211 765 1252 de
798 1211 1004 1260 Forcellis,
1046 1213 1216 1262 Legatus
1238 1209 1389 1250 Acade-

435 1276 537 1315 miae
580 1276 777 1315 parisinae
811 1274 859 1315 ad
897 1274 1115 1314 Concilium
1155 1273 1389 1321 Basiliense,

435 1337 551 1389 cujus
585 1337 721 1376 Oratio
743 1336 798 1376 ad
835 1335 1054 1378 Concilium
1094 1335 1242 1374 dictum
1278 1337 1390 1373 extat

437 1400 475 1438 in
500 1399 596 1439 Bibl.
629 1400 856 1438 monasterii
883 1398 1246 1442 Heilsbronnensis,
1287 1400 1390 1435 teste

436 1462 619 1513 Catalogo
639 1460 887 1500 Hockeriano
913 1473 948 1512 p.
976 1461 1064 1500 116.

490 1523 512 1546 ‘
533 1524 633 1574 Lege
661 1523 822 1562 Thomas
841 1522 890 1562 de
917 1520 1115 1563 Corcellis.
1132 1522 1191 1561 Ab
1207 1532 1250 1560 ea
1270 1531 1390 1572 quam

439 1584 762 1625 Bibliothecarius
782 1591 916 1625 noster
937 1585 999 1624 hic
1018 1584 1173 1631 indicat,
1191 1584 1388 1623 diversam

433 1646 551 1686 credo
582 1649 796 1687 orationem
819 1648 866 1687 ab
902 1648 1039 1687 eodem
1072 1647 1220 1687 Thoma
1245 1645 1390 1686 dictam

440 1710 587 1748 Bituris
608 1711 647 1748 in
673 1710 848 1749 Concilio
868 1721 931 1750 an.
954 1711 1055 1750 4438
1080 1722 1127 1749 ex
1152 1709 1277 1748 Gallis
1301 1709 1391 1759 Epi-

438 1772 567 1822 scopis
581 1778 726 1821 coacto,
743 1784 861 1823 quam
880 1773 953 1824 legi
971 1774 1008 1811 in
1020 1771 1196 1813 Cod.MS.
1209 1771 1389 1811 Biblioth.

439 1832 595 1873 Caesar.
611 1833 902 1873 vindobonensi
924 1835 1008 1874 Jur.
1024 1835 1121 1874 Can.
1137 1834 1187 1872 68
1213 1845 1298 1884 pag.
1315 1832 1392 1872 303

441 1904 559 1944 quam
582 1894 677 1933 haec
709 1895 830 1934 verba
856 1895 1107 1946 praecedunt.
1136 1893 1181 1934 Α.
1205 1895 1248 1934 D.
1277 1894 1393 1933 lt38.

443 1955 654 2007 Postquam
675 1967 809 1996 coram
830 1959 929 2008 Reae
955 1957 1148 1997 Franciae
1171 1961 1208 1996 et
1229 1956 1395 1995 Praela-

443 2020 570 2056 torum
592 2017 631 2056 in
661 2019 812 2059 Bituris
848 2020 1197 2072 Conyreyationem
1219 2019 1395 2072 proposi-

444 2080 564 2119 tiones
582 2084 659 2119 tam
677 2085 859 2133 exparte
877 2083 991 2123 Cone.
1015 2081 1257 2130 Basiliensis,
1275 2094 1395 2135 qicam

447 2141 492 2179 D.
517 2143 650 2194 Papae
681 2144 850 2195 Enqenii
866 2144 973 2197 facta
991 2143 1176 2197 fuissent,
1200 2150 1235 2184 et
1254 2144 1396 2184 (lelibe-

445 2207 577 2242 ratum
600 2205 704 2257 quod
727 2209 815 2246 Rex
849 2207 932 2258 ipse
965 2206 1243 2247 authoritatem
1267 2208 1397 2248 Eccle-

445 2266 528 2305 siae
550 2266 754 2319 defendere
774 2269 886 2309 vellet
903 2283 979 2322 per
1003 2274 1142 2324 Reyem
1162 2282 1395 2324 responsum

446 2328 659 2378 eatztisset,
697 2343 800 2370 unus
836 2344 891 2372 ex
924 2334 1151 2374 oratoribus
1186 2333 1234 2372 D.
1262 2333 1397 2385 Papae

446 2389 663 2443 Episcopus
674 2393 880 2444 Diynensis
892 2395 931 2434 in
945 2397 1172 2448 praesentia
1185 2396 1398 2435 nostrae-

451 2449 618 2492 latorum
637 2458 673 2493 et
685 2459 925 2496 coeterorum
932 2459 1165 2511 principum
1185 2469 1258 2498 non
1270 2463 1400 2498 tamen

450 2514 564 2564 Reyis
585 2515 761 2568 plurima
783 2523 922 2558 contra
953 2521 1235 2562 authoritatem
1263 2532 1399 2574 supre-

447 2586 552 2615 mam
571 2579 818 2629 9eneralium
838 2581 1102 2623 Conciliorum
1127 2585 1398 2637 exposuisset,

451 2639 505 2678 ad
521 2652 640 2692 quam
654 2655 728 2695 pro
742 2652 861 2697 parte
878 2647 917 2685 S.
938 2646 1104 2686 Concilii
1116 2658 1192 2699 per
1207 2657 1402 2699 oryanum

455 2703 618 2744 Thomae
650 2705 696 2745 de
735 2707 929 2748 Cancellis
961 2711 1000 2749 S.
1038 2708 1162 2749 Theol.
1198 2710 1400 2759 Doctoris,

449 2765 567 2805 unius
600 2768 656 2807 ec‘c
691 2767 979 2811 ambiatoribns
1017 2773 1056 2812 S.
1099 2772 1267 2813 Concilii
1287 2773 1402 2812 Basi-

453 2826 586 2868 liemis
596 2831 799 2882 praedicti
812 2834 944 2874 eoetitit
960 2846 1206 2888 responsum,
1224 2839 1269 2874 ut
1272 2837 1403 2888 juacta

453 2889 643 2942 eequitur.

486 2951 692 2996 Illum-iss.
703 2954 894 3012 Princeps
910 2959 978 2999 etc.
990 2959 1184 3000 Incumbit
1197 2959 1308 3001 nobis
1332 2968 1403 3001 etc.

503 3016 704 3058 THOMAS
750 3021 1028 3074 Formaylinus
1059 3054 1067 3073 ,
1114 3026 1373 3064 Bononiensis
1388 3057 1399 3075 ‚

453 3076 572 3116 setus
603 3081 703 3120 circa
738 3084 907 3123 a.1317.
942 3085 1107 3138 Scripsit
1140 3087 1330 3126 Lecturas
1364 3088 1403 3126 in

458 3138 653 3189 Duyestum
677 3144 790 3184 Vetus
814 3150 850 3185 et
873 3147 1066 3197 Codicem,
1085 3160 1157 3188 nec
1179 3162 1254 3189 non
1274 3152 1400 3200 Quae-

458 3201 607 3243 stiones.
644 3204 821 3246 Bumaldi
853 3211 1041 3250 Minerval
1077 3212 1325 3252 Bononiense
1364 3225 1403 3264 p.

460 3260 549 3300 220.
571 3264 727 3306 orlandi
749 3270 892 3310 Notitia
916 3273 1160 3325 Scriptorum
1181 3275 1402 3314 Bononien-

462 3322 563 3362 sium
584 3337 667 3379 pag.
688 3329 776 3370 253.

1270 191 1565 237 THOMAS

1512 261 1720 302 THOMAS
1738 262 1922 311 Fremon,
1941 271 2013 304 seu
2029 262 2074 304 de
2091 261 2252 315 Friyido
2270 260 2418 312 Monte,

1463 325 1553 366 vide
1579 335 1698 378 supra
1724 325 2031 367 Beverlacensis.

1516 387 1717 429 Tl-lOMAS
1735 387 1938 440 Fulyinas,
1953 390 2058 429 tertii
2075 388 2234 428 Ordinis
2250 381 2421 429 S.Fran-

1459 453 1571 498 cisci‚
1594 452 1795 490 miraculis
1818 456 1858 490 et
1879 452 2085 503 prophetia
2117 452 2266 501 clarus,
2289 455 2420 491 aetate

1458 516 1619 562 incerta,
1645 515 1804 564 scripsit
1830 516 1992 553 metrice
2017 514 2167 555 Ruinas
2202 513 2421 554 multarum

1457 576 1661 617 civitatum
1678 575 1819 616 Italia-e
1835 579 1872 616 et
1888 575 2189 618 tribulationum
2202 576 2417 626 Ecclesiae,

1457 645 1673 692 antequam
1691 640 1913 679 evenirent.
1931 639 2183 693 Waddingus
2215 639 2264 679 de
2287 642 2422 690 script.

1458 701 1552 743 Ord.
1576 703 1715 741 Minor.
1730 701 1977 753 p.32!i.idem
1995 714 2041 742 ac
2052 701 2419 743 THOMASUCIUS.

1515 765 1725 805 TilOMAS
1750 764 1855 817 Fyle,
1882 764 1972 804 vide
1996 764 2162 806 Thomas
2181 763 2288 818 Lyle.

1517 826 1726 868 THOMAS
1746 825 1901 876 Gallus,
1921 827 2053 868 Abbas
2069 829 2108 868 S.
2127 827 2310 868 Andreae
2325 827 2427 869 Ver-

1461 892 1665 936 cellensis,
1702 892 1794 931 Ord.
1832 892 2126 940 cisterciensis,
2158 893 2284 944 patria
2303 889 2425 933 Pede-

1465 960 1692 1006 montanus,
1713 967 1760 994 ex
1788 956 1934 996 familia
1954 956 2065 996 Galla
2089 957 2294 998 oriundus:
2316 966 2427 1010 prae-

1462 1024 1599 1070 ceptor
1635 1020 1708 1060 fuit
1743 1019 1781 1058 S.
1815 1017 1976 1057 Antonii
2012 1018 2060 1058 de
2097 1019 2252 1068 Padua,
2273 1019 2367 1060 obiit
2390 1032 2426 1061 a.

1466 1080 1580 1121 1246.
1609 1082 1776 1133 Scripsit
1803 1080 2014 1121 Comment.
2045 1081 2085 1121 in
2109 1081 2344 1135 Dionysium
2372 1081 2426 1122 A-

1467 1143 1725 1197 reopayitam,
1759 1143 2057 1195 Etr-positionem
2081 1155 2112 1185 s.
2143 1139 2429 1199 Paraphrasin

1465 1206 1507 1245 in
1531 1206 1742 1246 Canticum
1767 1206 2042 1246 Canticorum:
2068 1219 2170 1260 quae
2190 1219 2308 1260 opera
2331 1219 2428 1247 non-

1468 1268 1564 1309 dum
1589 1274 1684 1310 sunt
1708 1269 1825 1309 edita.
1851 1270 1965 1310 Plura
2001 1271 2109 1310 dabit
2129 1270 2311 1311 Andreas
2335 1270 2430 1310 Ros-

1467 1336 1598 1371 sottus
1634 1333 1671 1369 in
1709 1330 1870 1382 Syllabo
1905 1331 2152 1383 Scriptorum
2184 1330 2429 1372 Pedemontii

1472 1406 1558 1445 pag.
1581 1393 1618 1432 1.

1518 1456 1540 1480 ³*
1569 1457 1772 1507 Expositis
1807 1457 1895 1496 eius
1921 1457 1958 1495 in
1996 1457 2208 1498 Canticum
2248 1456 2429 1498 Cantico-

1465 1529 1553 1558 rum
1595 1517 1790 1569 publicam
1828 1518 1957 1558 lucem
1992 1520 2150 1570 aspexit
2174 1518 2333 1559 Parisiis
2365 1529 2430 1558 an.

1467 1579 1562 1621 ⁴524
1607 1584 1691 1632 typ.
1717 1581 1987 1620 Ascensianis.
2013 1579 2121 1620 Obiit
2146 1592 2241 1621 vero
2264 1592 2301 1621 a·
2325 1578 2431 1621 ⁴28»ss

1467 1648 1510 1683 ut
1534 1655 1582 1683 ex
1608 1654 1694 1682 eius
1717 1644 1938 1694 epitaphio,
1965 1643 2069 1695 quod
2092 1643 2236 1694 legitur
2264 1644 2301 1682 in
2324 1643 2433 1683 aedi-

1465 1706 1540 1745 bus
1565 1707 1603 1745 S.
1628 1705 1812 1745 Andreae
1838 1706 2104 1746 Vercellensis
2139 1705 2346 1746 discimus.
2367 1705 2429 1746 En

1466 1777 1626 1808 versus:

1467 1892 1540 1932 Bis
1571 1899 1652 1933 tres
1680 1892 1823 1944 viyinti
1848 1891 2071 1933 currebant
2096 1892 2201 1933 mille
2230 1893 2389 1934 ducenti

1468 1951 1574 1993 Anni
1593 1967 1681 1994 cum
1710 1956 1873 1995 Thomas
1897 1955 1995 1995 obiit
2015 1955 2255 1996 venerabilis
2278 1955 2414 1998 Abbas

1472 2017 1662 2057 Primitus
1686 2018 1802 2057 istius
1827 2018 1961 2070 templi
1981 2028 2238 2072 summaeque
2258 2019 2419 2072 peritus

1469 2078 1633 2119 Artibus
1650 2080 1689 2119 in
1704 2081 1854 2120 cunctis
1872 2079 2102 2121 liberalibus
2111 2086 2230 2134 atque
2240 2082 2431 2134 mayister

1470 2143 1516 2181 In
1539 2142 1790 2190 lzierarchz'a;
1809 2155 1913 2183 nunc
1932 2143 2060 2183 archa
2083 2143 2286 2185 clauditur
2309 2145 2405 2195 ista;

1472 2206 1599 2254 Quam
1621 2207 1743 2246 ceteri
1761 2206 1874 2260 fama
1895 2205 2114 2247 celebravit
2125 2208 2282 2260 paqtna
2298 2219 2430 2249 sacra.

1472 2333 1629 2372 Titulus
1663 2335 1795 2384 operis
1831 2335 1917 2374 eius
1944 2335 1980 2373 in
2017 2335 2057 2374 S.
2079 2335 2337 2386 Dionyssium
2369 2334 2432 2375 hic

1475 2401 1634 2435 notatur
1656 2398 1691 2434 in
1719 2396 1813 2435 Cod.
1831 2396 1924 2435 656.
1940 2397 2095 2436 Bibliot.
2115 2395 2308 2437 Athenaei
2331 2397 2434 2437 Tau-

1474 2460 1502 2496 ri
1509 2460 1656 2497 nensis.
1673 2458 1883 2498 Tractatus
1899 2458 1945 2498 cle
1963 2455 2190 2511 differentia
2205 2459 2431 2501 mundanae

1478 2520 1723 2572 leeotoyiae,
1745 2524 1864 2574 atque
1901 2519 2081 2572 divinae,
2114 2526 2153 2562 et
2188 2521 2433 2563 demonstra-

1478 2582 1650 2623 tionibus
1675 2595 1823 2623 eorum.

1530 2648 1733 2688 THOMAS
1765 2647 1812 2687 ale
1839 2646 1989 2697 Gai-bo,
2023 2648 2110 2688 Dini
2135 2647 2251 2688 filius.
2272 2647 2434 2688 Floren-

1477 2710 1607 2758 tinus,
1629 2711 1803 2751 Medicus
1828 2716 1868 2750 et
1901 2712 1969 2750 Vir
1999 2711 2247 2761 Consularis,
2270 2711 2373 2750 circa
2396 2721 2430 2750 a.

1479 2773 1583 2813 1340
1608 2775 1765 2824 scripsit
1790 2774 1995 2813 Summam
2031 2772 2310 2814 Medicinalem
2342 2783 2432 2812 cum

1477 2834 1715 2875 tractatibus
1753 2834 1909 2875 duobus
1946 2836 1992 2876 cle
2029 2835 2244 2889 adjectione
2282 2835 2437 2875 humidi

1476 2897 1690 2946 radicalis,
1717 2901 1756 2937 et
1790 2898 1836 2938 de
1874 2898 2102 2938 reductione
2143 2897 2433 2938 medicinarum

1476 2961 1683 3000 adactum.
1702 2960 1844 3000 Venet.
1865 2961 1982 3011 1521,
2005 2962 2108 3002 4529
2129 2961 2191 3002 fol.
2222 2954 2433 3001 Tractatus

1477 3026 1668 3075 posterior
1696 3028 1807 3063 extat
1840 3027 1933 3064 cum
1970 3024 2127 3064 Libellis
2161 3023 2210 3063 de
2243 3023 2432 3072 Dosibus,

1478 3089 1612 3126 l'otav.
1637 3087 1760 3134 1556,
1785 3085 1966 3135 8.‘1576‚
2006 3087 2041 3125 t.
2075 3085 2200 3138 Lugd.
2234 3085 2358 3135 458b,
2394 3080 2433 3125 8.

1476 3149 1772 3201 Eoepositionem
1793 3160 1915 3200 super
1934 3149 2031 3202 Cap.
2048 3145 2121 3187 m.
2135 3147 2316 3189 ·Canonis
2338 3144 2430 3187 Fen.

1475 3213 1582 3251 XXV.
1597 3211 1822 3252 Avieennae
1839 3210 1886 3250 de
1904 3210 2163 3251 Generatione
2181 3208 2430 3262 Embryonis.

1479 3276 1615 3315 Venet.
1635 3275 1738 3315 1502
1762 3275 1825 3313 fol.
1849 3274 2117 3315 commentia
2134 3271 2273 3313 Libros
2290 3270 2436 3312 ‘Galerii

1476 3336 1522 3377 de
1557 3335 1734 3390 febrium
1768 3335 2004 3388 differentiis
2015 3367 2027 3387 ,
2067 3335 2186 3377 Paris.
2228 3331 2267 3374 li.
2306 3332 2431 3387 Lugd.
