2517 4009
961 159 1240 196 Slx'rus

2044 153 2115 188 401

84 237 255 274 Pati-um
284 235 444 273 obvius.
478 232 582 269 Vide
606 232 680 268 sub
704 231 821 268 Sixto
855 230 926 266 III.
959 240 1057 266 nam
1126 229 1314 275 satam,-
1344 228 1390 264 de
1423 226 1644 263 castitate:
1679 225 1748 271 qui
1787 223 2115 269 pelagianorum

12 349 15 351 ι
84 301 273 338 auctores
303 299 371 335 hic
402 296 582 333 variant.

168 367 205 402 4.
237 361 526 401 Enchz'rz'dion
567 360 594 395 f.
642 360 965 398 Sententiarum
1004 360 1058 395 li-

84 428 221 464 bellus
252 426 302 462 ab
331 425 603 467 Hieronymo,
636 421 822 467 Origene
844 421 887 457 et
908 421 1057 467 Augu-

90 490 201 526 stino
232 487 329 523 huic
350 484 467 521 Sixto
490 484 767 529 abjudicatur,
802 484 849 519 111
880 484 928 520 00
964 484 1060 519 aliis

83 553 193 590 nihil
223 552 379 594 dicam,
410 548 514 584 Huic
545 557 588 583 se
621 546 794 593 opponit
828 547 925 583 Urb.
957 546 1057 582 God.

85 616 272 659 Siberus,
303 613 383 657 vir,
417 611 453 646 si
485 611 707 656 quisquam
748 610 870 655 alius,
917 618 1057 645 rerum

86 675 478 715 Ecclesiasticarum
522 683 697 720 gnarus,
740 682 864 720 quam
904 672 946 718 J'o
989 673 1058 708 Pi—

84 743 180 778 nius
212 740 332 778 scioli
361 739 530 775 nomine
561 738 779 775 traducere
811 747 894 773 non
935 737 1057 774 debe-

86 807 172 843 bat.
204 803 245 840 Is
275 803 390 849 Lips.
425 799 545 838 1725.
569 803 609 848 4,
631 800 709 837 has
731 799 965 837 sententias
985 801 1057 836 de-

84 878 166 905 nuo
196 866 331 905 editas
361 866 459 902 huic
492 865 608 901 Sixto
640 865 853 900 vindicare
896 863 1052 909 studet,

86 941 214 979 quum
255 929 400 966 tamen
453 927 594 974 nihil,
636 927 744 974 quod
787 936 870 962 non
913 925 1055 962 ethni-

83 1003 157 1030 cus
186 993 322 1030 dicere
353 991 501 1039 possit,
533 993 576 1027 in
618 991 766 1027 iisdem
799 989 1055 1027 inveniatur.

87 1056 239 1093 Rufino
281 1054 561 1101 indignantur
602 1053 775 1099 Patres,
818 1053 928 1099 quod
961 1054 1057 1089 illas

86 1117 325 1156 sententias
356 1127 429 1164 pro
452 1126 566 1153 more
598 1125 670 1152 suo
702 1116 830 1153 libere
864 1115 1060 1153 vertendo

85 1183 228 1219 fucum
258 1182 348 1219 orbi
379 1179 624 1216 Christiano
667 1178 825 1216 fecerit.
869 1179 929 1215 De
972 1180 1060 1215 edi-

86 1250 271 1286 tionibus
309 1248 451 1284 confer
494 1246 682 1282 Siberum
726 1244 769 1282 et
821 1245 1059 1282 Fabricium

90 1312 196 1349 Bibl.
218 1311 365 1347 Graeca
386 1310 477 1345 Vol.
500 1308 613 1344 XIII.
636 1320 675 1355 p.
700 1307 777 1344 647
800 1317 913 1354 seqq.
941 1309 1057 1344 Adde

85 1375 219 1420 illam,
252 1382 344 1420 quae
365 1382 459 1408 curn
481 1372 620 1408 verbis
643 1371 780 1407 aureis
803 1370 1057 1416 Pythagorae

86 1438 132 1474 in
161 1435 327 1472 officina
359 1432 590 1483 (Simonis)
624 1433 919 1479 Grunenbergi
951 1433 1060 1479 apud

84 1500 420 1547 Augustinianos
434 1498 725 1544 Wittenburgi
742 1496 861 1533 1514.
880 1507 933 1533 m.
957 1497 1057 1533 Nov.

87 1564 258 1612 prodiit.
301 1565 424 1600 Plura
465 1563 516 1598 de
558 1561 647 1597 vita
687 1562 729 1597 et
767 1559 938 1607 scriptis
968 1560 1058 1605 eJus

88 1628 206 1667 dabit
245 1629 307 1665 Jo.
339 1627 482 1663 Pinius
510 1626 555 1661 in
574 1623 879 1661 commentario
901 1623 1057 1669 praevio

87 1694 139 1729 ad
168 1693 301 1729 vitam
334 1690 444 1727 Sixti
475 1689 527 1736 11,
560 1688 602 1725 et
634 1689 841 1725 sociorum
869 1687 972 1723 tom.
1005 1686 1057 1721 II.

90 1755 275 1802 Augusti
304 1765 343 1802 p.
377 1754 467 1792 124.
499 1753 601 1789 Lud.
632 1751 809 1788 Jacobus
850 1758 873 1785 a
906 1750 945 1785 S.
978 1749 1054 1785 Ca-

87 1821 175 1856 1010
203 1820 248 1855 111
278 1817 382 1854 Bibl.
414 1813 629 1852 pontificia
660 1823 698 1859 p.
731 1812 825 1848 202.
857 1810 1057 1848 Oldoinus

87 1885 132 1920 in
161 1883 363 1919 Athenaeo
393 1881 582 1916 Romano
613 1887 713 1924 pag.
747 1876 839 1912 614.

172 1943 363 1981 SIXTUS
392 1942 463 1977 III.
494 1942 620 1987 Papa,
653 1941 868 1976 Romanus
905 1938 1056 1985 patria,

91 2010 204 2048 sedit
244 2010 295 2046 ab
335 2017 442 2044 anno
486 2006 684 2043 432-440.
728 2005 965 2051 Epistolam
1005 2002 1058 2038 ad

90 2074 297 2119 Cyrillum
337 2072 590 2117 Episcopum
632 2067 963 2105 Alexandrinum
1007 2075 1059 2101 ex

91 2137 241 2174 Codice
270 2134 474 2171 Vaticano
503 2131 635 2169 edidit
665 2131 871 2167 Batonius
901 2129 954 2165 ad
984 2138 1058 2165 an-

90 2209 193 2236 num
224 2198 316 2234 433.
339 2208 367 2233 11
398 2196 461 2232 12.
487 2204 600 2241 seqq.
624 2194 756 2231 aliam
777 2193 829 2228 ad
854 2192 1057 2227 Joannem

91 2263 341 2308 Episcopum
356 2258 664 2296 Antiochenum
680 2256 779 2294 ibid.
794 2266 834 2291 n.
857 2252 914 2290 17.
929 2262 1057 2291 anam

91 2325 144 2362 ad
190 2325 417 2369 Episcopos
465 2321 692 2359 orientales
731 2329 783 2356 ex
805 2316 1056 2355 Collectione

94 2387 244 2423 Isidori
283 2385 522 2422 Harduinus
558 2383 660 2418 tom.
707 2382 737 2417 1.
777 2381 1056 2417 Conciliorum

93 2464 132 2500 p.
150 2451 267 2489 1735.
298 2451 395 2487 Haeo
425 2446 642 2494 supposita
662 2446 742 2492 est,
775 2448 883 2492 quod
912 2446 1057 2482 multis

91 2513 318 2552 ostendunt
347 2511 557 2556 Launojus
579 2510 713 2555 Epist.
736 2509 806 2544 VI.
838 2510 876 2545 3.
908 2520 947 2545 n.
982 2508 1059 2545 125

93 2589 206 2626 seqq.
249 2577 293 2615 01
334 2574 604 2613 Constantius
646 2574 688 2608 in
730 2573 965 2620 Appendice
1008 2571 1060 2606 ad

91 2641 305 2690 Epistolas
324 2640 607 2676 Romanorum
629 2635 880 2671 Pontificum
904 2645 942 2680 p.
967 2633 1058 2669 114.

91 2706 246 2742 Decem
277 2703 369 2749 ejus
398 2701 441 2738 et
471 2700 522 2736 ad
553 2709 646 2735 eum
690 2696 799 2734 datie
844 2696 1058 2743 Epistolae,

95 2779 190 2805 cum
219 2767 372 2804 notitia
410 2764 665 2809 reliquorum
711 2759 969 2806 Scriptorum
1008 2759 1058 2794 ad

95 2834 236 2879 ipsum
265 2827 583 2877 pertinentium,
626 2823 835 2860 habentur
866 2824 907 2859 in
949 2822 1060 2858 Petri

96 2893 332 2932 Coustantii
361 2889 562 2937 Epistolis
593 2887 874 2922 Romanorum
916 2884 1060 2922 Ponti·

95 2958 220 2994 ficum
251 2966 289 3002 p.
323 2953 441 2992 1231.
474 2950 591 2987 1273.
635 2949 968 2996 Hypoqnostz'con
1009 2948 1061 2983 li-

96 3021 208 3066 bros,
240 3019 311 3065 qui
332 3018 442 3054 inter
472 3015 607 3061 Opera
638 3014 870 3059 Augustini
910 3020 1060 3058 suppo-

96 3082 232 3119 sititia
260 3079 481 3124 habentur,
512 3079 594 3124 ipsi
634 3077 804 3123 quidam
846 3074 1058 3112 tribuunt:

100 3145 174 3182 sed
201 3153 271 3180 cos
294 3141 448 3179 refellit
467 3140 630 3176 Natalis
644 3139 880 3175 Alexander
902 3138 989 3173 Sec.
1012 3138 1061 3172 V.

97 3216 136 3252 p.
154 3206 202 3242 49
218 3214 331 3251 seqq.
346 3204 492 3240 Libros
506 3202 592 3238 tres
606 3201 825 3246 Pelagiani
838 3199 934 3235 huic
947 3198 1063 3235 Sixto

99 3266 421 3315 supposuerunt,
444 3266 491 3303 de
516 3264 707 3311 Divitiis,
731 3264 779 3301 de
812 3263 938 3301 matis
960 3264 1064 3301 Doc-

99 3331 258 3370 toribus
289 3332 327 3368 et
357 3329 538 3378 operibis
568 3328 689 3376 fidei,
736 3328 773 3365 et
814 3327 861 3365 de
897 3326 1064 3372 jndicio

1134 292 1367 330 sententias
1399 289 1636 337 propinant.
1669 286 1870 333 Doletque
1907 284 2111 321 Baronius

1134 358 1186 394 ad
1212 367 1369 393 annum
1401 356 1496 401 440,
1528 365 1568 391 n.
1593 353 1630 400 6,
1654 353 1762 389 haud
1783 351 1944 399 pridem
1965 349 2111 386 eadem

1134 422 1333 467 opuscula
1353 419 1441 455 sine
1476 415 1743 463 diligentiori
1784 412 2115 450 consideratione

1134 484 1302 519 nomine
1328 481 1438 518 Sixti
1459 479 1638 516 Romani
1652 476 1863 514 Pontificis
1884 485 1975 513 esse
1995 481 2108 511 cusa.

1134 544 1383 583 Prodierunt
1405 544 1547 580 autem
1563 543 1704 577 Romae
1727 540 1845 577 1573.
1869 540 1910 585 8,
1932 538 1974 574 et
2005 536 2116 573 Ant-

1135 619 1258 655 verp.
1297 605 1428 644 1575.
1478 605 1528 641 16
1571 603 1716 651 postea
1756 604 1799 639 in
1839 600 2107 639 bibliothecis

1133 672 1208 707 ΡΡ.
1243 669 1469 716 aliquoties
1499 663 1695 713 repetita.
1736 666 1838 702 Vide
1867 665 2105 701 Fabricium

1131 733 1236 771 Bibl.
1269 732 1402 768 Graec.
1436 731 1527 767 Vol.
1562 729 1633 764 XI.
1665 740 1704 775 p.
1738 729 1830 764 403.
1863 728 1979 765 Adde
2013 728 2116 763 Pro-

1134 797 1249 843 speri
1291 794 1500 831 Mandosii
1543 792 1649 829 Bibl.
1704 792 1936 828 Romanam
1991 789 2113 826 Cent.

1131 862 1161 896 Ι.
1194 860 1257 895 67.
1290 859 1396 895 Lud.
1433 856 1578 893 Jacobi
1599 865 1623 891 a
1644 854 1683 891 S.
1707 854 1853 890 Carolo
1875 852 1980 889 Bibl.
2003 852 2109 887 Pon-

1131 924 1309 961 tificiam
1333 931 1432 968 pag.
1456 919 1550 956 203.
1572 917 1738 954 Oldoini
1757 915 2007 951 Athenaeum
2028 915 2112 949 Ro-

1138 997 1311 1024 manum
1363 995 1462 1033 pag.
1517 982 1608 1020 615.
1660 981 1867 1018 Oudinum
1915 979 2028 1015 tomo
2079 978 2111 1012 1.

1139 1063 1225 1099 pag
1247 1050 1366 1088 1169.

1220 1115 1411 1152 SIXTUS
1425 1114 1492 1149 IV.
1509 1113 1632 1149 antea
1645 1111 1892 1148 Franciscus
1907 1109 1956 1145 de
1970 1109 2111 1143 Ruve-

1136 1189 1195 1226 re,
1228 1177 1499 1222 Savonensis,
1531 1175 1626 1212 Ord.
1660 1175 1883 1218 Minoi-um,
1931 1171 2114 1216 Presby-

1132 1243 1197 1280 ter
1219 1241 1454 1278 Cardinalis
1486 1238 1553 1274 tit.
1596 1238 1637 1274 S.
1669 1236 1785 1273 Petri
1826 1235 1879 1272 ad
1920 1235 2114 1278 Vincula,

1134 1306 1296 1344 creatur
1310 1304 1502 1340 Pontifex
1525 1313 1561 1339 a.
1587 1300 1705 1346 1471,
1727 1298 1906 1336 moritur
1928 1307 1968 1344 a,
1991 1297 2111 1333 1484.

1133 1370 1351 1417 Epistotas
1391 1368 1483 1404 eius
1537 1367 1775 1411 complures
1831 1363 1959 1399 habes
2002 1361 2112 1407 apud

1131 1432 1329 1468 Bzovium
1371 1428 1579 1474 Excerpta
1608 1437 1660 1463 ex
1691 1425 1890 1472 Registro
1921 1424 2016 1469 ejus
2062 1424 2111 1458 de

1134 1505 1170 1531 a.
1204 1492 1323 1538 1474,
1360 1490 1531 1528 exstant
1573 1489 1682 1535 apud
1718 1486 1908 1524 Martene
1939 1487 1981 1522 et
2025 1485 2114 1520 Du—

1133 1556 1239 1594 rand
1268 1554 1439 1592 Collect.
1473 1553 1663 1599 ampliss.
1696 1550 1747 1585 II.
1781 1560 1821 1596 p.
1858 1548 1974 1584 1466.
2000 1547 2108 1583 Sunt

1131 1618 1322 1666 0111510111.-
1338 1616 1542 1654 CXXXV.
1575 1614 1815 1662 Epistolanz
1848 1612 1901 1648 ad
1919 1611 2116 1648 Carolum

1132 1685 1279 1720 ducem
1299 1681 1556 1727 Burgundiae
1583 1678 1715 1715 edidit
1728 1677 1922 1714 Baluzius
1944 1676 2116 1713 Miscell.

1132 1747 1200 1782 IV.
1233 1756 1272 1792 p.
1295 1743 1386 1782 527.
1420 1744 1523 1780 Aliae
1552 1739 1611 1789 {in
1641 1741 1790 1777 Codice
1831 1740 2004 1784 Belgico
2036 1739 2117 1774 Mi·

1132 1809 1208 1845 raei
1235 1808 1349 1844 tomo
1382 1806 1433 1841 11.
1466 1816 1505 1851 p.
1541 1803 1662 1840 1266.
1697 1802 1767 1838 111.
1801 1813 1839 1849 p.
1881 1802 1974 1846 212,
2018 1799 2111 1838 216.

1133 1872 1316 1909 Decreta
1355 1870 1433 1907 auo
1465 1869 1513 1905 cte
1540 1867 1655 1915 festo
1702 1865 1992 1912 Conceptz’onis
2033 1865 2116 1899 im-

1135 1934 1370 1973 maculatae
1415 1936 1465 1971 B.
1522 1931 1709 1978 Mariae,
1751 1930 1958 1967 habentur
2003 1929 2116 1964 tomo

1133 1999 1245 2035 VIII.
1278 1998 1559 2035 Conciliorum
1604 1995 1728 2041 Binii,
1763 1993 1805 2031 et
1834 2003 1928 2030 cum
1957 1992 2116 2029 duabus

1134 2064 1231 2101 aliis
1263 2063 1387 2099 bullis
1407 2060 1614 2098 Harduini
1634 2059 1735 2095 tom.
1761 2059 1831 2094 IX.
1856 2068 1953 2104 pag.
1990 2056 2112 2093 1493.

1132 2137 1217 2174 seq.
1249 2126 1297 2161 In
1338 2125 1442 2162 Bibl.
1488 2122 1710 2169 Sfortiana,
1753 2121 1864 2158 teste
1906 2121 2112 2156 Ludovico

1131 2191 1297 2236 Jacobo,
1319 2188 1400 2225 fuit
1421 2186 1641 2224 Tractatus
1674 2185 1755 2221 MS.
1779 2185 1905 2222 Jarz's
1937 2185 2116 2232 conflat

1131 2261 1260 2301 saper
1302 2251 1446 2288 literis
1487 2249 1734 2296 Apostolicis
1778 2247 1898 2284 Sia-ti
1939 2246 2011 2291 IV,
2057 2246 2104 2283 de

1134 2314 1343 2363 aedificiis
1365 2313 1418 2350 act
1440 2312 1632 2350 decorem
1659 2311 1784 2347 Urbis
1800 2309 2112 2347 construendis.

1132 2379 1290 2416 Diarz'a
1320 2377 1412 2423 ejus
1434 2376 1603 2412 diversa
1633 2374 1676 2409 in
1703 2372 1932 2410 Barberina
1961 2371 2109 2407 adser-

1134 2442 1225 2478 vari
1254 2439 1438 2477 testatur
1470 2438 1575 2474 Lud.
1606 2436 1783 2473 Jacobus
1805 2444 1902 2481 pag.
1937 2433 2030 2469 438.

1217 2503 1394 2550 Scripsit
1424 2501 1630 2548 praeterea
1650 2499 1806 2536 libram
1828 2498 1875 2534 de
1907 2496 2114 2543 sanquine

1141 2566 1305 2604 Christi
1339 2567 1378 2603 et
1426 2563 1678 2601 Tractatum
1719 2561 1766 2598 de
1803 2560 1994 2607 potentia
2034 2559 2115 2595 Det

1133 2629 1249 2665 Prior
1279 2626 1434 2673 prodiit
1465 2626 1631 2661 Romane
1657 2621 1773 2659 1470.
1808 2622 1981 2667 uterque
2017 2630 2110 2656 cum

1142 2691 1351 2728 Tractatn
1381 2690 1428 2727 de
1447 2688 1627 2735 fatearis
1649 2685 1999 2733 co7ctin9entz'bas,
2028 2684 2111 2719 Nu-

1134 2756 1247 2792 renb.
1293 2754 1414 2800 1473,
1456 2754 1523 2790 fol.
1557 2753 1604 2790 de
1643 2751 1909 2799 Conceptione
1942 2749 2112 2785 Beatis—

1133 2819 1264 2856 simae
1291 2817 1500 2864 Virqz‘nz's‘,
1523 2816 1674 2853 contra
1697 2822 1867 2851 errores
1887 2812 2111 2858 enjusdam

1141 2881 1397 2918 Car-melitae
1420 2879 1713 2923 Bononiensis,
1741 2877 1858 2912 Rom.
1876 2874 1992 2910 1471.
2017 2875 2108 2919 Ag-

1137 2952 1308 2990 gressus
1338 2952 1498 2989 quoque
1542 2950 1660 2987 opuS,
1693 2941 1736 2975 in
1779 2948 1857 2984 quo
1899 2936 2114 2972 ostendere

1137 3006 1283 3051 voluit,
1316 3006 1365 3042 D.
1398 3006 1602 3041 Thomam
1633 3003 1675 3039 et
1707 3004 1908 3038 Joannem
1942 2999 2110 3036 Scotum

1138 3072 1180 3107 in
1213 3070 1436 3106 sententiis
1469 3068 1710 3110 convenire,
1743 3073 1979 3111 quanquam
2016 3072 2110 3098 ver-

1137 3133 1202 3169 bis
1223 3132 1419 3168 differant
1443 3130 1558 3166 Adde
1593 3128 1880 3174 Waddingum
1902 3127 1950 3162 de
1967 3126 2108 3172 script.

1138 3194 1233 3230 Ord.
1266 3194 1473 3228 Minorum
1505 3202 1541 3237 p.
1575 3189 1656 3226 317
1688 3198 1762 3226 nec
1793 3189 1939 3225 nonin
1962 3189 2103 3225 Anna-

1141 3259 1248 3295 libus
1277 3256 1390 3292 tomo
1420 3256 1467 3290 V.
1512 3254 1583 3299 VI,
1629 3253 1671 3290 et
1713 3252 1803 3287 VII.
1847 3251 1948 3288 Lud.
1992 3252 2112 3288 Jaco-

1140 3324 1237 3359 bum
1270 3331 1293 3357 a
1324 3321 1362 3356 S.
1395 3319 1539 3356 Carolo
1562 3328 1599 3364 p.
1623 3317 1714 3355 203.
1739 3316 1885 3353 Willot
1910 3315 2100 3354 Athenas
