2517 4009
989 211 1230 253 VALLA
2029 210 2106 249 573

110 284 148 322 in
176 294 343 323 numero
371 282 526 322 illorum
551 284 804 335 ingeniorum
839 288 901 323 est
921 283 1071 323 haben-

1199 285 1235 322 6.
1255 283 1318 324 Διί
1339 282 1578 337 Alphonsnm
1601 283 1747 333 Reyem
1770 278 1945 333 Epistola
1967 277 2106 331 Apolo-

109 347 198 397 duS,
217 358 318 397 quae
337 347 560 386 litterarum
587 349 720 387 studia
741 353 836 388 tunc
856 347 1071 386 revirentia
1143 346 1285 397 yetica.
1306 347 1406 386 lluic
1433 349 1604 398 primum
1630 357 1650 384 3
1676 346 1843 383 secretis
1868 343 1954 391 fuit,
1972 347 2108 394 postea

110 411 282 451 muitum
308 411 595 456 instaurarunt,
616 412 912 462 corruptionem
938 409 1074 448 Eccle-

110 474 191 512 siae
238 477 488 524 perspectam
539 473 792 522 habuerunt,
839 475 955 523 eique
1004 475 1073 522 pro

109 535 262 574 viribus
298 534 446 573 mederi
480 535 738 576 studuerunt.
773 537 827 575 De
863 536 945 573 vita
983 533 1073 585 ejus

109 597 234 636 multa
274 608 350 635 non
378 596 501 646 addo,
537 597 585 636 de
630 600 790 650 scriptis
830 597 917 648 ejus
955 596 1072 648 plura

109 660 354 712 prolaturus.

161 722 266 775 (334,
295 722 391 762 Vide
427 723 654 774 Christoph.
680 724 850 775 Poggiali
887 721 1074 762 Memoria

108 785 178 824 int.
211 785 286 825 aila
323 787 407 825 vita
431 798 452 825 e
492 788 565 838 agii
608 789 737 826 scritti
776 787 815 826 di
856 788 898 825 L.
938 785 1072 833 Valla,

107 848 224 887 Pavia
247 847 362 896 4790,
386 848 412 888 8
434 861 519 900 pag.
548 849 636 897 476,
660 856 702 888 et
724 851 761 887 in
802 848 954 888 Bibliot.
998 848 1074 886 Ec-

107 910 329 950 clesiastica
357 913 402 950 T.
429 913 492 950 111.
520 911 618 951 lbid.

163 974 291 1022 Opera
317 972 423 1025 ejus,
447 979 536 1026 post
556 975 839 1013 Collectionem
863 973 1073 1024 opusculo*

109 1048 201 1075 rum
241 1038 442 1076 variorum
484 1038 646 1076 Lovanii
692 1038 794 1077 4483
839 1036 1073 1086 prodierunt

107 1099 283 1138 Basiieae
300 1099 404 1151 apud
425 1101 643 1140 Henricum
664 1101 764 1139 Petri
784 1100 885 1139 1540
909 1105 948 1138 et
967 1099 1071 1138 4543

109 1161 172 1200 101.
199 1162 336 1200 ordine
357 1165 568 1213 sequenti:

162 1225 196 1263 4.
222 1223 532 1276 Eleyantiarum
559 1225 725 1265 Latinae
751 1228 932 1277 Linyuae
967 1223 1081 1264 Libri

111 1288 171 1326 VI.
189 1288 293 1338 quod
311 1299 412 1339 opus
431 1295 580 1339 quanto
597 1301 687 1328 eum
710 1290 851 1339 plausu
870 1293 1075 1338 receptum

106 1351 237 1398 fuerit,
264 1356 468 1391 testantur
489 1352 686 1391 editiones
711 1353 791 1391 fe‘i'e
830 1354 1079 1390 innumerae.

155 1413 287 1452 Editio
326 1416 609 1465 antiquissima
650 1415 726 1453 sub
771 1417 927 1454 initium
964 1418 1080 1462 typo-

110 1475 314 1527 graphiae,
331 1478 418 1515 sine
441 1489 546 1516 anno
571 1482 611 1515 et
629 1477 725 1523 ioco,
749 1478 815 1517 101.
840 1478 951 1515 Rom.
979 1475 1075 1515 4471

106 1539 168 1578 101.
197 1539 340 1579 ibidem
375 1552 445 1592 per
467 1539 691 1580 Arnoidum
728 1542 943 1579 Pannartz.
977 1537 1082 1578 4475

105 1601 167 1641 101.
213 1602 352 1641 Venet.
397 1614 465 1653 per
497 1604 579 1642 Jac.
626 1603 824 1651 Ruinam,
870 1601 972 1640 1476
1018 1601 1084 1639 101.

107 1665 339 1715 Mediolani,
381 1679 450 1718 per
491 1667 585 1705 Phil.
626 1668 828 1717 Lavagna,
871 1666 973 1705 4479
1017 1664 1082 1703 101.

115 1730 212 1769 Ven.
251 1729 366 1769 4483.
404 1731 544 1768 Venet.
580 1742 648 1780 per
683 1732 796 1779 Bapt.
839 1728 887 1767 de
927 1729 1078 1774 Tortis‚

119 1791 224 1833 4486
264 1793 328 1832 101.
354 1793 490 1832 Goion.
518 1793 634 1838 4487,
657 1792 694 1831 4.
734 1794 871 1831 Venet.
899 1803 967 1842 per
987 1793 1080 1829 Ber-

119 1855 330 1894 nardinum
353 1855 401 1894 de
418 1856 599 1904 Novaria,
621 1855 716 1894 4491
743 1855 806 1894 101.
827 1856 924 1894 Cum
948 1855 1078 1893 libello

113 1917 160 1956 de
193 1916 496 1970 pronominibus
531 1918 760 1970 reciprocis,
794 1919 935 1956 Venet.
971 1917 1074 1968 apud

112 1980 446 2031 Christophorum
486 1980 534 2018 de
568 1981 728 2027 Pensis,
757 1978 946 2019 4496101.
983 1990 1074 2017 cum

111 2043 245 2082 libello
266 2042 314 2082 de
332 2043 567 2094 pronomine
588 2043 672 2090 Sui,
693 2048 731 2080 et
751 2042 875 2089 Lima,
894 2054 962 2092 per
981 2042 1073 2080 Ant.

111 2106 409 2145 Mancinelium.
450 2107 591 2144 Venct.
630 2106 730 2144 1499
770 2106 833 2143 101.
869 2104 1075 2143 Mediolani

111 2180 180 2219 per
206 2169 301 2208 Phil.
327 2169 375 2208 de
402 2170 608 2218 Lavagna,
632 2170 747 2217 4475,
777 2168 800 2207 4
827 2180 919 2207 cum
947 2167 1073 2215 Lz'ma,

113 2232 251 2270 Venet.
287 2243 356 2282 per
381 2231 514 2270 Barth.
539 2230 588 2269 de
609 2232 738 2277 Zanis,
763 2231 866 2270 1503
896 2231 957 2270 101.
983 2242 1074 2269 cum

112 2293 243 2333 libello
282 2293 331 2332 de
374 2294 619 2347 reciprocis‘,
663 2292 989 2334 annotationibus
1036 2304 1076 2331 tn

112 2354 381 2406 Rauclensem,
403 2361 443 2395 et
471 2355 634 2408 Dialoyo
655 2357 696 2395 in
718 2357 929 2408 Pofsyium,
953 2357 1074 2396 Paris.

114 2418 218 2470 apud
249 2420 365 2457 Henr.
403 2419 671 2471 Stephanum,
700 2420 816 2466 4520,
843 2421 876 2458 4.
912 2419 1076 2469 Argent.

115 2493 183 2532 per
208 2482 289 2521 Uir.
328 2482 582 2521 Moriiardum
628 2482 728 2522 4521
769 2483 834 2521 101.
869 2481 1076 2522 Editiones

114 2549 332 2596 sequentes
353 2544 444 2584 data
469 2557 585 2596 opera
610 2546 849 2584 omittimus.

168 2607 476 2660 Eleyantiarum
499 2609 621 2662 adeps
647 2622 716 2661 por
752 2611 905 2648 Bonum
928 2607 1072 2647 Accur-

116 2672 220 2710 sium
245 2672 433 2711 Pisanum
458 2672 669 2720 collectuS,
708 2672 834 2711 Paris.
859 2683 928 2723 per
954 2672 1081 2710 Simo-

117 2745 207 2773 nem
245 2735 478 2775 Coiinaeum
508 2734 622 2781 1533,
660 2734 776 2783 4536,
806 2733 918 2782 4543,
943 2735 978 2772 8.
1004 2735 1079 2773 Ρα-

116 2795 332 2848 raplzrasis
368 2795 568 2836 luculenta
603 2801 640 2836 et
672 2795 806 2837 brevis
841 2798 999 2837 Erasini
1041 2798 1078 2835 in

119 2859 193 2898 hoc
213 2859 514 2910 Elegantiarum
541 2860 661 2899 libros
688 2861 827 2900 Coion.
852 2859 967 2909 4529,
992 2859 1027 2898 8.

172 2922 210 2962 2.
233 2920 406 2961 Libellus
421 2920 468 2961 cle
488 2922 799 2975 reciprocatione
815 2924 876 2962 sui
902 2927 942 2961 et
966 2934 1078 2971 suuS,

119 2985 187 3036 qui
212 2986 248 3024 in
275 2985 518 3025 editionibus
544 2987 831 3026 recentioribus
856 2987 1083 3036 Elegantia-

120 3059 209 3088 rum
236 3053 392 3087 tantum
423 3060 498 3087 non
525 3050 714 3088 omnibus
739 3049 966 3087 exhibetur.

175 3111 210 3150 3.
231 3110 410 3150 Antidoti
426 3111 464 3150 in
485 3111 674 3162 Poqyium
690 3110 967 3149 Florentinum
988 3109 1081 3149 libri

122 3173 188 3213 IV.
211 3173 339 3212 Senae
361 3185 430 3224 per
452 3175 571 3212 Henr.
595 3173 641 3212 de
673 3172 865 3212 Harleim.
894 3171 992 3211 4490
1018 3172 1081 3211 101.

177 3233 215 3274 4.
238 3234 433 3288 Αροῖοῃῑιε
452 3238 489 3274 et
502 3234 625 3274 Actus
642 3234 828 3275 Scenicus
850 3234 888 3273 in
905 3234 1081 3273 eundem.

176 3297 214 3337 5.
239 3297 286 3336 In
309 3297 520 3336 Antonium
559 3297 810 3338 [laudensem
847 3297 1078 3337 [innotatio-

122 3371 219 3404 num
243 3358 411 3401 libellus.
438 3361 576 3402 Venet.
600 3373 669 3412 per
695 3361 854 3409 Lucam,
878 3359 994 3409 1481,
1023 3361 1055 3398 4.

1149 415 1281 449 tamen
1308 412 1402 448 iram
1429 409 1517 459 ejus
1543 409 1719 447 incurrit.

1202 473 1238 511 7.
1271 472 1564 511 [avocaverunt
1595 481 1625 509 s.
1659 468 2031 509 Recrinn'nationum
2068 467 2108 506 in

1149 535 1397 573 Beneclictum
1410 533 1645 573 ,iterandum
1662 533 1938 570 Bononensem
1952 529 2108 570 librili.
2139 522 2146 528 ’

1203 600 1225 635 8
1265 598 1311 636 In
1334 596 1509 635 Bartlml.
1533 596 1699 635 lv'acium
1727 595 1910 645 Liyurem
1935 597 1970 632 et
1990 593 2111 632 Anto·-

1148 659 1257 698 nium
1271 660 1540 698 Panormitam
1553 659 1705 697 Recrim
1714 657 1926 696 inationum
1942 654 2038 695 libri
2048 656 2108 694 IV.

1202 723 1239 761 9.
1263 723 1307 760 In
1330 721 1482 760 Bartoli
1505 721 1550 760 (le
1576 720 1754 771 insiqniis
1791 724 1827 758 et
1852 719 1978 758 armis
2003 717 2112 757 libel-

1150 784 1243 832 Ium‚
1268 784 1321 823 ad
1343 783 1565 824 Candidum
1592 782 1864 822 Decembrium
1888 780 2081 833 Epistola.

1205 848 1265 887 40.
1304 848 1360 886 De
1400 846 1615 885 Dialectica
1659 844 1756 884 libri
1792 849 1885 884 tres.
1923 844 2110 894 impressi

1147 906 1242 940 sunt
1267 901 1291 941 4
1316 903 1401 939 sine
1437 903 1636 939 mentione
1671 902 1764 938 anni
1790 905 1829 937 et
1856 900 1945 947 loci,
1974 899 2113 937 Venet.

1151 965 1252 1004 1499
1278 965 1338 1002 101.

1203 1030 1264 1066 41.
1292 1028 1441 1068 Contra
1466 1026 1712 1071 Donationis,
1737 1037 1839 1077 quae
1862 1023 2113 1065 Constantini

1150 1090 1311 1139 (licitur,
1331 1090 1608 1142 privileyium.
1634 1092 1679 1127 ut
1697 1087 1800 1141 falso
1834 1086 2027 1126 creditum
2055 1088 2113 1124 est

1151 1157 1188 1192 et
1227 1154 1475 1203 ementitum,
1521 1151 1790 1197 Declamatio,
1831 1153 1867 1188 in
1914 1148 2116 1188 Fascicuio

1151 1229 1282 1256 rerum
1318 1216 1660 1267 expetendarum,
1692 1220 1730 1252 et
1772 1212 1953 1253 Schardii
1991 1212 2119 1251 Collo-

1152 1282 1281 1318 ctione.
1308 1279 1355 1316 de
1379 1284 1572 1329 potestate
1598 1279 1802 1328 imperiali.

1211 1343 1269 1381 42.
1298 1341 1488 1394 Apologiia
1507 1353 1584 1393 pro
1609 1353 1649 1380 se
1675 1348 1710 1379 et
1737 1344 1877 1378 contra
1903 1336 2121 1377 calumnia-

1157 1410 1274 1454 tores,
1297 1405 1343 1443 ad
1370 1406 1593 1453 Eugenium
1619 1405 1680 1442 IV.
1708 1405 1816 1441 i'ont.
1840 1405 1938 1441 Max.

1215 1468 1277 1506 13.
1303 1467 1362 1506 De
1386 1466 1585 1519 voluptate
1609 1469 1647 1504 et
1670 1477 1764 1505 vero
1790 1464 1885 1503 bono
1921 1462 2017 1502 libri
2039 1463 2113 1501 III.

1159 1531 1277 1569 Basii.
1304 1531 1419 1576 4519,
1442 1530 1479 1569 4.

1215 1595 1275 1633 44.
1304 1593 1502 1633 Delibero
1522 1591 1704 1631 arbitrio.
1734 1591 1878 1631 Prodiit
1912 1603 1987 1630 una
2028 1602 2120 1630 eum

1159 1657 1245 1696 aliis
1261 1658 1464 1708 opusculis
1488 1659 1500 1695 4
1513 1656 1589 1695 482
1617 1656 1677 1694 101.
1700 1657 1785 1694 sine
1808 1657 2009 1692 mentione
2037 1655 2122 1699 loci,

1157 1721 1272 1760 Basii.
1305 1719 1422 1768 1518,
1457 1719 1479 1758 4
1505 1731 1595 1758 cum
1630 1716 1840 1769 Apologia,
1865 1722 1903 1755 et
1929 1718 2118 1768 opusculo

1153 1787 1291 1823 contra
1318 1781 1540 1822 Barlolum.

1207 1847 1253 1884 Et
1296 1846 1390 1884 haec
1415 1845 1575 1896 quidem
1605 1847 1639 1882 in
1681 1845 1918 1884 Collectione
1945 1854 2114 1893 operum

1150 1910 1330 1948 laudata:
1358 1910 1585 1958 Supersunt
1619 1914 1752 1947 autem
1793 1908 1893 1955 alia,
1932 1917 2031 1956 qzeiae
2067 1905 2115 1943 ibi

1150 1974 1295 2012 frustra
1331 1984 1519 2022 quaeres,
1554 1983 1575 2009 a
1603 1972 1719 2009 nobis
1754 1971 1836 2022 jam
1871 1969 2116 2020 suppimda:

1203 2036 1343 2081 Lima,
1369 2036 1508 2074 Venet.
1545 2037 1557 2073 4
1576 2034 1646 2073 482
1685 2034 1732 2072 ab
1765 2034 1934 2071 Antonio
1972 2034 2116 2071 Manci-

1151 2099 1252 2137 00110
1294 2098 1419 2144 edita,
1456 2102 1496 2135 et
1535 2097 1676 2136 ibidem
1710 2096 1828 2141 1497,
1872 2097 1892 2134 4
1933 2096 2116 2146 reperita.

1148 2163 1279 2201 Etiam
1306 2160 1518 2212 aliquando
1540 2171 1631 2199 cum
1658 2160 1768 2198 libris
1794 2159 2116 2210 lilegantiarum.

1205 2223 1480 2263 Historiarum
1498 2222 1532 2261 F
1536 2221 1750 2262 erclinancli
1762 2222 1876 2272 Reyis
1894 2220 2122 2271 Arayoniae

1151 2286 1250 2327 libri
1267 2288 1337 2325 III.
1359 2288 1478 2325 Paris.
1496 2298 1563 2336 per
1582 2286 1674 2324 Rob.
1693 2285 1939 2335 Stephanum
1961 2283 2079 2331 1521,
2101 2284 2122 2321 4

1153 2350 1296 2389 ibidem
1327 2361 1394 2400 per
1431 2350 1634 2387 Simonem
1673 2348 1926 2392 Colinaeum,
1956 2348 1967 2385 4
1981 2346 2072 2389 521,
2099 2344 2123 2384 4

1153 2415 1246 2452 item
1267 2414 1303 2451 in
1325 2412 1514 2463 Hispania
1535 2413 1727 2451 illustrata
1748 2415 1840 2448 tom.
1860 2411 1885 2448 1.
1906 2422 1988 2459 pag.
2009 2406 2115 2446 727.

1205 2479 1342 2516 Sermo
1360 2475 1405 2514 (le
1423 2476 1609 2528 mysterio
1637 2472 1926 2512 Eucharistiae.
1951 2472 2114 2521 ,λι-5001.

1155 2540 1276 2587 4490,
1304 2539 1327 2578 4
1364 2551 1455 2578 curn
1494 2538 1691 2590 Operibus
1730 2536 1942 2582 lactantii,
1984 2535 2123 2573 Venet.

1159 2604 1262 2643 4502
1292 2603 1355 2642 101.

1207 2665 1486 2705 Annotationes
1534 2664 1573 2703 in
1614 2664 1767 2703 Novum
1810 2662 2120 2708 Testamentum,

1153 2732 1274 2769 Paris.
1299 2729 1400 2779 apud
1426 2728 1589 2767 Badium
1618 2727 1719 2766 1503
1747 2726 1809 2764 101.
1834 2724 2114 2763 inscribuntur

1153 2794 1272 2832 etiam
1311 2790 1356 2830 de
1397 2789 1613 2831 Collatione
1650 2788 1753 2828 Novi
1781 2786 2032 2833 Testamenti,
2073 2791 2113 2825 et

1153 2867 1244 2895 cum
1263 2859 1396 2893 annot.
1418 2853 1549 2892 „iacobi
1570 2854 1677 2892 Revii
1697 2851 1927 2902 prodierunt
1953 2848 2120 2888 Amstel.

1156 2920 1272 2966 4631,
1296 2917 1321 2957 8
1347 2918 1537 2968 repetitae
1568 2917 1605 2953 in
1632 2915 1764 2953 Bibiiis
1790 2913 1947 2952 Criticis
1985 2911 2120 2962 Angli-

1157 2984 1282 3021 canis.

1211 3042 1423 3084 Calumnia
1466 3039 1712 3090 Theolwica,
1738 3040 1954 3078 Laurentio
1986 3036 2120 3076 l'allac

1157 3106 1247 3146 olim
1273 3103 1438 3156 Neapoli
1454 3104 1657 3142 intentata.
1675 3101 1780 3153 quod
1795 3104 1986 3150 neqasset.
2003 3101 2117 3152 Sym-

1158 3169 1285 3208 bolum
1313 3166 1560 3205 membratim
1585 3163 1914 3216 articulatimque
1931 3175 2005 3216 per
2021 3164 2123 3216 :ipo-

1156 3231 1272 3272 stolos
1306 3241 1387 3269 esse
1409 3227 1679 3279 compositum.
1708 3227 1800 3278 Ipso
1840 3227 1964 3266 Laur.
2007 3226 2118 3267 Valla

1155 3299 1306 3334 autore.
1334 3294 1497 3341 Argent.
1521 3292 1635 3337 ⁴522,
1661 3290 1697 3329 4.

1207 3358 1417 3398 Comment.
1441 3353 1479 3393 in
1503 3352 1748 3401 Sallustium,
1775 3353 1811 3391 in
1837 3353 2007 3392 editione
2030 3352 2104 3391 Ve-
