2533 4009
519 287 590 326 ¹22

514 358 752 396 tislai·iensi's
805 360 933 392 terrac
973 362 1045 402 per
1095 351 1286 389 Joannem
1329 352 1469 403 Reyem

521 420 729 459 nehemiae
757 418 904 467 factam
946 412 1242 465 praejudicium
1272 413 1466 452 Ecclesiae

517 483 627 520 Rom.
669 484 904 517 causaretur
924 476 1054 526 sactae
1069 487 1138 527 per
1153 476 1198 514 P.
1223 475 1266 513 de
1293 476 1468 515 Alverna

512 542 703 581 nuncium
742 537 1012 589 Apostolicuni
1052 538 1095 576 in
1135 537 1322 588 partibus
1355 538 1466 576 Polo-

510 606 607 642 niae.
627 604 665 639 in
694 600 919 652 praesentia
948 600 1042 639 dicti
1073 600 1202 650 Reqis,
1233 612 1352 651 quam
1375 612 1466 651 pro-

510 665 755 703 testationem
798 662 900 700 idem
932 673 1006 700 rex
1047 669 1210 713 qratam
1262 661 1399 701 habuit
1428 670 1464 701 ct

509 726 649 765 obtulit
677 738 715 764 se
741 732 934 776 paratum
977 724 1129 763 obedire
1160 724 1239 762 sedi
1267 724 1463 775 Apostoli-

508 801 586 826 cae.
614 787 765 826 Datum
790 788 831 825 in
860 787 1018 826 civitate
1053 786 1385 826 Wratislaviensi.
1414 786 1461 824 A.

505 852 552 889 Ι).
590 850 688 900 1527
717 850 777 888 die
807 849 921 889 VIII.
952 850 1094 887 mensis
1123 849 1267 900 Aprili.

560 914 619 952 LI.
649 914 746 951 Item
769 919 860 951 sunt
891 912 988 950 duae
1009 911 1192 962 epistolae
1216 910 1383 948 eiusdem
1408 918 1462 949 te-

506 975 617 1014 noris
645 974 807 1013 diversis
838 973 976 1024 siqillis
1012 972 1210 1023 sigillatae
1252 973 1459 1011 continen-

506 1045 560 1077 tes
585 1038 796 1088 finantiain
830 1048 900 1087 per
928 1036 1029 1074 cives
1060 1041 1096 1073 et
1125 1034 1277 1073 incolas
1306 1034 1458 1073 culmen

500 1112 546 1139 ac
557 1099 818 1137 Pomeraniae
846 1097 1181 1138 Wratislaviensis
1205 1096 1391 1135 dioecesis
1416 1097 1462 1135 de

504 1163 670 1200 denario
698 1160 747 1198 B.
779 1161 889 1198 Petri
913 1171 988 1211 pro
1011 1159 1230 1210 arreqariis
1259 1159 1460 1198 Romanae

504 1224 701 1262 Ecclesiae
729 1223 880 1261 debitis.

557 1287 632 1325 LII.
666 1287 762 1324 Item
783 1287 957 1337 qualiter
973 1285 1133 1336 scripsit
1150 1285 1325 1324 Joannes
1345 1285 1460 1336 Papa

502 1348 637 1387 XXII.
676 1347 869 1399 Episcopo
914 1347 1231 1388 Wratislaviensi
1260 1348 1330 1399 qui
1356 1360 1458 1386 com-

499 1411 730 1462 positionem
760 1418 794 1448 et
816 1412 1028 1463 finantiam
1045 1411 1193 1461 factam
1220 1411 1325 1449 inter
1348 1411 1454 1449 inco>

505 1475 562 1512 las
591 1480 627 1512 et
653 1474 751 1512 cives
786 1472 962 1512 Culmen.
988 1479 1022 1512 et
1045 1473 1304 1512 Pomeraniae
1329 1473 1371 1511 de
1395 1473 1456 1511 de-

503 1537 621 1575 nario
649 1535 697 1574 B.
728 1536 839 1574 Petri
867 1535 1044 1574 solvendo
1071 1548 1141 1586 per
1174 1536 1273 1586 ipsos
1314 1542 1454 1586 qratas

503 1606 537 1637 et
566 1605 676 1637 ratas
707 1598 844 1637 habuit
875 1604 910 1636 et
941 1597 1052 1636 habet
1079 1597 1178 1635 dans
1207 1598 1326 1635 eidem
1361 1598 1455 1650 Epi-

503 1674 616 1712 scopo
633 1667 865 1712 potestatem
882 1672 942 1698 eos
957 1659 1177 1698 absolvendi
1193 1671 1216 1697 a
1236 1661 1453 1707 sententiis,
1488 1680 1493 1688 -

502 1737 602 1776 quas
630 1725 890 1762 incurrerant
920 1734 970 1760 ex
997 1721 1270 1760 retardatione
1292 1722 1454 1761 solutio-

501 1787 563 1824 nis
614 1785 769 1823 denarii
818 1783 1040 1829 antedicti;
1083 1790 1121 1822 et
1160 1784 1454 1822 constituerunt

497 1854 779 1898 procuratores
824 1859 917 1885 suos
945 1846 1038 1884 dicti
1080 1845 1257 1894 incolae,
1289 1851 1325 1884 et
1353 1847 1455 1885 cives

497 1909 822 1962 quijuracerunt
848 1910 889 1947 in
911 1910 1066 1947 animas
1086 1920 1223 1948 eorum
1245 1909 1448 1960 perpetuis

500 1973 741 2024 temporibus
768 1972 915 2011 soli-ere
933 1971 1162 2023 praefatum
1175 1971 1385 2010 denarium
1408 1971 1457 2010 B.

498 2035 612 2074 Petri
627 2047 807 2074 camerae
823 2034 1070 2086 Apostoticae
1087 2034 1125 2071 in
1146 2033 1456 2084 Quadraqesima

499 2098 642 2135 Actum
674 2108 775 2135 anno
805 2097 849 2135 D.
887 2097 1001 2136 4343.
1034 2097 1067 2134 4.
1112 2097 1367 2135 Pontificatus
1412 2098 1451 2134 D.

499 2161 662 2198 Joannis
705 2161 840 2211 Papae.
872 2160 944 2199 An.
977 2161 1037 2199 49.

554 2223 649 2261 LIII.
680 2224 777 2260 Item
810 2228 1110 2274 transumptum
1142 2223 1262 2261 unius
1301 2223 1452 2262 instru·

499 2286 619 2323 menti
650 2284 803 2335 Septem
832 2284 974 2335 siqillis
997 2283 1213 2334 siqillatum
1242 2297 1370 2336 supra
1393 2297 1451 2322 so-

500 2347 648 2385 lutione
678 2346 847 2385 eiusdem
876 2358 1028 2385 census.
1058 2348 1200 2387 Datmn
1233 2349 1337 2387 XIII.
1370 2348 1451 2386 Cal.

498 2409 596 2458 Maji.
628 2408 673 2447 A.
703 2410 745 2447 D.
780 2410 894 2448 4335.
926 2410 1064 2448 Pontis.
1100 2409 1138 2447 d.
1165 2411 1227 2448 Jo.
1247 2409 1470 2449 XX11.49.'

550 2472 642 2510 LIV.
664 2473 760 2510 Item
790 2472 982 2522 quaedam
1009 2472 1143 2511 literae
1170 2477 1352 2523 patentes
1380 2471 1451 2511 Co-

496 2535 660 2572 mitatus
693 2533 907 2572 cracoviae.
949 2534 1118 2572 directae
1148 2533 1199 2572 1).
1241 2534 1451 2573 Benedicta

497 2596 628 2646 Papae
653 2595 748 2635 XII.
778 2597 820 2634 in
849 2596 991 2647 quibus
1015 2595 1192 2634 consules
1216 2596 1341 2635 dictae
1361 2597 1450 2635 civi-

501 2659 597 2696 tatis
628 2671 666 2696 se
696 2658 829 2696 debere
854 2658 1036 2709 fatentur
1065 2665 1194 2697 certas
1216 2670 1368 2709 qranas
1383 2671 1451 2697 seu

495 2720 797 2769 qranatusauri
812 2727 848 2759 et
865 2720 1043 2759 nonnull.
1062 2732 1198 2758 eorum
1217 2722 1315 2759 cives
1331 2722 1448 2759 etiam

497 2781 756 2832 sinqulariter
783 2782 884 2820 alias
911 2795 1061 2833 prunas
1091 2783 1154 2821 liic
1182 2789 1449 2835 expressatas.

496 2844 638 2882 Datum
670 2844 883 2882 Cracoviae
913 2846 975 2883 25.
1006 2844 1067 2882 die
1096 2844 1182 2894 Maji
1211 2857 1274 2883 an.
1306 2846 1420 2884 4336.

549 2905 622 2944 LV.
656 2906 752 2943 Item
784 2905 895 2943 aliud
915 2907 1226 2945 instrumentum
1245 2906 1446 2957 publicum

494 2969 696 3006 continens
712 2968 863 3018 copiam
881 2967 1113 3014 literarum,
1138 2973 1173 3006 et
1191 2980 1445 3018 processuum

494 3037 635 3068 contra
670 3030 1053 3077 Wratislaviensem‚
1084 3030 1283 3068 occasione
1306 3041 1444 3068 census

494 3092 648 3130 denarii
676 3091 723 3129 B.
760 3091 873 3131 Petri
913 3093 1066 3144 sactum
1099 3094 1139 3131 in
1179 3092 1444 3143 praesentiam

495 3153 744 3192 Nautiorum
772 3145 1020 3206 apostolicor.
1048 3156 1090 3194 in
1116 3155 1299 3207 partibus
1329 3153 1444 3192 Polo-

494 3215 583 3252 niae
625 3215 914 3256 destinatorum
957 3217 1037 3256 sub.
1069 3218 1145 3256 An.
1176 3217 1223 3255 D.
1257 3217 1357 3267 1329
1384 3217 1445 3255 die

500 3289 530 3314 1.
549 3277 646 3315 Νου.
668 3277 808 3329 Pontis
826 3280 872 3316 D.
902 3280 1103 3318 Benedicti
1123 3279 1208 3319 PP.
1233 3279 1319 3318 XII
1335 3278 1380 3316 A.
1406 3279 1442 3316 5.

549 3339 639 3377 LVI.
673 3340 771 3378 Item
809 3354 931 3380 unum
978 3343 1101 3381 Aliud
1130 3343 1443 3380 instrumentum

501 3399 714 3438 Continens
743 3406 932 3452 quomodo
961 3404 1138 3443 Ainestes
1167 3404 1241 3456 Ep.
1280 3404 1442 3455 Traqeii.

1306 281 1678 322 NICOLAUS

1542 352 1782 391 auctoritate
1825 351 1935 391 Sedis
1971 352 2217 404 Apostolicae
2258 351 2303 390 de
2345 351 2493 391 civibus

1541 426 1608 453 seu
1629 412 1919 452 habitatoribus
1944 414 2395 465 Wratislaviens.Re9ni
2417 414 2494 453 Po-

1544 477 1672 515 Ioniac
1702 475 1847 526 recepit
1875 475 2079 515 solemnem
2107 476 2381 527 obliqationem
2423 489 2491 515 su-

1535 551 1608 590 per
1637 537 1828 577 solutione
1858 536 2009 576 denarii
2033 537 2079 576 B.
2100 537 2214 577 Petri
2242 544 2286 577 ut
2314 537 2490 578 videlicet

1543 614 1567 638 α
1597 600 1766 652 quolibet
1792 598 1965 637 humano
1989 600 2114 650 capite
2138 601 2357 652 recipiatur
2385 612 2489 639 unus

1543 663 1732 701 denarius
1760 660 1927 712 sinqulis
1950 662 2069 699 annis
2091 662 2295 702 solvendus
2314 663 2357 701 in
2381 662 2489 712 Qua-

1538 726 1759 776 draqesima
1788 731 1823 762 et
1852 723 2042 775 quomodo
2071 725 2213 763 amovit
2241 738 2266 764 a
2295 725 2396 764 dicto
2436 724 2488 763 lo·

1539 801 1584 827 co
1612 788 1849 826 sententiam
1878 786 2080 825 interdicti
2109 785 2157 824 Α.
2187 785 2236 825 D.
2276 786 2387 833 1545.
2429 787 2487 826 die

1540 862 1599 900 ¹7-
1629 849 1863 888 Decembris.

1587 913 1697 950 LVII.
1729 913 1828 950 Item
1857 917 1893 951 et
1922 910 2116 962 quaedam
2136 909 2220 948 alia
2238 915 2376 962 patens
2401 911 2482 950 lite*

1534 984 1582 1012 ra
1608 973 1656 1012 D.
1687 972 1732 1011 C.
1756 973 1891 1025 Papae
1919 973 1984 1013 VI.
2009 974 2132 1011 missa
2149 984 2219 1024 per
2249 972 2486 1026 Episcopum

1537 1036 1777 1087 Praqensem
1805 1035 2044 1088 notificando
2071 1034 2191 1074 eidem
2219 1036 2481 1086 concordiam,

1536 1105 1571 1137 et
1602 1110 1646 1136 ea
1686 1111 1786 1150 quae
1815 1098 2071 1137 continent-ur
2100 1098 2141 1136 in
2169 1097 2397 1149 supradicto
2424 1099 2485 1137 in-

1536 1166 1770 1199 strumento.
1795 1160 1937 1200 Actum
1964 1161 2037 1199 An.
2063 1161 2107 1199 D.
2134 1160 2235 1199 4343
2264 1159 2325 1199 die
2346 1162 2485 1200 XVIII.

1537 1223 1777 1262 Decembris.

1590 1286 1720 1325 LVIII.
1752 1287 1849 1324 Item
1881 1292 1937 1324 est
1966 1285 2158 1336 quaedam
2181 1285 2265 1324 alia
2283 1292 2420 1338 patens
2439 1285 2484 1324 li·

1533 1354 1618 1386 tera
1649 1348 1768 1386 Ducis
1798 1348 1842 1386 de
1870 1347 2077 1387 Evvidines
2115 1347 2296 1386 dioecesis
2331 1347 2483 1389 Wrati-

1530 1409 1738 1448 slaviensis
1755 1422 1873 1461 super
1897 1410 2146 1449 ordinatione
2170 1409 2378 1449 solutionis
2395 1422 2481 1449 cen-

1530 1484 1598 1511 sus
1628 1472 1785 1510 denarii
1828 1472 1876 1510 B.
1919 1472 2032 1511 Petri
2060 1472 2236 1524 deinceps
2278 1473 2322 1511 in
2347 1485 2479 1524 perper

1533 1541 1646 1573 tuum
1675 1535 1888 1573 annuatim
1911 1547 1987 1586 pro
2016 1535 2184 1586 quolibet
2221 1547 2381 1586 corpore
2410 1535 2480 1574 liu-

1532 1608 1648 1635 mano
1694 1609 1870 1635 camerae
1899 1596 2144 1648 Apostolicae
2185 1597 2382 1643 solvendo,
2410 1610 2478 1637 εω-

1530 1659 1647 1711 ceptis
1676 1659 1829 1698 clericis
1859 1666 1893 1698 et
1923 1659 2118 1698 nobilibus
2147 1671 2237 1698 cum
2261 1659 2354 1699 aliis
2383 1660 2478 1699 civi-

1532 1721 1681 1760 tatibus
1712 1722 1822 1760 illius
1852 1722 2060 1761 districtus
2088 1722 2132 1761 de
2161 1724 2288 1762 eodem
2317 1724 2481 1775 neqoti0‚

1530 1783 1582 1821 ad
1628 1796 1747 1836 quam
1787 1784 2020 1824 solutionem
2055 1796 2192 1824 census
2233 1786 2364 1837 futuri
2391 1798 2482 1825 cum.

1529 1846 1619 1884 aliis
1647 1846 1875 1885 civitatibus
1919 1846 2028 1885 illius
2070 1847 2276 1887 districtus
2319 1849 2362 1887 de
2390 1860 2481 1888 con*

1532 1920 1649 1947 sensu
1679 1908 1775 1947 dicti
1804 1907 1928 1947 Ducis
1952 1917 2232 1949 concesserunt
2246 1922 2357 1962 posse
2380 1923 2480 1950 com-

1526 1971 1622 2023 pelli
1662 1984 1735 2023 per
1779 1984 1988 2011 censuram
2017 1972 2338 2012 Ecclesiasticam
2377 1973 2481 2012 dein·

1530 2046 1647 2085 ceps;
1678 2034 1722 2072 de
1746 2034 1965 2085 praedictis
1994 2046 2083 2074 vero
2111 2035 2288 2075 censibus
2315 2048 2393 2074 non
2421 2049 2482 2075 so—

1532 2095 1625 2135 lutis
1667 2096 1996 2135 concordaverint
2039 2098 2082 2135 in
2115 2097 2247 2148 forma
2281 2104 2390 2137 certa
2420 2097 2480 2136 liic

1528 2170 1728 2210 expressa.
1773 2159 1921 2198 Actum
1967 2158 2186 2198 Avvindicz
2215 2159 2260 2199 A.
2290 2161 2333 2199 D.
2365 2161 2479 2200 ⁴352.

1529 2223 1576 2260 X.
1609 2222 1689 2260 Cal.
1721 2222 1860 2260 Martii.

1581 2285 1676 2322 LIX.
1709 2285 1806 2322 Item
1837 2283 1934 2322 aliae
1963 2283 2118 2322 Literae
2158 2296 2248 2323 cum
2272 2284 2408 2336 siqillis
2424 2283 2477 2323 ci-

1525 2346 1696 2384 vitatum
1727 2345 1910 2384 Due-atus
1950 2345 2165 2385 Evvindicz
2204 2358 2320 2398 super
2361 2358 2480 2386 censu

1526 2407 1683 2446 denarii
1704 2407 1752 2445 B.
1773 2407 1886 2446 Petri
1908 2408 1949 2445 in
1972 2407 2149 2447 Dioecesi
2179 2407 2477 2449 Wratislavien-

1527 2470 1582 2508 sis
1609 2481 1699 2508 cum
1727 2469 1817 2508 aliis
1847 2481 1965 2521 super
2011 2469 2140 2509 eodem
2183 2470 2365 2521 meqocio.
2401 2471 2477 2509 Ac-

1527 2537 1610 2570 tum
1642 2532 1862 2570 Evandicz
1885 2532 1930 2571 A.
1956 2533 2001 2571 D.
2023 2533 2136 2573 4352.
2158 2533 2206 2572 X.
2232 2533 2311 2573 Cal.
2337 2534 2473 2573 Martii.

1582 2593 1661 2632 LX.
1715 2597 1864 2633 Literae
1912 2595 2190 2634 testimoniales
2237 2596 2286 2634 D.
2337 2594 2475 2635 Caroli

1526 2656 1622 2709 Imp.
1654 2657 1871 2696 Romanor.
1900 2658 1943 2696 in
1971 2657 2113 2710 quibus
2140 2659 2350 2710 confitetur
2372 2658 2475 2710 quod
2531 2663 2533 2669 ’

1524 2720 1712 2759 denarius
1757 2720 1805 2758 B.
1835 2719 1947 2758 Petri
1976 2721 2023 2759 E.
2053 2720 2102 2759 R.
2134 2720 2256 2759 levari
2291 2719 2394 2759 debet
2430 2721 2472 2758 in
2530 2711 2533 2744 ἶ

1524 2784 1644 2822 certis
1677 2783 1858 2822 terminis
1887 2783 1948 2820 liic
1974 2783 2194 2833 expressis,
2219 2781 2368 2821 absolvi
2397 2795 2473 2834 per

1517 2852 1742 2896 praesentes
1767 2844 1900 2882 literas
1920 2844 2132 2896 praecepit.
2152 2846 2296 2883 Datum
2326 2846 2470 2896 Pragae

1521 2907 1566 2945 A.
1596 2907 1641 2944 D.
1671 2906 1784 2945 4357.
1829 2906 1930 2945 XVI.
1971 2906 2053 2946 Cal.
2097 2906 2183 2958 Maji
2214 2908 2369 2958 Imperii
2408 2909 2468 2946 sui

1520 2980 1623 3007 anno
1654 2969 1688 3006 3.

1574 3031 1657 3068 LXI
1702 3031 1800 3069 Item
1830 3032 2002 3083 quinque
2021 3033 2288 3072 instrumenta
2305 3031 2468 3084 publica

1518 3091 1559 3129 in
1588 3091 1726 3143 quibus
1756 3092 1934 3132 Nuntius
1959 3094 2206 3146 Apostolicus
2228 3101 2265 3134 et
2286 3093 2468 3133 collector

1518 3155 1559 3192 in
1577 3154 1764 3206 partibus
1793 3154 1982 3196 Poloniae
2010 3158 2216 3210 confitetur
2245 3168 2282 3194 se
2304 3157 2467 3208 recepis·
2521 3167 2524 3207 Γ

1519 3230 1556 3255 se
1586 3230 1610 3255 a
1641 3216 1844 3257 Praelatis
1874 3219 1936 3258 liic
1965 3220 2158 3271 eoepressis
2199 3225 2295 3258 tunc
2342 3218 2465 3258 Colle·
2520 3248 2521 3266 2

1517 3279 1690 3319 oloribus
1718 3281 1875 3319 denarii
1905 3281 1952 3320 B.
1982 3282 2096 3321 Petri
2124 3280 2319 3320 Ecclesiae
2349 3282 2462 3322 Rom.
2518 3271 2522 3299 ³

1518 3343 1635 3381 debiti
1657 3351 1785 3383 certas
1814 3345 1998 3384 marchas
2026 3351 2061 3383 et
2086 3344 2275 3396 pecunias
2303 3345 2462 3395 arqenti
2517 3334 2518 3339 ¹

1518 3404 1580 3443 liic
1609 3411 1814 3445 contentas
1842 3412 1876 3445 et
1902 3419 1973 3458 per
2001 3418 2090 3446 eum
2118 3412 2303 3459 receptas.
2339 3406 2387 3446 A.
2415 3407 2459 3446 D.
2516 3416 2517 3421 ¹
