2533 4009
451 258 529 296 205

446 327 651 366 Fulgentio
677 324 760 358 sine
786 318 953 360 litteris,
979 314 1027 350 de
1055 323 1132 362 quo
1157 312 1237 348 dixi
1280 322 1400 360 supra

447 367 539 425 tons.
568 387 588 421 2
614 394 695 432 pag.
724 378 813 415 621.
840 375 976 420 Qualis
1000 374 1052 410 sit
1077 370 1236 409 liber-cie
1258 371 1399 409 Gram-

448 447 588 484 maticu
610 472 617 488 ,
638 442 685 478 de
709 448 787 487 quo
808 435 1052 473 'I‘rithemius
1067 463 1077 480 ,
1105 432 1166 469 vel
1187 430 1400 482 Speculum

449 503 643 543 Ecclesiae
667 498 853 546 seripium
892 496 1096 538 carmine,
1134 492 1237 542 quod
1279 504 1401 531 manu

445 569 649 603 exaratum
690 563 823 596 exstat
862 558 898 594 in
925 556 1090 606 Angliae
1121 553 1400 600 Bibliothecis,

446 623 643 671 dicetxqui
677 619 822 656 viderit
852 622 892 656 et
921 617 1130 655 evolverit.

499 688 518 703 ⁴
549 684 673 721 liuius
702 679 819 718 Petri
852 679 899 718 cle
939 678 1039 728 Rigya
1081 677 1247 716 celebris
1278 677 1314 713 in
1347 675 1403 713 hi-

448 746 564 783 storia
608 743 777 780 literaria
820 741 916 779 liber
952 745 1039 787 est,
1070 739 1118 776 de
1153 749 1230 788 quo
1269 737 1404 787 plures

445 809 577 854 agunt.
609 804 797 848 Quaestio
828 812 920 840 vero
945 805 1007 838 est
1031 809 1176 849 anceps
1201 809 1249 836 an
1277 802 1401 835 totam

448 867 684 915 scripturam
716 865 878 901 metrice
921 862 1176 911 exposuerit,
1207 859 1291 896 sive
1320 868 1408 907 por—

446 929 590 964 tionem
623 923 926 972 tantummod03
958 923 1109 970 reliqua
1142 931 1236 956 vero
1266 920 1405 956 Petrus

445 987 634 1038 Aegidius
677 985 935 1036 suppleverit.
982 983 1075 1021 Phil.
1119 981 1252 1019 Jacob.
1295 981 1408 1017 Lam-

445 1051 602 1088 bacher.
637 1050 676 1086 V.
708 1059 740 1085 c.
773 1049 809 1084 in
842 1057 912 1084 sua
943 1044 1038 1083 Bibl.
1070 1043 1234 1091 antiqua
1265 1039 1408 1078 Vindo-

446 1112 534 1149 bon.
564 1110 686 1148 civica
718 1119 803 1158 pag.
836 1108 897 1144 62.
939 1108 1104 1144 annotat
1143 1105 1179 1140 in
1222 1101 1406 1139 Codicem

445 1171 570 1209 eiusd.
598 1169 778 1207 Biblioth.
805 1168 1029 1217 pertingere
1046 1164 1253 1204 authorem
1280 1173 1406 1212 usque

446 1233 492 1271 ad
525 1233 668 1270 librum
708 1229 842 1277 Ruth3
873 1229 962 1267 dein
1008 1226 1223 1266 succedere
1256 1225 1293 1261 in
1324 1224 1407 1262 lau-

447 1296 536 1333 dem
569 1295 609 1331 B.
638 1295 686 1331 M.
716 1293 759 1330 V.
797 1301 957 1329 carmen
1001 1289 1175 1339 elegans.
1218 1288 1318 1325 Tum
1361 1287 1404 1324 N.

449 1355 692 1393 Testamenti
729 1353 932 1390 historiam
976 1347 1252 1388 tantummodo
1287 1358 1409 1385 evan-

447 1417 611 1467 gelicam
641 1415 828 1463 adiungi3
859 1424 908 1450 ex
938 1423 1016 1461 quo
1049 1411 1191 1448 inferre
1221 1420 1264 1446 se
1292 1418 1408 1458 posse

451 1488 526 1514 non
565 1475 810 1526 improbabili
855 1475 1082 1512 coniectura
1112 1475 1276 1518 censet,
1308 1470 1409 1506 intra

450 1549 518 1576 eos
551 1539 650 1575 lines
679 1538 837 1575 Petrum
871 1547 959 1574 sese
989 1534 1234 1573 continuisse
1253 1563 1264 1580 ‚
1304 1529 1407 1580 quod

451 1606 490 1637 vt
519 1600 728 1637 confirmat
770 1598 1010 1636 authoritate
1055 1595 1210 1634 ilenrici
1255 1591 1411 1630 Ganda-

454 1663 590 1699 vensis
620 1660 668 1698 de
699 1661 833 1709 script.
878 1659 1029 1697 Eccles.
1060 1668 1093 1693 c.
1123 1656 1186 1694 22.
1218 1652 1411 1691 tradentis

451 1726 608 1761 l'etrum
628 1722 837 1770 scripsisse
855 1721 891 1756 in
908 1717 1202 1769 Eptateuchum
1219 1715 1320 1753 duos
1339 1714 1411 1750 Re-

449 1795 541 1832 gum
581 1787 620 1820 et
664 1782 891 1831 Evangelia.
937 1779 1061 1817 Ambo
1092 1788 1185 1815 vero
1215 1782 1255 1814 et
1283 1775 1406 1814 codex

449 1852 487 1883 et
518 1846 712 1883 I‘Ienricns
753 1842 931 1882 eiusdem
974 1852 1064 1879 cum
1106 1841 1219 1877 Petro
1262 1837 1413 1876 saeculi

449 1913 555 1945 sunt.
588 1906 786 1944 Carminis
816 1904 863 1941 de
894 1905 935 1941 B.
966 1903 1008 1940 V.
1040 1912 1155 1939 nemo
1194 1901 1296 1938 alius
1326 1910 1408 1936 mc-

450 1969 587 2016 minit3
618 1969 711 2016 quin
743 1971 782 2003 et
812 1964 952 2003 deesse
980 1965 1033 2001 ait
1058 1964 1095 2000 in
1122 1967 1274 2012 septem
1300 1958 1404 1998 MSS.

449 2028 570 2067 ijodd.
601 2027 779 2066 eiusdem
811 2037 871 2076 op.
902 2026 967 2075 qui
1000 2026 1038 2061 in
1083 2025 1276 2061 Caesarea
1315 2022 1407 2059 Vin-

450 2091 590 2128 dobon.
619 2088 857 2128 Bibliotheca
903 2090 1178 2125 asservantur.
1218 2082 1407 2122 Eiusdem

452 2152 640 2190 carminis
671 2149 874 2200 prologum
907 2147 1049 2185 ibidem
1082 2147 1235 2184 recitat.
1260 2145 1302 2183 In
1324 2144 1409 2182 cod.

451 2214 540 2250 688.
575 2213 711 2249 Latino
741 2211 974 2248 Taurinensi
1007 2219 1108 2246 saec.
1154 2208 1256 2245 XIII.
1300 2209 1410 2244 extat

450 2275 608 2324 pariter,
634 2282 732 2322 opus
759 2270 861 2309 istud
888 2271 988 2308 I‘etri
1010 2269 1058 2307 de
1081 2270 1186 2319 Riga,
1209 2268 1276 2306 sed
1295 2268 1409 2317 longe

451 2336 632 2381 auctius,
663 2344 780 2382 quam
827 2333 879 2369 sit
923 2333 959 2368 in
1005 2330 1098 2369 Cod.
1145 2330 1409 2376 Germanic03

455 2408 544 2434 nani
578 2399 734 2445 praeter
763 2394 906 2431 librum
951 2392 1055 2430 Ruth
1089 2396 1200 2430 extat
1230 2391 1279 2428 ibi
1311 2391 1411 2440 pari-

454 2463 513 2495 ter
544 2458 640 2495 liber
672 2455 841 2503 Tobiae,
872 2454 1072 2500 Danielis,
1102 2452 1240 2491 Judith
1259 2481 1267 2497 ,
1296 2452 1414 2489 Est-er

454 2523 488 2556 in
521 2520 636 2556 cuius
667 2517 753 2555 libri
786 2516 863 2554 fine
894 2517 949 2554 sic
980 2515 1167 2554 scribitur
1211 2512 1328 2552 Liber
1357 2524 1416 2551 se-

450 2584 549 2617 :1rtus
578 2582 724 2628 Requm
755 2576 936 2627 emplicit.
964 2577 1063 2614 Tum
1100 2576 1246 2614 dantur
1288 2574 1416 2612 Maca-

453 2642 566 2688 bavi,
607 2643 672 2690 qui
719 2639 962 2678 clauduntur
1007 2638 1078 2676 hac
1121 2637 1414 2676 admonitione:

451 2702 616 2754 emplicit
628 2705 740 2740 vetus
755 2701 1054 2739 Testamentum.
1075 2699 1304 2738 Secundum
1320 2698 1416 2736 hacc

453 2770 541 2815 post
579 2763 862 2814 praefationem
909 2761 1207 2811 subiunguntur
1246 2763 1417 2809 quatuor

453 2824 658 2873 evangelia
679 2825 853 2861 carmine
874 2822 1074 2860 adstricta.
1092 2822 1194 2858 Pone
1214 2821 1413 2870 sequitur:

457 2886 594 2925 Passio
638 2886 681 2922 D.
725 2885 771 2922 N.
801 2885 835 2921 J.
883 2883 923 2922 C.
969 2881 1191 2922 Secundum
1234 2885 1408 2931 quatuor

457 2946 744 2998 Evansselistas.
778 2947 820 2983 In
853 2945 955 2983 line:
987 2942 1167 2994 Eecplicit
1197 2943 1243 2980 N.
1285 2943 1413 2980 Testa-

456 3012 626 3047 mentum
657 3008 853 3046 Continuo
871 3005 1029 3043 additur
1047 3018 1054 3042 ς
1076 3003 1273 3054 Incipiunt
1294 3014 1416 3052 (κερο-

459 3071 618 3107 sitiones
644 3069 760 3106 totius
787 3066 882 3105 libri
903 3072 941 3106 et
959 3066 1088 3118 primo
1128 3065 1211 3104 sine
1247 3064 1293 3102 A.
1330 3065 1413 3110 Qua

461 3131 639 3168 absoluta
669 3132 839 3180 epitome
869 3129 1072 3167 adduntur
1101 3125 1222 3164 Actus
1253 3125 1413 3175 Aposto-

463 3189 599 3227 lorum.
631 3192 689 3228 Ex
722 3191 794 3228 hoc
833 3189 925 3228 Cod.
957 3190 1183 3227 coniectura
1221 3186 1325 3226 haud
1360 3188 1414 3223 in—

461 3261 631 3297 congrua
649 3250 872 3289 traheretur
896 3249 1107 3301 Aegidium
1130 3250 1282 3287 nonnisi
1303 3259 1414 3286 recu—

460 3308 723 3359 Jnlnlulionem
746 3315 779 3347 el
802 3315 914 3349 (irtus
930 3309 1200 3361 Apostolorum
1225 3309 1381 3347 dedisse
1400 3321 1407 3354 ς

1305 245 1330 280 Ρ
1350 243 1382 279 E
1405 242 1435 279 T
1458 241 1489 278 R
1516 240 1546 278 U
1568 241 1594 278 S

1476 311 1573 348 forte
1602 310 1708 348 enini
1742 309 1836 347 haec
1865 310 2133 348 additamenta
2165 312 2264 347 sunt
2293 310 2432 358 prioris

1475 371 1633 421 operis,
1663 381 1765 419 quae
1795 372 1944 408 auctori
1975 371 2025 409 illi
2059 371 2302 409 tribuuntur.
2331 369 2353 392 ³*

1529 430 1722 469 PETRUS
1746 430 2002 481 Hipponensis
2027 431 2252 470 Canonicus
2278 432 2315 468 in
2339 441 2432 481 agro

1476 492 1714 530 Eboracensi
1742 493 1846 529 circa
1869 491 1942 529 An.
1970 493 2083 532 4490·
2112 495 2160 532 ad
2200 491 2431 531 Galtredum

1473 554 1766 592 Eboracensem
1792 552 2142 604 Archiepiscopum
2185 555 2346 604 scripsit
2387 551 2434 591 de

1470 614 1555 652 vita
1579 617 1617 651 et
1639 611 1847 651 miraculis
1868 614 1908 651 S.
1943 612 2117 664 Wilsridi
2138 614 2432 664 Archiepiscopi

1475 675 1764 721 liboracensis‚
1790 674 1968 712 defuncti
1999 673 2074 713 An.
2094 675 2184 714 744.
2206 681 2245 714 et
2259 677 2435 726 Rippone

1478 738 1515 774 in
1548 737 1813 783 monasterio,
1845 735 1950 784 quod
1978 736 2061 785 ipse
2085 737 2317 775 condiderat
2340 767 2348 785 ,
2375 746 2436 774 se—

1478 798 1626 848 pultus
1645 796 1740 835 Vide
1760 797 1921 835 Baleum
1941 795 2008 834 III.
2025 796 2087 835 33.
2105 797 2279 835 pitseum
2298 809 2332 848 p.
2345 795 2433 835 257.

1533 859 1724 896 PETRUS
1747 857 1963 908 Roqerius,
1987 868 2106 907 supra
2125 857 2357 897 CLEMENS
2373 858 2435 895 VI.

1481 919 1585 969 Papa
1614 923 1640 956 t.
1664 920 1676 957 4
1725 931 1761 968 p.
1799 918 1889 957 365.
1929 923 1969 956 et
1998 917 2282 957 GREGORIUS
2311 919 2378 957 XI.
2409 923 2438 956 t.

1481 982 1502 1019 3
1535 991 1622 1030 pag.
1653 980 1715 1018 94,

1533 1042 1723 1080 l'ETRUS
1743 1040 1789 1079 (le
1812 1040 2056 1093 Rosenliaym
2071 1072 2082 1090 ,
2105 1039 2321 1080 Monachus
2343 1039 2437 1078 Mel-

1483 1102 1664 1151 licensis,
1695 1102 1768 1153 qui
1807 1101 1978 1140 Bibliam
2007 1093 2438 1154 metrice'composuit,

1481 1164 1554 1203 An.
1589 1164 1704 1203 4464.
1736 1163 1907 1202 traditur
1935 1164 2040 1202 diem
2070 1164 2214 1203 obiisse
2244 1164 2281 1201 in
2308 1173 2443 1201 necro-

1482 1225 1582 1275 logio
1613 1226 1841 1263 monasterii
1874 1227 1914 1263 B.
1945 1226 2085 1264 Mariae
2105 1225 2301 1276 Virginis,
2323 1224 2441 1274 vulgo

1482 1286 1528 1325 ad
1561 1287 1699 1324 Seotos
1731 1287 1904 1324 Viennae
1935 1286 2134 1334 Austriae,
2155 1287 2192 1324 in
2218 1286 2262 1325 V.
2290 1284 2330 1322 C.
2356 1285 2443 1323 Hie-

1483 1349 1639 1398 ronymi
1672 1349 1745 1386 Pez
1768 1352 1862 1386 tom.
1887 1350 1922 1388 4.
1944 1349 2180 1398 scriptorum
2206 1358 2338 1386 rerum
2360 1345 2440 1384 Au-

1482 1412 1715 1448 striacarum
1748 1420 1832 1460 pag.
1863 1409 1952 1447 699.
1983 1409 2098 1447 Plura
2128 1408 2176 1446 de
2201 1407 2274 1446 hoc
2303 1408 2437 1456 Petro,

1482 1471 1694 1509 Mellicensi
1726 1473 1763 1507 in
1794 1470 1955 1509 Austria
1984 1469 2106 1509 Ordin
2136 1469 2281 1509 Bened.
2311 1469 2440 1508 dictu-

1484 1543 1553 1571 rus
1584 1533 1657 1570 fuit
1687 1532 1747 1569 vir
1778 1532 1878 1569 alter
1905 1531 2192 1570 celeberrimus
2215 1530 2441 1570 Bernardus

1485 1595 1584 1641 Pez,
1617 1604 1735 1642 quem
1781 1593 1985 1642 superiore
2027 1591 2143 1631 Anno
2176 1590 2292 1631 4735.
2336 1591 2443 1630 hisce

1486 1654 1627 1691 litteris
1657 1658 1838 1704 ereptum
1871 1653 2132 1692 vehementer
2165 1646 2370 1702 dolemus,
2404 1654 2440 1691 in

1484 1715 1722 1753 Bibliotheca
1740 1726 1859 1765 quam
1877 1716 2031 1766 paravit
2048 1713 2314 1754 Benedictina.
2332 1713 2441 1753 Idem

1487 1781 1581 1814 tom.
1614 1777 1649 1814 2.
1683 1776 1863 1815 Biblioth.
1894 1777 2087 1815 asceticae
2108 1788 2193 1827 pag.
2219 1776 2261 1815 84
2292 1776 2341 1814 94
2362 1775 2444 1814 edi-

1486 1840 1542 1877 dit
1573 1851 1790 1878 sermonem
1820 1839 1907 1891 ejus
1951 1840 2053 1877 circa
2083 1838 2156 1877 An.
2189 1838 2304 1877 4432.
2335 1837 2443 1877 habi-

1483 1906 1567 1940 tum
1598 1901 1644 1940 cle
1667 1905 1774 1940 statu
1802 1905 1907 1940 vitae
1936 1899 2176 1939 monasticae
2204 1898 2271 1938 sui
2297 1902 2440 1950 tempo-

1481 1963 1568 2012 ris,
1600 1974 1728 2012 neque
1773 1964 1906 2013 plures
1943 1975 1992 2002 ex
2038 1960 2290 2001 sermonibus
2336 1961 2440 2000 illius

1484 2025 1602 2062 variis
1633 2024 1851 2062 Trithemio
1875 2035 1959 2074 cap.
1981 2023 2070 2061 739.
2101 2023 2150 2060 de
2181 2023 2220 2061 S.
2249 2023 2294 2062 E.
2324 2026 2364 2061 ct
2393 2023 2438 2061 ll.

1485 2086 1573 2124 537.
1605 2086 1747 2124 illustr.
1778 2085 2021 2123 Benedictin.
2051 2084 2159 2122 etde
2180 2084 2442 2123 luminaribus

1483 2148 1719 2185 Germaniae
1744 2158 1827 2197 cap.
1861 2147 1947 2186 460.
1971 2145 2142 2185 laudatis
2172 2145 2379 2196 profitetur
2400 2157 2442 2184 se

1487 2211 1522 2246 in
1550 2208 1802 2247 Bibliotlwcis
1827 2209 1911 2246 sive
1936 2208 2136 2246 Bavaricis
2152 2209 2240 2245 sive
2263 2206 2443 2246 Austria-

1485 2271 1542 2307 cis
1572 2271 1749 2320 potuisse
1795 2270 1979 2320 reperire.
2023 2268 2188 2307 Caetera
2219 2279 2320 2318 quae
2362 2270 2444 2306 Tri-

1486 2332 1662 2369 themius
1684 2335 1877 2368 memorat
1898 2330 2000 2368 Petri
2026 2330 2172 2379 scripta
2194 2333 2313 2367 sunt·
2338 2329 2445 2380 Opus

1486 2393 1719 2440 metricum,
1750 2391 1906 2429 Nicolao
1950 2390 2245 2440 Dnnekelspule
2283 2394 2444 2440 rogante

1488 2456 1678 2505 scriptum
1711 2453 1758 2492 ad
1790 2453 2001 2491 Dominum
2031 2453 2227 2490 Brandam
2259 2452 2446 2491 Cardina-

1490 2517 1565 2554 lem
1598 2516 1638 2554 S.
1668 2515 1914 2562 Clementis,
1945 2515 2136 2565 Legatum
2173 2513 2442 2564 Apostolicum

1491 2579 1527 2615 in
1560 2577 1742 2624 Austris,
1775 2587 1895 2626 super
1940 2576 2062 2613 totius
2103 2574 2250 2614 Bibliae
2292 2575 2444 2624 capita:

1490 2641 1655 2678 Roseum
1671 2635 1899 2675 memoriale
1916 2635 2159 2675 Divinorum.
2176 2635 2297 2685 Incip.
2318 2633 2447 2673 Astri-

1486 2703 1622 2751 μοίρης
1647 2697 1794 2736 coelum
1811 2702 1973 2736 terram.
1988 2696 2136 2736 Deinde
2157 2694 2336 2734 Historia
2351 2698 2446 2733 tem-

1485 2773 1630 2811 porum
1660 2758 1859 2798 notabilis.

1542 2824 1563 2845 ³¹⁵
1593 2824 1646 2860 Ea
1678 2832 1782 2871 quae
1812 2820 1860 2858 de
1891 2821 2082 2870 scriptore
2112 2820 2188 2858 isto
2231 2819 2444 2858 memoriae

1490 2884 1692 2920 hominum
1717 2893 1759 2919 se
1786 2880 2034 2932 proditurum
2061 2880 2270 2930 spopondit
2291 2881 2330 2918 P.
2355 2882 2446 2918 Ber—

1490 2943 1638 2982 nardus
1684 2944 1785 2990 Pez,
1816 2954 1861 2979 eo
1892 2944 2118 2992 importuno
2148 2941 2226 2979 fato
2265 2941 2444 2989 sublato,

1489 3005 1693 3054 evulgavit
1725 3006 1762 3042 P.
1805 3004 1995 3042 Martinus
2036 3003 2163 3052 Krops
2194 3003 2231 3039 in
2262 3001 2443 3040 Biblioth.

1488 3065 1744 3103 Benedictino
1761 3064 1974 3103 Mellioensi
1992 3075 2111 3114 quam
2131 3062 2315 3113 produxit
2331 3063 2445 3102 Vien-

1489 3138 1562 3164 nae
1592 3126 1667 3165 An.
1712 3125 1827 3165 4748.
1860 3127 1896 3162 in
1937 3126 1973 3162 4.
2011 3124 2166 3162 Obiisse
2208 3124 2440 3173 scriptorem

1489 3187 1593 3225 hunc
1622 3199 1671 3225 ex
1700 3188 1926 3224 coniectura
1951 3189 2090 3223 censet
2118 3183 2236 3234 paulo
2265 3187 2357 3222 ante
2396 3183 2442 3221 Λ.

1490 3249 1603 3285 lilio.
1645 3248 1854 3298 scripsisse
1883 3256 1978 3284 vero
2012 3245 2081 3283 ait¹
2104 3244 2241 3295 plura,
2271 3253 2372 3293 quae
2403 3244 2440 3280 in
2491 3257 2496 3264 ¹

1485 3308 1604 3347 Codri.
1644 3308 1935 3346 Mellicensibus
1979 3305 2089 3344 MSS.
2129 3304 2257 3343 adhuc
2301 3315 2439 3355 super-
