2517 4009
958 161 1264 200 STEPHANUS

159 230 465 269 STEPHANUS
483 230 634 281 Niqer,
656 232 964 282 Cremonensis,
984 237 1071 272 Me-

103 294 257 332 diolani
286 294 450 333 Graecas
480 296 626 332 literas
667 298 806 334 docuit
845 298 956 335 circa
995 307 1070 334 au-

100 367 202 394 num
235 358 353 395 1489.
384 359 554 405 scripsit
589 359 737 398 Comm.
770 363 816 398 in
844 361 1070 409 Hermoqe-

101 427 209 467 nem,
232 421 279 458 in
297 430 432 460 aurea
450 420 652 461 Carmina
667 423 944 472 Pythaqorae.
965 425 1070 463 Dia-

100 483 252 532 loqum,
281 493 378 532 quo,
408 486 612 532 quioquid
640 488 686 525 in
721 486 984 526 Graecarum
1016 490 1071 526 li-

98 546 295 584 terarum
319 548 613 595 penetralibus
642 551 921 597 reconditum,
936 552 1069 598 quoad

98 607 317 647 Historiae
346 610 584 657 veritatem,
607 612 660 649 acl
679 611 935 659 fabularum
961 612 1067 650 oble-

98 672 325 719 ctamenta,
339 673 395 710 ad
414 675 671 713 eruditionis
681 675 849 723 famam
869 677 1066 726 conferre

96 742 174 779 quo
194 735 308 773 modo
320 737 470 783 possit.
485 739 726 786 congestum
746 739 791 776 in
810 740 945 777 lucem
960 750 1064 788 pro-

90 796 294 843 paqatar.
324 797 535 837 Accedunt
574 800 832 838 Philostrati
869 802 1063 841 Heroiea.

95 859 258 896 Mediol.
290 859 406 898 1517.
437 862 505 899 fol.
529 864 642 901 Dial.
665 863 881 903 Mercurii
904 866 943 903 et
965 865 1064 903 Ste-

88 921 238 971 phani,
267 924 564 973 Praefationes
594 928 641 964 in
669 928 898 967 Homerum
917 957 927 975 ,
957 929 1064 967 Pin-

95 985 252 1024 darum
282 989 322 1025 et
350 989 540 1036 Livium,
573 999 671 1038 opus
702 990 750 1027 de
783 991 913 1028 nimio
954 992 1065 1030 vitae

95 1049 218 1096 luau,
248 1051 356 1097 quod
385 1052 462 1089 sub
489 1051 632 1098 titu10,
663 1052 712 1090 de
743 1053 849 1090 luxu
883 1052 1065 1092 Graeco-

95 1120 194 1150 rum
220 1114 377 1160 prodiit
405 1115 507 1152 tom.
537 1115 648 1151 VIII.
676 1116 880 1153 Thesauri
902 1117 1064 1155 Grono-

95 1175 209 1212 viani
238 1187 277 1223 p.
310 1177 432 1215 2466.
472 1177 503 1212 E
545 1177 701 1214 Graecis
745 1178 893 1216 Latine
935 1180 1064 1217 vertit

91 1237 236 1276 Ieones
257 1241 298 1277 et
309 1240 491 1278 Heroiea
504 1240 775 1288 Philostrati,
799 1251 932 1280 aurea
957 1242 1064 1280 Oar-

93 1301 212 1338 mina
250 1301 539 1349 Pythaqorae,
582 1303 788 1349 quaedam
830 1303 1064 1352 Isocratis,

92 1362 279 1401 Musonii
309 1365 348 1402 et
377 1365 632 1412 Plutarchi,
672 1367 873 1413 impressa
907 1367 1063 1404 Medio-

91 1426 180 1462 lani
211 1426 331 1463 1521.
363 1427 466 1464 Ven.
503 1427 624 1465 1532.
666 1428 736 1464 fol.
781 1429 975 1477 Epistola
1013 1431 1064 1467 ad

90 1487 190 1525 Ant.
219 1489 393 1527 Pratum
421 1501 628 1538 magnum
657 1491 806 1529 Galliae
848 1492 1064 1530 Cancella-

92 1551 222 1599 rium,
255 1553 304 1591 de
326 1552 541 1602 fraterna
571 1554 849 1592 benevolentia
879 1554 1065 1601 Opuscu-

93 1615 198 1662 lum,
213 1616 458 1662 prodierunt
478 1626 571 1653 cum
585 1617 833 1664 quibusdam
847 1616 1066 1664 Opusculis

92 1677 307 1716 Plutarchi
334 1680 460 1717 Basil.
493 1679 612 1717 1518.
644 1680 682 1717 4.
706 1681 838 1717 Arisii
860 1680 1067 1717 Cremona

92 1739 265 1779 literata
284 1753 324 1790 p.
346 1743 439 1781 396.
460 1743 650 1781 Picinelli
683 1743 933 1780 Athenaeum
961 1744 1067 1780 Eru—

91 1804 291 1843 ditorium
320 1807 696 1844 Mediolanensium
727 1817 766 1852 p.
798 1806 892 1844 499.

144 1865 166 1887 *
194 1868 271 1905 Est
300 1870 410 1916 apud
439 1879 506 1906 me
535 1870 824 1916 opuscolurum
869 1879 1062 1917 quorum-

90 1929 188 1968 dam
219 1931 423 1979 Stephani
450 1933 574 1979 Nigri
594 1932 786 1970 collectio
806 1933 1061 1970 Basileensis

91 2004 145 2031 an
172 1994 290 2034 1532.
312 2005 365 2033 ex
385 2006 466 2044 qua
484 1999 688 2034 nonnulla
707 1998 848 2034 miuus
869 1997 1060 2035 accurate

89 2057 247 2095 tradita
264 2058 332 2096 hic
353 2060 575 2098 emendare
596 2059 709 2097 licet.
730 2060 934 2109 Dialoqus
952 2061 1060 2098 Mer-

88 2122 194 2159 curii
221 2122 265 2159 et
295 2122 499 2170 Stephani
527 2123 636 2161 nihil
667 2123 732 2161 est
763 2124 905 2170 aliud,
937 2133 1061 2170 quam

90 2183 297 2221 dedicatio
311 2186 516 2222 versionis
541 2196 566 2222 a
587 2195 630 2222 se
653 2184 880 2222 adornatae
902 2185 950 2223 de
971 2184 1062 2223 Ico-

91 2247 229 2295 nibus,
258 2259 349 2296 quae
369 2248 573 2296 dirigitur
598 2249 652 2285 ad
671 2249 874 2285 Joannem
898 2247 1061 2284 Grolie-

91 2319 184 2346 rum
213 2310 538 2357 Lugdunensem
572 2310 827 2348 Francorum
867 2310 999 2356 Regis
1038 2320 1062 2346 a

91 2371 265 2410 secretis
294 2382 341 2409 ac
367 2371 571 2409 Insubriae
609 2372 861 2419 quaestorem
902 2373 1061 2420 prima-

90 2436 212 2472 rium.
244 2433 433 2481 Epistola
462 2434 516 2471 ad
535 2434 765 2471 Antonium
784 2435 958 2471 Pratum
988 2436 1061 2472 de-

91 2497 244 2536 dicatio
273 2498 338 2535 est
357 2498 493 2545 operis
511 2497 722 2534 chriarum
743 2498 922 2544 quinque
959 2507 1060 2544 quas

93 2561 258 2609 dirigit,
287 2572 371 2599 non
410 2561 577 2609 quidem
616 2560 669 2598 ad
699 2560 930 2597 Antonium
957 2561 1053 2596 Pra-

92 2625 184 2663 tum
213 2625 516 2664 Cancellarium
547 2624 710 2671 Galliae,
743 2625 816 2661 sed
846 2625 897 2661 ad
926 2623 1058 2660 Anto-

90 2691 209 2727 nium
255 2689 298 2727 et
338 2688 611 2726 Guillelmum
658 2686 844 2723 eiusdem
890 2685 1061 2723 Antonii

90 2753 214 2790 filios.
244 2753 320 2789 His
348 2752 527 2798 quinque
556 2750 682 2787 chriis
712 2750 934 2785 nonnullas
962 2759 1062 2795 poe*

93 2815 232 2853 tarum
251 2814 494 2852 Latinorum
514 2813 803 2851 Graecorumve
826 2811 1060 2848 sententias

91 2877 254 2915 Author
282 2876 479 2915 illustrat.
509 2874 530 2896 ἦ*

148 2940 454 2978 STEPHANUS
485 2949 535 2978 ea:
558 2939 714 2985 Nottis,
736 2937 830 2974 Ord.
856 2938 1062 2975 Humilia-

92 3003 244 3050 torum,
275 3002 444 3049 scripsit
469 3003 578 3049 Opus
600 3001 866 3039 remissionis
888 3009 913 3037 a
926 3010 1061 3048 poena

93 3067 134 3104 et
153 3067 292 3114 culpa,
313 3065 421 3112 quod
433 3065 655 3101 Mediolani
675 3063 829 3111 prodiit
850 3062 968 3099 1500.
990 3063 1059 3101 fol.

147 3125 169 3148 *
196 3129 334 3165 Primo
364 3129 408 3164 in
437 3126 596 3163 Breidae
625 3127 746 3163 domo
788 3126 876 3162 ord.
913 3126 1059 3163 Humi-

94 3189 369 3228 liatorum...
397 3187 608 3235 professus
638 3186 680 3223 et
710 3196 817 3224 nunc
856 3188 899 3223 in
940 3187 1060 3224 domo

94 3250 144 3287 de
184 3247 394 3296 Carugate
425 3247 613 3284 eiusdem
652 3246 747 3284 Ord.
789 3247 831 3284 et
871 3247 1058 3285 civitatis

95 3311 359 3361 praepositus,
390 3310 554 3348 Artium
583 3310 624 3348 et
651 3311 889 3359 Theologiae
920 3313 1058 3359 magi-

2033 164 2112 203 505

1147 232 1235 271 ster
1263 243 1309 270 ac
1335 234 1605 272 Decretorum
1626 233 1780 272 doctor.
1803 234 1867 271 Ita
1887 234 2046 282 legitur
2068 236 2112 272 in

1145 299 1254 334 calce
1274 296 1476 334 tractatus
1496 298 1545 335 de
1565 294 1723 343 je'junio
1750 297 1937 336 eiusdem
1958 298 2115 335 Aucto-

1145 361 1203 396 ris
1227 360 1361 397 dicato
1383 360 1565 397 Antonio
1587 360 1794 397 Trivulcio
1817 360 1856 397 S.
1880 361 1927 397 R.
1947 361 1993 396 E.
2016 361 2118 398 Car-

1145 423 1288 458 dinali.
1319 423 1447 459 Extat
1476 424 1520 459 in
1550 422 1646 459 Cod.
1668 423 1751 459 MS.
1775 424 2038 470 Taurinensi,
2062 425 2113 461 de

1144 495 1222 531 quo
1259 487 1302 523 in
1338 486 1541 532 Catalogo
1572 486 1684 522 MSS.
1727 487 1862 533 eJ‘usd.
1905 488 2020 523 Tom.
2063 486 2114 523 11.

1144 559 1242 595 pag.
1275 548 1340 586 47.

1198 611 1519 659 STEPHANUS,
1551 614 1681 652 nobili
1711 624 1865 661 genere
1894 615 2041 663 natus,
2073 616 2116 654 et

1142 676 1326 722 primum
1370 678 1509 725 Regni
1552 679 1761 717 Bohemiae
1804 680 2111 728 cancellarius,

1141 739 1286 784 postea
1316 739 1519 777 Cartusiae
1551 741 1800 778 Dolanensis
1831 743 1875 778 in
1903 744 2114 790 Moravia,

1140 802 1308 838 demum
1337 803 1486 839 domus
1529 803 1663 840 Vallis
1705 804 1907 851 Josaphat
1952 807 2115 844 Olomu-

1139 865 1276 901 censis
1300 865 1463 911 primus
1484 865 1615 911 Prior,
1639 865 1748 902 vixit
1768 865 2029 913 temporibus
2049 869 2111 905 Jo.

1139 927 1279 971 Hussi,
1311 927 1415 964 obiit
1444 937 1480 963 a.
1516 927 1633 964 1421.
1658 926 1683 964 7
1708 928 1835 965 Junii.
1866 930 1968 976 Ejus
1989 940 2114 977 opera

1141 988 1239 1025 nota
1269 990 1367 1026 sunt
1397 990 1509 1027 haec:

1252 1052 1286 1088 1.
1310 1052 1496 1091 Medulla
1517 1053 1678 1100 tritici,
1700 1054 1790 1091 sive
1807 1055 1928 1092 Anti·
1938 1054 2113 1103 Wihles-

1130 1114 1227 1162 fus,
1258 1116 1302 1151 in
1333 1125 1412 1162 quo
1440 1115 1687 1152 Wikleffum
1716 1116 1931 1163 tamquam
1965 1118 2113 1153 viven-

1138 1180 1226 1216 tem
1256 1180 1493 1227 alloquitur.
1525 1179 1674 1217 Editus
1705 1179 1771 1216 est
1812 1189 1836 1214 a
1876 1179 1994 1216 Bern.
2036 1181 2112 1217 Pez

1143 1244 1264 1280 Thes.
1297 1244 1458 1280 noviss.
1489 1241 1689 1280 Anecdot.
1719 1241 1820 1279 tom.
1852 1242 1921 1277 IV.
1944 1242 2052 1289 part.
2073 1243 2111 1280 2.

1141 1317 1181 1352 p.
1216 1306 1308 1343 149.

1220 1368 1259 1406 2.
1291 1369 1605 1406 Anti-Hussus:
1637 1369 1734 1406 ibid.
1767 1379 1805 1415 p.
1849 1368 1942 1405 361.
1984 1368 2111 1406 Dedi-

1139 1430 1258 1468 catus
1289 1431 1356 1468 est
1387 1430 1597 1467 Stanislao
1629 1431 1679 1467 de
1710 1429 1910 1476 Znoyma,
1940 1429 1982 1466 et
2011 1440 2045 1466 c.
2071 1430 2107 1465 1.

1140 1495 1248 1533 eibet
1287 1494 1519 1542 Epistolam
1559 1495 1694 1541 ipsius
1735 1495 1862 1531 Hussi
1915 1494 1968 1530 ad
2017 1493 2110 1530 Ste-

1141 1559 1327 1605 phanum
1358 1557 1512 1595 datam.
1545 1557 1628 1595 Sub
1648 1558 1776 1593 finem
1797 1557 1934 1603 operis
1956 1566 1993 1602 p.
2016 1555 2108 1592 425.

1139 1621 1257 1658 extat
1284 1620 1413 1659 etiam
1449 1620 1576 1668 Copia
1599 1620 1880 1658 instrumenti
1900 1619 2108 1657 Declara-

1140 1683 1294 1720 tionem
1322 1684 1538 1721 sertorum
1567 1682 1789 1721 dubiorum
1817 1682 1872 1720 M.
1890 1681 1951 1719 Jo.
1985 1681 2110 1719 Huss.

1139 1745 1405 1792 continentis,
1441 1755 1479 1782 a.
1512 1744 1632 1781 1412.

1249 1808 1287 1845 3.
1317 1809 1520 1856 Dialoqus
1564 1808 1754 1846 Volatilis
1795 1808 1910 1846 inter
1951 1808 2108 1845 Ansam

1142 1872 1199 1920 (h.
1229 1880 1264 1908 e.
1295 1869 1515 1918 Anserem)
1550 1872 1590 1908 et
1618 1871 1858 1918 Passerem,
1884 1870 1975 1909 ado.
1996 1870 2111 1908 Hus-

1139 1943 1246 1973 Sum.
1278 1933 1379 1970 ibid.
1410 1944 1450 1980 p.
1482 1933 1574 1970 431.
1606 1932 1794 1980 Scriptus
1824 1932 1890 1970 est
1919 1943 1955 1970 a.
1990 1933 2108 1970 1414.

1245 1997 1283 2032 4.
1321 1996 1446 2034 Liber
1486 1995 1749 2044 Epistolaris
1789 1996 1842 2033 aci
1883 1997 2108 2043 Hussitas,

1134 2058 1325 2107 partibus
1339 2059 1388 2095 V.
1404 2059 1614 2096 constans:
1637 2059 1737 2096 ibid.
1753 2070 1792 2106 p.
1809 2058 1903 2096 503.
1921 2059 2108 2106 Scriptus

1135 2123 1201 2160 est
1230 2133 1267 2160 a.
1301 2122 1420 2160 1417.

1242 2185 1280 2222 5.
1311 2186 1507 2234 Apologia
1542 2194 1623 2232 pro
1652 2186 1795 2223 saeris
1832 2184 2108 2233 reliqionibus

1135 2249 1383 2286 monasticis
1406 2248 1613 2285 adversus
1637 2247 1885 2293 haereticos,
1907 2246 2020 2283 edita
2041 2246 2106 2283 est

1136 2311 1187 2348 ab
1237 2311 1382 2347 eodem
1422 2310 1543 2346 Pezio
1591 2308 1859 2346 Bibliothecae
1904 2307 2105 2345 Asceticae

1134 2373 1236 2410 tom.
1270 2373 1339 2409 IV.
1370 2383 1409 2420 p.
1443 2371 1508 2408 87.

1190 2435 1498 2472 STEPHANUS
1529 2435 1697 2480 Paleoz,
1726 2432 1948 2477 Bohemus,
1968 2431 2104 2468 Theo-

1134 2501 1258 2545 logus
1287 2498 1472 2535 Hussitis
1516 2497 1738 2534 admodum
1778 2495 1992 2540 infensus,
2033 2494 2104 2539 qui

1133 2560 1445 2598 Anti—Hussum
1473 2559 1630 2596 ibidem
1661 2556 1845 2603 scripsit,
1865 2555 1907 2592 et
1928 2556 1975 2593 de
2000 2564 2103 2601 qua-

1134 2625 1231 2661 tuor
1253 2624 1396 2671 portis
1419 2622 1601 2670 inferni,
1624 2622 1774 2659 eontra
1794 2621 1999 2658 articulos
2019 2620 2100 2657 Bo-

1134 2687 1362 2724 hemorum.
1394 2687 1498 2723 Vide
1528 2685 1680 2723 Felleri
1711 2683 1964 2731 Catalogum
1987 2683 2099 2719 MSS.

1134 2748 1238 2787 Bibl.
1271 2749 1470 2785 Paullinae
1501 2759 1541 2794 p.
1572 2747 1666 2784 201.
1697 2747 1790 2783 211.

1188 2810 1497 2847 STEPHANUS
1527 2811 1739 2856 Palosius,
1782 2810 2011 2853 Romanus,
2050 2816 2102 2844 ex

1134 2874 1340 2911 Canonico
1364 2874 1403 2910 S.
1432 2874 1573 2910 Mariae
1595 2873 1762 2919 Majoris
1784 2873 1918 2919 Episc.
1946 2871 2101 2907 Tuder-

1130 2937 1245 2973 tinus
1275 2947 1299 2973 a
1329 2936 1530 2983 Gregorio
1553 2936 1625 2972 XI.
1648 2938 1699 2974 ab
1720 2936 1884 2973 Urbano
1905 2933 1975 2969 VI.
1998 2942 2096 2970 vero

1131 2998 1171 3034 S.
1203 2999 1251 3034 R.
1284 2998 1330 3034 E.
1363 2998 1626 3035 Camerarius
1656 3007 1701 3034 ac
1722 2998 1865 3034 Romae
1887 2995 2094 3041 Vicarius,

1129 3063 1225 3107 post
1253 3061 1480 3108 Presbyter
1521 3060 1755 3097 Cardinalis
1796 3057 1962 3096 creatus
2004 3057 2096 3094 fuit.

1132 3123 1257 3161 Obiit.
1298 3132 1406 3160 anno
1451 3122 1557 3159 1398
1586 3124 1628 3159 et
1667 3121 1991 3160 Constitutiones
2015 3130 2097 3168 pro

1136 3184 1315 3223 Clericis
1335 3184 1588 3222 Tudertinis
1601 3184 1744 3222 edidit.
1767 3184 1960 3230 Prosperi
1980 3184 2096 3219 Man-

1128 3248 1235 3285 dosii
1274 3246 1378 3284 Bibl.
1420 3247 1608 3284 Romana
1650 3246 1818 3283 Centur.
1860 3245 1972 3282 VIII.
2031 3246 2094 3283 18.

1129 3310 1301 3357 Ughelli
1331 3310 1451 3347 Italia
1480 3320 1597 3348 sacra
1626 3309 1740 3347 tomo
1761 3309 1790 3345 Ι,
1824 3320 1862 3356 p.
1897 3308 2015 3401 1325145.
