2517 4009
872 218 1218 258 PlilLII’Pl

101 288 308 329 PlllLlPPI
339 286 388 325 dc
420 286 554 333 Levis,
580 284 826 326 Arelatensis
855 289 904 327 al)
936 290 1011 327 An.

50 351 164 391 4462.
196 348 244 388 ad
277 346 394 387 4475.
426 346 463 396 a)
493 345 788 399 Archiepiscopi
815 350 1012 400 Epistola-

47 412 126 451 lam
163 411 213 450 ad
258 408 487 460 Capitulum
523 408 726 448 Ecclesiae
764 411 1011 450 Arelatensis

50 474 127 513 An.
158 472 276 513 4463.
307 470 439 510 datam
473 470 653 521 vulgavit
689 472 877 512 Baluzius
914 478 1012 512 tom.

50 535 114 574 lv.
144 535 251 573 Misc.
284 543 372 583 pag.
399 530 489 570 522.

104 593 363 634 PHILIPPUS
392 590 575 631 Aubinus
604 594 770 644 Anglus,
793 595 921 634 medio
944 597 1013 636 Se-

19 657 138 697 -culo
186 655 270 696 XV.
314 654 578 705 Philosophus
621 659 660 693 et
704 656 1012 696 Mathematicus

48 717 317 764 Oxoniensis,
347 717 462 755 cuius
495 716 674 755 Canones
711 716 941 757 tabularum
963 719 1014 757 Λ-

48 779 405 825 stronomicarum,
449 777 641 828 Alphonsi
683 779 800 830 Regis
828 781 1012 830 exemplo

46 840 296 880 conditarum
344 837 507 877 laudant
552 839 752 878 Lelandus
796 851 879 892 cap.
920 841 1010 880 502.

44 903 187 942 Baleus
215 902 301 940 Xll.
332 901 384 939 92
427 901 583 939 Pitseus
614 912 704 951 pag.
736 902 828 940 894.

96 961 288 1003 Aurelius
318 961 589 1010 PHILIPPUS,
609 963 778 1013 scriptor
802 963 907 1002 Vitae
924 963 1013 1002 Ale-

43 1024 202 1066 mandri
225 1024 390 1075 Severi,
421 1035 542 1076 quem
572 1025 692 1062 etiam
739 1025 906 1064 libertus
946 1038 1012 1076 pa-

45 1089 117 1126 tris
137 1089 176 1126 in
201 1087 327 1138 prima
352 1087 522 1138 pueritia
544 1087 719 1125 instituit
738 1115 745 1133 ‚
769 1091 873 1125 teste
894 1086 1013 1125 Lam-

43 1149 169 1200 pridio
198 1159 284 1198 cap.
315 1149 351 1186 3.
382 1147 483 1187 adde
514 1148 700 1186 Vossium
732 1159 822 1199 pag.
852 1148 940 1187 477.

96 1209 355 1249 PHILIPPUS
384 1208 431 1248 de
452 1207 672 1256 Barberiis,
695 1209 916 1248 Siciliensis
938 1211 1012 1260 Sy-

43 1282 292 1320 racusanus,
313 1270 449 1308 Ordin.
468 1269 604 1308 Praed.
626 1272 797 1321 scriptor
823 1270 1013 1310 Chronico:

42 1333 136 1373 editi
165 1333 242 1372 An.
271 1331 386 1372 ⁴475.
419 1331 456 1370 [ι.
502 1331 551 1369 ad
595 1331 790 1371 Joannem
836 1333 1013 1384 Alphon-

43 1407 136 1435 sum
163 1394 368 1434 Ecclesiae
412 1393 658 1443 Hispalensis
692 1394 937 1434 Canonicum
969 1399 1010 1434 et

44 1457 297 1497 Bacularium
325 1454 626 1494 Acroniensem.
643 1455 835 1505 Ejusdem
853 1461 915 1494 est
932 1459 1007 1494 tra-

43 1521 172 1558 ctatus
200 1516 367 1557 solennis
395 1518 509 1556 Rom.
541 1518 655 1556 4484.
687 1517 821 1557 editus
846 1518 884 1555 in
909 1519 943 1555 4.
972 1519 1009 1556 in

44 1593 124 1632 quo
159 1581 417 1619 continentur
459 1580 656 1630 imprimis
702 1578 1013 1618 Discordantzae

43 1641 250 1681 nonnullae
277 1641 385 1680 inter
412 1642 578 1680 Sanctos
607 1640 850 1690 Eusebium,
873 1641 1012 1680 Hiero-

44 1716 205 1757 nymum
227 1707 267 1743 et
281 1702 419 1742 Aurei.
443 1703 714 1754 Auyustinum
738 1706 908 1744 Sanctae
935 1705 1011 1742 Ec—

45 1765 188 1806 clesiae
216 1767 432 1814 Doctores,
457 1764 565 1804 circa
589 1776 690 1816 quas
709 1765 912 1817 plurimas
934 1765 1014 1804 Do-

44 1833 200 1868 ctorum
223 1827 398 1867 aliorum
423 1825 620 1879 opiniones
636 1826 813 1867 adducit
831 1829 884 1866 II.
910 1829 1015 1866 Duo—

45 1889 173 1930 decim
195 1889 444 1942 Sibyllarum
465 1889 670 1937 vaticinia,
694 1901 798 1941 quae
816 1890 862 1929 de
885 1890 1012 1930 CHri-

46 1957 106 1992 sto
149 1952 368 1993 ediderunt.
397 1952 472 1990 III.
515 1951 711 1992 Carmina
739 1952 915 1991 PROBAE
947 1954 1013 1992 IV.

46 2017 93 2055 D.
123 2014 336 2054 Athanasii
363 2012 594 2066 Symbolum
635 2025 726 2052 cum
756 2015 799 2052 D.
846 2014 1013 2054 Thomae

44 2077 262 2130 Aquinatis
293 2077 552 2129 eoepositione.
579 2078 616 2116 V.
642 2077 850 2116 Dominica
876 2078 1013 2116 Oratio

41 2151 119 2193 per
146 2138 308 2178 eundem
338 2140 384 2178 D.
419 2138 618 2178 Thomam.
649 2140 709 2179 VI.
731 2139 920 2190 Anyelica
941 2142 1014 2179 Sa-

47 2201 183 2240 lutatio
200 2212 278 2253 per
298 2199 475 2240 eundem.
493 2201 578 2240 VII.
597 2202 778 2252 Hymnus
797 2202 844 2240 Te
859 2202 1015 2240 DEUM

51 2263 291 2312 laudamus,
320 2274 411 2302 cum
453 2263 698 2315 eoepositione
731 2275 807 2314 per
850 2262 1014 2302 eunde-m

46 2326 94 2364 D.
117 2325 301 2364 Thomam
324 2325 552 2376 composita.
577 2324 790 2375 Anqelicus
814 2326 1013 2377 Hymnus,

49 2386 188 2426 Gloria
215 2387 257 2425 in
285 2385 455 2425 excelsis
500 2386 630 2433 ΠΕΟ,
656 2398 730 2438 per
759 2386 922 2426 eundem
968 2388 1011 2425 B.

52 2448 238 2487 Thomam
287 2447 488 2486 Divinitas
538 2447 777 2499 explicatus.
836 2450 1013 2487 Donatus

52 2508 284 2562 Theoloyus,
331 2521 407 2561 quo
457 2508 704 2560 Theoloyicae
765 2510 1015 2561 quaestiones

52 2572 323 2612 Grammatica
365 2575 452 2610 arte
500 2570 724 2610 solvuntur.
769 2572 856 2609 Alia
892 2573 1013 2610 etiam

51 2639 148 2675 sunt
177 2646 279 2686 quae
310 2636 394 2685 ipse
439 2633 562 2673 tradit
598 2643 641 2671 se
685 2633 916 2683 scripsisse,
949 2644 1015 2670 ne-

53 2699 134 2736 scio
163 2709 213 2736 an
244 2697 378 2735 edita:

104 2759 164 2797 De
191 2756 496 2797 Immortalitate
521 2755 756 2795 Animorum
781 2753 902 2793 libros
923 2759 1016 2800 tres,

53 2821 102 2861 ad
131 2823 376 2861 Honoratum
409 2820 622 2858 Gaii-anum
655 2818 814 2857 Militem
847 2827 892 2855 ac
917 2818 1018 2855 Fun-

53 2883 195 2924 dorum
229 2882 441 2922 Comitem.
485 2881 817 2920 Lucubrationem
861 2878 1016 2917 doctam

55 2956 101 2984 ac
130 2946 272 2984 merito
302 2943 513 2995 legendam
544 2946 661 2981 vocat
689 2941 859 2980 lacobus
888 2939 1023 2985 Quetis

55 3011 151 3045 tom.
184 3009 219 3046 4.
251 3017 326 3057 pag
369 3005 460 3044 873.

110 3070 168 3107 De
209 3066 356 3107 Divina
398 3066 652 3106 Providentia
672 3096 683 3114 ,

59 3130 426 3172 Praedestznatione
458 3129 580 3168 libros
609 3128 718 3167 duos.

113 3195 170 3233 De
193 3191 471 3234 Inventoribus
494 3191 784 3237 Scientiarum,
807 3191 844 3226 ct
863 3187 1022 3226 Artium

62 3255 384 3297 Mechanicarum
415 3253 537 3293 libros
568 3259 662 3292 tres.

732 3068 770 3102 et
809 3063 1020 3102 Hominum

115 3343 149 3383 a)
171 3345 252 3377 vide
274 3341 540 3375 sammarthanos
565 3343 645 3371 tom.
670 3347 700 3378 p.
724 3337 776 3369 66.

1965 223 2046 263 275

1140 292 1375 329 Sermonum
1406 290 1822 342 Qzuidrayesimalium
1868 290 2051 331 volumen

1085 352 1324 402 peryrande.

1143 415 1466 464 Domim'carwn,
1497 427 1545 453 ac
1576 418 1813 455 Sanctorum
1839 415 2051 466 praedica·

1089 476 1238 514 tionum
1262 478 1474 528 eyreyium.

1143 539 1250 589 Opus
1279 538 1346 576 sui
1374 539 1586 577 itinerarii.

1141 599 1238 638 Vide
1266 599 1455 638 Antonini
1487 602 1714 650 Mongitoris
1757 601 1942 639 Biblioth.
1991 602 2051 641 Si·

1087 661 1217 699 culam
1249 666 1342 699 tom.
1373 662 1410 699 2.
1441 673 1526 712 pag.
1560 663 1648 700 468.
1675 667 1715 700 et
1735 663 1925 701 jacobum
1949 663 2052 709 Que-

1088 723 1136 760 tif
1163 727 1256 760 tom.
1290 725 1324 762 4.
1359 734 1446 774 pag.
1477 724 1567 761 873.

1140 785 1397 824 PHILIPPUS
1439 786 1661 834 Bastonus,
1703 787 1801 825 infra
1845 786 2051 839 Philippus

1088 846 1294 886 Bostouus.

1142 909 1398 947 PHILIPPUS
1422 908 1468 946 (le
1493 909 1701 959 Beryomo,
1728 920 1848 960 supra
1874 910 2051 948 PlllLlP-

1090 970 1249 1008 PINUS.

1140 1029 1313 1070 Jacobus
1343 1032 1601 1070 PHILIPPUS
1630 1032 1930 1082 Berqomcnsis,
1957 1035 2052 1071 scri-

1089 1096 1178 1141 ptor
1226 1094 1497 1143 supplementi
1544 1094 1860 1142 Chronicorum,
1891 1095 1939 1133 de
1974 1107 2052 1145 quo

1088 1164 1210 1203 supra
1240 1160 1334 1192 tom.
1368 1155 1429 1193 IV.
1459 1166 1545 1205 pag.
1578 1156 1668 1194 306.
1700 1167 1782 1205 seq.
1802 1157 1868 1194 llic
1897 1156 1944 1194 ad
1976 1157 2049 1194 An.

1090 1215 1205 1253 4355.
1255 1217 1421 1254 alterius
1463 1218 1700 1266 antiquioris
1744 1220 1847 1256 circa
1891 1218 2052 1256 Annum

1089 1275 1204 1314 ⁴350.
1230 1278 1410 1314 meminit
1431 1276 1493 1314 his
1518 1278 1651 1315 vei-bis
1675 1309 1682 1315 .
1704 1279 1958 1317 PHILIPPUS
1974 1280 2055 1317 Mo·

1087 1336 1239 1375 naclzus
1264 1339 1304 1376 S.
1337 1337 1559 1385 Benedicti,
1587 1340 1727 1389 patria
1758 1342 2052 1390 Bergomensis,

1098 1399 1164 1436 Vir
1187 1398 1230 1436 in
1254 1398 1407 1437 Divinis
1427 1400 1649 1450 Scripturis
1669 1399 1881 1438 admodum
1905 1400 2054 1440 studio-

1087 1471 1157 1499 sus
1187 1464 1225 1498 et
1254 1459 1405 1508 doctus,
1422 1472 1470 1497 ac
1490 1460 1765 1499 Aristotelicae
1783 1461 2054 1512 Philosophiae

1088 1533 1165 1559 non
1194 1521 1387 1572 iynarus:
1415 1521 1475 1560 his
1501 1520 1744 1572 temporibus
1767 1533 1857 1560 cum
1877 1527 1977 1561 esset
1996 1525 2052 1561 in-

1084 1583 1197 1635 qenio
1212 1587 1428 1634 praestans
1450 1583 1612 1634 scripsit
1633 1582 1822 1621 nonnulla
1845 1583 2048 1622 doctrinae

1088 1656 1187 1684 suae
1216 1643 1433 1696 opuscula,
1463 1643 1609 1697 quibus
1637 1656 1775 1683 nomen
1813 1656 1929 1684 suum
1964 1656 2054 1682 cum

1083 1706 1216 1758 9lori'a
1240 1707 1416 1758 posteris
1446 1706 1711 1758 si'qnificavit,
1752 1709 1771 1746 e
1800 1705 1946 1757 quibus
1981 1718 2055 1745 ea:-

1087 1772 1169 1808 stat
1191 1780 1289 1819 opus
1313 1779 1500 1819 maynum
1525 1780 1647 1819 super
1677 1768 1859 1807 Ethicam
1891 1769 2052 1807 Catonis

1090 1829 1205 1869 libris
1236 1829 1383 1869 multis.
1413 1830 1579 1881 Incipit:
1610 1831 1656 1869 ad
1704 1830 1867 1881 gloriam
1899 1834 1935 1867 et
1968 1830 2052 1868 lau-

1088 1893 1179 1932 dem
1211 1893 1380 1931 Domini.
1405 1893 1620 1931 Sermones
1641 1892 1761 1931 etiarn
1785 1891 1931 1929 dicitur
1955 1891 2053 1929 scri-

1081 1955 1212 2007 psisse
1240 1954 1395 1993 multos.
1425 1953 1568 1992 Confer
1597 1955 1862 1992 Trithemium
1893 1965 1928 1991 c.
1960 1954 2053 1992 620.

1086 2018 1136 2056 de
1167 2018 1205 2056 S.
1235 2018 1279 2056 Ε.
1311 2022 1352 2055 et
1389 2017 1534 2055 illustr.
1579 2015 1826 2055 Benedictin.
1870 2016 1920 2054 ΙΙ.
1964 2015 2050 2053 429.

1089 2080 1156 2129 qui
1188 2080 1364 2117 Priorem
1394 2079 1439 2118 S.
1466 2080 1610 2117 Mariae
1639 2078 1688 2116 de
1718 2077 1890 2116 Avantia
1923 2078 1959 2115 in
1986 2078 2055 2115 Pa-

1089 2140 1167 2180 dua
1199 2141 1324 2179 fuisse
1350 2144 1537 2179 testatur.
1682 2162 1685 2165 -

1141 2203 1399 2241 PHILIPPUS
1426 2200 1676 2249 Beroaldus„
1706 2202 1774 2240 Vir
1817 2201 2054 2239 memorabi‘

1088 2265 1137 2302 lis
1161 2268 1202 2302 et
1231 2265 1315 2314 ipse
1345 2265 1449 2301 inter
1472 2273 1540 2301 eos
1564 2264 1631 2312 qui
1657 2262 1964 2301 renascentibus
1990 2262 2053 2300 lit-

1089 2326 1186 2364 teris
1215 2325 1411 2364 industria
1439 2329 1480 2363 et
1510 2325 1668 2374 ingenio
1693 2334 1764 2362 suo
1790 2324 1945 2373 insigne
1970 2333 2054 2361 mo-

1090 2391 1271 2426 mentum
1294 2387 1496 2426 addidere.
1518 2385 1646 2424 Natus
1661 2386 1860 2424 Bononiae
1878 2384 1922 2422 A.
1947 2385 2049 2423 4450

1091 2449 1152 2488 43.
1183 2449 1396 2487 Novembr.
1413 2447 1601 2493 MedicuS‚
1620 2445 1894 2496 Philosophus,
1911 2444 2051 2482 Orator

1096 2510 1354 2548 humaniores
1370 2511 1525 2548 litteras
1542 2507 1863 2553 docuitParmae,
1875 2508 2052 2545 Lutetiae

1090 2576 1131 2610 et
1145 2573 1343 2610 Bo’noniae
1375 2573 1412 2608 in
1444 2572 1570 2621 patria
1587 2570 1650 2608 ubi
1670 2568 1773 2607 diem
1791 2569 1884 2606 obiit
1915 2579 2052 2618 supre-

1092 2645 1202 2671 mum
1232 2633 1305 2670 An.
1338 2633 1453 2671 4505.
1487 2632 1549 2670 47.
1579 2631 1656 2669 Jul.
1686 2631 1799 2668 Vitae
1837 2630 2051 2679 scriptores

1093 2699 1234 2733 nactus
1269 2699 1331 2732 est
1372 2694 1562 2731 ,loannem
1600 2692 1765 2739 Pinum,
1818 2691 2051 2729 Tolosanum

1093 2756 1330 2806 discipulum
1354 2766 1486 2801 suum,
1511 2757 1659 2793 Bonon.
1688 2754 1804 2792 4505.
1832 2754 1864 2790 l.
1887 2757 1927 2790 et
1952 2754 2052 2790 Bar·-

1095 2816 1353 2856 tholomaeum
1399 2815 1690 2862 Blancleinum,
1735 2815 2050 2860 Bononiensem,
2128 2834 2132 2838 ·

1093 2881 1209 2930 cujus
1233 2880 1454 2919 lucubratio
1484 2879 1650 2917 Camillo
1680 2878 1880 2916 Palaeotto
1910 2876 2051 2920 dicata,

1096 2943 1270 2980 Beroaldi
1303 2942 1492 2980 Svctonio
1524 2942 1560 2978 in
1593 2939 1831 2978 editionibus
1861 2938 1909 2976 ab
1937 2938 2052 2975 Anno

1097 3004 1212 3043 4506.
1243 3004 1395 3042 rccusis
1427 3002 1705 3052 praemittitur.
1737 3001 1794 3038 Ex
1828 3000 1888 3036 liis
1926 2998 2051 3048 profe-

1095 3067 1198 3103 cisse
1229 3076 1271 3103 se
1302 3074 1382 3102 non
1413 3063 1605 3102 diffitetur
1629 3063 1791 3100 Clariss.
1818 3059 2051 3104 Niceronus,

1096 3127 1212 3176 cujus
1244 3127 1455 3164 memorias
1485 3124 1532 3162 de
1563 3125 1665 3162 viris
1689 3122 1882 3168 eruditis,
1906 3121 2053 3159 Gallice

1098 3189 1225 3228 editas
1255 3188 1361 3226 adire
1394 3187 1587 3236 imprimis
1617 3196 1758 3235 operae
1790 3184 1961 3234 pretium
1992 3188 2053 3219 est

1100 3258 1194 3289 tom.
1224 3250 1346 3288 XXV.
1378 3259 1464 3297 pag.
1495 3248 1581 3285 374.
1614 3258 1697 3296 seq.
1741 3246 1903 3286 Consuli
1932 3247 2052 3283 etiam
