2517 4009
942 206 1247 246 STEPHANUS

76 279 167 316 771.
199 280 290 316 Car.
313 280 366 316 du
389 278 544 315 Fresne
566 279 608 314 iu
632 278 768 315 Iudice
800 279 1043 325 Auctorum,

74 343 194 379 Bern.
235 343 282 379 (10
322 341 584 378 Montfaucon
630 341 732 378 Bibl.
779 340 882 378 Bibl.
930 341 1041 377 MSS.

77 416 175 452 pag.
193 405 309 441 1137.
334 405 449 441 1138.
464 403 552 439 Duo
573 404 664 450 eJus
687 405 895 452 Carmina,
916 415 1045 441 unum

77 468 126 504 de
161 468 407 505 Waleranno
443 465 595 504 Comite
625 467 837 513 Meilenii,
866 468 1044 504 alterum

77 530 335 568 Aorostioais
348 530 398 566 ad
412 529 709 577 Gislebertum,
721 534 900 568 amicum
910 542 1044 578 suum,

75 593 141 628 cui
187 593 226 629 ei
263 593 455 628 carmina.
475 602 549 628 sua
579 593 780 638 mitteret,
826 594 922 630 inde
953 595 1045 630 edi-

3 699 9 704 ,
75 654 226 690 derunt
253 655 436 690 Martene
465 655 506 690 et
536 655 706 691 Durand
747 655 918 692 Collect.
950 665 1044 692 am-

75 716 279 762 plissimae
308 716 410 753 tom.
441 716 472 752 I.
504 728 542 763 p.
573 717 668 754 875.
699 718 792 756 872.

130 779 437 816 STEPHANUS
467 780 515 817 (le
560 779 816 827 Salanaaco,
859 781 955 817 aliis
996 781 1044 818 de

78 840 344 889 Sallanaoao,
376 843 610 889 Aquitanus
641 843 956 880 Lemovicensis
978 843 1043 879 di-

75 905 237 951 oecesis,
266 914 290 940 a
317 907 404 941 loco
424 906 604 951 originis
625 914 709 941 suae
734 904 946 944 Salanliao
969 915 1044 940 no-

78 977 176 1004 men
205 967 382 1014 adeptus
404 967 483 1003 fuit
502 969 612 1004 circa
633 978 787 1004 annum
810 968 927 1005 1210.
950 967 1045 1014 post

75 1036 206 1064 annos
239 1029 330 1064 XX.
361 1029 597 1065 Lemovicis
618 1028 763 1065 Ordini
794 1029 1042 1065 Praedicato-

75 1099 171 1127 rum
200 1091 450 1137 adscriptus,
472 1101 508 1127 a.
534 1091 650 1128 1249.
671 1091 786 1128 Prior
809 1090 1042 1128 conventus

79 1153 158 1198 sui,
188 1162 224 1188 a.
257 1153 374 1191 1261.
407 1154 651 1199 Tolosanus,
674 1162 708 1188 a.
734 1153 914 1189 1261.111
946 1154 1044 1189 Sco-

77 1216 183 1252 tIam
215 1217 369 1253 missus
409 1215 490 1251 fuit
527 1216 619 1260 eJ'us
661 1218 788 1261 regni
825 1217 1041 1252 Visitator.

76 1278 175 1314 Post
204 1279 344 1314 varias
365 1278 469 1313 alias
489 1278 534 1312 in
553 1278 693 1313 ordine
716 1287 790 1313 suo
810 1278 1043 1323 dignitates

75 1341 179 1378 obiit
205 1340 371 1378 circiter
400 1350 437 1376 a.
470 1339 589 1385 1290,
621 1339 797 1385 Scripsit
838 1340 869 1379 I:
910 1340 1046 1378 Trac-

78 1405 215 1442 tatum
262 1404 310 1441 de
351 1404 535 1450 qaat‘aor
576 1402 714 1447 rebus,
744 1402 893 1447 quibas
933 1404 1045 1439 Dens

76 1467 431 1504 Praedicatoram
445 1466 636 1502 ordinem
652 1465 887 1511 irisiqnivit.
901 1466 1047 1501 Primo

79 1530 128 1567 de
156 1529 251 1566 bono
291 1537 337 1566 ao
369 1529 541 1565 strenuo
583 1527 685 1564 daco
729 1525 773 1563 S.
815 1527 1045 1563 Dominico.

80 1591 272 1629 Secundo
300 1591 348 1628 de
377 1590 556 1638 qlorioso
584 1589 747 1626 nomine
770 1588 1045 1625 Praedicato—

79 1664 188 1692 ram.
239 1655 382 1691 Tertio
422 1653 469 1690 de
511 1652 679 1689 illustri
721 1652 854 1699 prole.
892 1650 1049 1693 Qaario

77 1717 126 1754 de
175 1716 408 1754 securitate
456 1714 756 1763 Professionis.
798 1715 872 1750 Hie
924 1723 1049 1749 manu

77 1780 274 1817 exaratus
312 1779 453 1817 exstat
492 1780 712 1815 Mediolani
752 1780 795 1814 in
832 1777 1048 1813 Conventu

77 1844 334 1889 Gratiarum,
375 1843 483 1880 teste
524 1842 782 1878 Henschenio
834 1843 876 1877 in
928 1841 1046 1877 Actis

78 1905 324 1942 Sanctorum
339 1905 440 1942 tom.
463 1904 664 1941 LMartiii
679 1915 717 1950 p.
742 1902 834 1940 655.
849 1904 886 1940 2.
909 1903 1044 1940 Trac-

79 1968 215 2004 tatum
245 1968 292 2004 de
324 1967 462 2004 tribas
503 1966 708 2013 ,aradibus
748 1967 1046 2003 Praelatoram

64 2031 257 2068 Ordinis
286 2030 666 2068 Praedicatornm:
688 2030 747 2066 De
768 2030 935 2067 ordinis
956 2037 1046 2066 ma-

76 2094 255 2141 yistris:
303 2094 362 2130 De
413 2093 642 2130 Prioribus
679 2092 1045 2139 provincialibus,

70 2157 332 2204 praesertim
366 2156 616 2204 provinciae
664 2156 943 2193 Provinciae:
987 2156 1045 2192 De

77 2220 317 2257 Prioribus·
336 2218 677 2257 conventualibus
717 2219 855 2255 dictae
869 2218 1048 2265 provin-

79 2283 182 2319 ciae.
220 2282 258 2317 3.
307 2280 597 2318 Collectionem
635 2281 834 2318 Actorum
863 2281 1046 2317 omnium

83 2343 377 2391 Capitaloram
406 2345 670 2391 generalium
693 2346 732 2382 et
758 2344 1048 2392 Capitaloram

81 2408 209 2444 etiam
230 2407 565 2453 provincialium
588 2407 838 2453 provinciae
868 2407 1048 2443 Provin—

80 2470 171 2507 ciae
192 2477 218 2506 a
230 2469 447 2515 principio
468 2468 522 2505 ad
542 2477 698 2505 annam
711 2468 789 2505 Mo
798 2467 1048 2505 CLXXVIII.

80 2532 198 2568 Vide.
229 2532 314 2567 Jac.
347 2531 490 2574 Quetif
527 2531 577 2567 (10
621 2531 900 2576 scriptoribus
952 2530 1047 2568 Ord.

81 2594 414 2631 Praedicatorum
447 2594 547 2629 tom.
581 2593 610 2629 Ι.
642 2603 681 2639 p.
714 2591 793 2630 415
833 2603 945 2639 seqq.
976 2595 1050 2630 Al—

83 2659 251 2695 tamura
280 2669 319 2704 p.
352 2658 415 2695 64.
439 2657 646 2693 Oudinum
666 2656 780 2692 tomo
802 2656 873 2691 III.
896 2667 934 2702 p.
956 2655 1047 2693 502.

135 2721 441 2758 STEPHANUS
473 2721 521 2758 de
555 2720 696 2765 Senis,
735 2720 851 2755 Prior
892 2718 1049 2755 Domus

83 2785 122 2821 S.
165 2785 304 2822 Mariae
335 2785 384 2821 de
425 2783 570 2820 Gratia
603 2782 696 2819 Ord.
739 2781 1050 2817 Carthusiensis

81 2856 206 2892 prope
236 2847 423 2893 Papiam,
456 2844 624 2890 scripsit
665 2853 700 2879 a.
734 2843 850 2879 1411.
883 2843 1054 2889 Episto-

82 2910 167 2947 lam
197 2909 246 2945 ad
278 2909 483 2945 Thomam
523 2906 695 2942 Antonii
736 2905 785 2941 de
829 2904 963 2949 Senis,
1006 2904 1053 2941 de

80 2972 210 3018 qestis
240 2972 280 3008 et
307 2970 541 3008 virtutibus
583 2968 627 3006 S.
676 2967 932 3005 Camarinae
978 2965 1054 3002 Se-

82 3034 238 3077 nensis,
271 3042 396 3078 quam
425 3032 559 3067 edidit
602 3031 705 3066 Dan.
749 3028 1053 3075 papebrochius

85 3096 128 3131 in
159 3094 275 3130 Actis
297 3093 542 3129 Sanctorum
563 3093 664 3129 tom.
687 3093 758 3127 III.
780 3092 934 3138 Aprilis
955 3100 1053 3137 pag.

85 3155 178 3193 961.
215 3156 352 3191 Vitam
383 3154 428 3192 S.
477 3154 734 3192 Catharinae
775 3154 920 3201 postea
959 3163 1054 3190 auc-

87 3218 238 3255 tIorem
269 3217 368 3254 fecit
397 3217 676 3264 Raymundus
697 3217 747 3253 de
768 3217 928 3262 Viueis,
957 3215 1052 3253 (ιι-(1.

86 3279 429 3326 Praedicatorum,
443 3281 490 3316 de
506 3289 584 3327 quo
605 3288 742 3326 supra.
764 3279 879 3316 Adde
901 3278 1052 3314 Theod.

84 3342 240 3380 Petreii
269 3342 373 3380 Bibl.
423 3342 714 3380 Cartusianam
749 3352 786 3388 p.
835 3341 927 3379 275.
959 3340 1050 3378 276.

2012 208 2091 245 507

1124 278 1214 314 Car.
1236 278 1321 313 Jos.
1345 275 1507 312 Morotii
1532 275 1757 313 Theatrum
1781 277 1972 314 Chronol.
1995 278 2086 316 Ord.

1123 339 1362 376 Cartusiani
1393 349 1490 386 pag.
1523 340 1588 376 23.

1179 402 1487 438 STEPHANUS
1521 402 1723 451 Seropns,
1755 403 1985 441 Historicus
2004 406 2092 442 An-

1120 467 1216 511 glus
1238 466 1347 501 circa
1367 474 1521 501 annum
1549 466 1671 503 1399.
1704 466 1872 513 scripsit
1893 468 2092 514 quaedam

1121 529 1169 566 de
1199 527 1323 565 rebas
1353 528 1541 575 Aanicis
1570 529 1732 566 Pitseus
1762 529 1949 576 Append.
1981 529 2089 567 Cen-

1118 591 1198 628 tur.
1231 591 1286 626 1V
1317 590 1381 627 43.

1174 654 1482 690 STEPHANUS
1515 653 1664 700 Serva,
1696 654 1999 700 Cremonensis,
2030 665 2082 691 ex

1118 717 1338 753 Canonicis
1376 717 1654 762 Regni-aribus
1711 717 2088 763 Lateranensibus,

1117 780 1194 816 sub
1221 779 1391 816 initium
1423 780 1552 815 seculi
1583 779 1691 815 XVi.
1722 780 1922 826 explicuit
1955 781 2092 818 Vitam

1122 843 1166 880 S.
1202 842 1364 888 Ubaldi,
1396 842 1591 888 Episcopi
1625 842 1837 888 Eugubini
1858 844 1900 879 et
1920 843 2092 880 Confes-

1118 906 1239 950 soris,
1272 913 1467 942 sermone
1503 905 1632 940 latino
1663 905 1706 940 et
1744 905 1900 950 italico,
1930 906 2090 942 Parmae

1118 978 1190 1015 per
1219 968 1367 1004 Franc.
1410 967 1654 1013 Ugoletum,
1699 967 1815 1003 1519.
1860 966 1978 1004 1523.
2018 968 2086 1004 fol.

1119 1031 1260 1067 Romae
1303 1031 1378 1066 Per
1420 1029 1542 1066 Mich.
1587 1032 1798 1076 Angelum
1851 1031 2087 1076 Eugenium

1118 1095 1407 1141 Eugubinum,
1440 1092 1557 1130 1628.
1602 1093 1796 1130 Fortasse
1826 1093 1970 1129 cadem
2011 1094 2090 1138 est,

1116 1168 1206 1205 quae
1238 1157 1346 1203 apud
1376 1157 1558 1202 Surium,
1590 1157 1662 1193 sed
1692 1156 1804 1203 stylo
1825 1155 1999 1201 mutato,
2029 1156 2088 1192 le-

1116 1221 1233 1266 gitur
1262 1220 1300 1256 d.
1333 1219 1382 1255 16
1413 1219 1528 1265 Maji.

1173 1283 1478 1319 STEPHANUS
1493 1281 2090 1329 Sfondratas,Cremonensis‚

1117 1346 1271 1383 ibidem
1308 1344 1418 1381 inter
1440 1345 1675 1381 Advocatos
1701 1351 1892 1392 receptus
1913 1355 1948 1381 a.
1971 1345 2090 1382 1495.
2157 1378 2159 1380 .

1119 1408 1289 1454 scripsit
1309 1408 1357 1444 de
1386 1407 1670 1444 Tabellionam
1691 1409 1914 1455 dianitate,
1930 1409 1978 1445 de
1999 1417 2092 1445 ere-

1120 1471 1256 1508 ctione
1299 1469 1452 1506 montis
1486 1470 1681 1517 pietatis,
1724 1470 1772 1507 de
1804 1472 1959 1507 ornata
1999 1479 2094 1507 ma—

1119 1531 1292 1576 lieram,
1323 1530 1371 1567 de
1394 1531 1645 1578 privileqiis
1676 1531 1900 1578 dotalibus,
1931 1532 2093 1579 Alleqa·

1119 1592 1252 1629 tiones
1283 1591 1329 1628 in
1363 1591 1470 1628 Jare
1505 1591 1712 1628 diversas.
1735 1592 1861 1628 Arisii
1890 1592 2093 1628 Cremona

1120 1654 1291 1691 literata
1320 1653 1420 1689 tom.
1461 1653 1490 1689 1.
1521 1664 1619 1700 pag.
1655 1652 1748 1690 374.

1177 1716 1500 1752 STEPHANUS
1550 1717 1826 1755 Tor-cellanus
1858 1718 1901 1753 in
1944 1717 2101 1755 ditione

1118 1779 1280 1815 Veneta
1309 1778 1554 1826 Episcopus,
1575 1779 1617 1816 et
1638 1779 1991 1827 Archiepiscopus
2017 1782 2096 1817 Pa-

1116 1842 1338 1887 trocensis,
1369 1842 1518 1877 claruit
1539 1853 1575 1878 a.
1601 1842 1718 1880 1515.
1741 1853 1820 1890 quo
1850 1844 2093 1882 Sermonem

1117 1905 1266 1941 habuit
1295 1905 1339 1940 in
1375 1904 1558 1940 Concilio
1602 1905 1894 1951 Lateranensi,
1938 1906 2092 1943 Concil.

1117 1968 1219 2004 tom.
1251 1967 1362 2003 XIV.
1394 1977 1433 2013 p.
1466 1966 1557 2003 161.
1580 1967 1804 2004 Whartoni
1831 1968 2017 2014 Append.
2041 1969 2092 2004 ad

1121 2031 1305 2067 Caveum
1335 2039 1435 2076 pag.
1460 2029 1551 2066 163.

1172 2094 1193 2116 *
1217 2095 1454 2143 Stephanus
1480 2094 1682 2142 Teqliatii
1702 2094 1973 2132 Torcellanas
1998 2094 2096 2139 Epi-

1120 2169 1266 2206 scopus
1316 2158 1359 2195 et
1406 2158 1785 2204 Archiepiscopus..
1814 2156 2093 2193 Patracensis.

1117 2223 1309 2259 Auctoris
1338 2220 1466 2257 huius
1516 2229 1653 2256 sermo
1695 2221 1743 2258 de
1788 2219 1892 2257 Fide
1940 2218 2095 2256 Contra

1126 2287 1292 2323 Taroas
1311 2283 1479 2321 habitus
1501 2283 1581 2319 fuit
1602 2284 1645 2319 in
1667 2283 1942 2319 celebratione
1957 2283 2093 2318 Missae

1119 2349 1332 2385 Pontificis
1362 2348 1406 2384 in
1437 2346 1708 2383 solemnitate
1740 2344 1820 2381 sito
1853 2345 1891 2381 S.
1921 2345 2094 2379 Joannis

1120 2410 1408 2458 Evangelistae
1440 2419 1506 2446 an.
1542 2408 1662 2444 1481.
1695 2407 1826 2451 Quare
1848 2406 2006 2442 fallitur
2025 2407 2094 2442 Bi-

1119 2472 1418 2511 bliothecarius
1448 2473 1590 2507 noster
1612 2470 1863 2515 impressum
1890 2467 2094 2503 definiens

1122 2545 1186 2570 an.
1212 2534 1331 2570 1480.
1354 2534 1477 2569 Porro
1497 2542 1588 2578 quae
1611 2532 1699 2567 dixi
1723 2532 1772 2567 de
1803 2539 1908 2566 anno
1940 2531 2091 2575 legun-

1121 2598 1188 2633 tur
1218 2597 1262 2632 in
1290 2595 1372 2632 flue
1403 2595 1590 2640 ejusdem
1621 2593 1824 2629 sermonis
1845 2593 1985 2628 excusi
2006 2592 2091 2627 ioco

1123 2661 1164 2697 et
1186 2667 1295 2696 anno
1325 2657 1506 2694 incertis.
1540 2655 1666 2692 Extat
1685 2655 1813 2691 etiam
1844 2654 1976 2691 altera
2003 2654 2092 2689 eiu-

1124 2724 1239 2760 sdem
1271 2720 1402 2758 oratio
1434 2729 1589 2756 excusa
1620 2720 1661 2755 in
1693 2720 1716 2754 4
1747 2719 1900 2764 absque
1923 2726 2029 2752 anno
2051 2718 2094 2753 et

1124 2788 1209 2822 loco
1245 2783 1440 2820 editionis
1475 2783 1585 2818 dicta
1616 2783 1694 2818 die.
1726 2781 1796 2817 VI.
1827 2779 2092 2817 Pentecostes

1123 2856 1261 2883 coram
1294 2844 1531 2881 Innocentio
1566 2843 1674 2879 VIII.
1706 2854 1772 2880 an.
1823 2842 2093 2879 Pontificatus

1125 2909 1215 2954 eJus
1238 2907 1308 2953 111,
1331 2908 1440 2943 idest
1462 2917 1526 2942 an.
1549 2905 1661 2942 1487.
1677 2906 1774 2942 tunc
1788 2906 1926 2942 autem
1951 2905 2094 2941 Patro-

1125 2980 1290 3007 censem
1334 2971 1727 3016 Archiepiscopum,
1770 2968 1812 3005 et
1846 2968 2093 3013 Episcopum

1128 3034 1412 3069 Torcellanum
1437 3032 1590 3079 agebat
1611 3033 1688 3066 An.
1714 3030 1829 3066 1186.
1853 3029 2091 3065 Orationem

1126 3095 1274 3131 habuit
1295 3095 1359 3131 die
1381 3095 1450 3130 Vl.
1473 3096 1659 3130 omnium
1674 3093 1743 3130 SS.
1758 3103 1893 3130 coram
1910 3093 2092 3128 Alexan-

1127 3158 1198 3193 dro
1237 3156 1306 3191 VI.
1339 3158 1383 3193 in
1406 3158 1554 3203 prima
1582 3156 1717 3193 Missa
1748 3157 1787 3193 et
1814 3156 1974 3203 capella
2003 3155 2096 3201 ejas

1126 3218 1418 3266 Pontificaias.
1460 3218 1583 3254 Edita
1613 3218 1677 3255 est
1705 3218 1860 3263 absque
1889 3216 1988 3253 nota
2016 3218 2094 3253 loci

1127 3283 1169 3318 et
1198 3283 1297 3317 anui
1329 3282 1371 3316 in
1403 3282 1440 3327 4,
1473 3280 1594 3317 Obiit.
1626 3291 1690 3318 an.
1725 3280 1845 3317 1515.

1185 3344 1421 3392 Sleplzanus
1436 3345 1513 3381 iste
1529 3345 1790 3380 Torcellnnus
1806 3343 1914 3380 idem
1928 3343 2095 3380 omnino
