2517 4009
889 232 1318 272 RAINERlUs

108 307 330 347 illustribus
350 305 686 345 Foroliviensibus
705 305 750 343 11.
765 305 801 342 2.
820 305 938 344 Nicol.
955 306 1072 344 Com-

107 370 195 407 neni
243 367 474 419 Papadopoli
518 368 616 406 Hist.
647 367 879 417 Gymanasii
918 368 1072 406 Patavi-

106 432 144 469 ni
175 431 238 469 lib.
270 431 334 469 111.
365 433 462 468 sect.
492 430 519 467 1.
550 440 583 467 c.
629 429 665 468 2.
707 430 863 468 Marcus
907 431 1066 468 Mantua

106 492 155 530 de
185 491 406 531 illustribus
429 491 722 530 Jureconsultis
752 503 785 529 c.
816 491 906 531 221.

158 553 429 592 RAINERIUS
443 551 490 591 de
512 553 647 604 Barya
664 585 673 602 ,
703 555 834 592 nescio
859 554 968 604 quis,
994 564 1072 591 una

103 626 196 655 cum
225 616 408 654 Bractino
437 615 485 653 de
516 616 678 654 pistorio
709 617 869 666 scripsit
908 613 1073 653 Librum

104 679 305 716 rationum
325 671 456 727 super*
472 677 732 728 Chirurqiam
757 676 906 716 Galerii.
929 677 1073 715 Exstat

106 740 145 778 in
175 739 270 778 Bibl.
303 738 530 777 Colbertina
550 744 653 778 teste
679 741 793 778 Bern.
817 739 865 777 de
884 738 1076 777 montfau-

111 812 184 840 con
216 801 312 840 Bibl.
344 801 617 840 Bibliothecar.
643 801 750 840 MSS.
782 813 817 851 p.
849 802 938 839 950.

162 862 435 907 RAINERIUS
464 862 510 902 de
534 861 726 915 Belforte,
755 874 803 901 ex
819 862 966 901 Medico
993 873 1075 900 mo-

115 924 268 964 nachus
298 925 338 964 S.
370 924 535 976 Galgani
581 927 617 963 in
663 926 837 973 Tuscia,
880 924 1074 962 dioecesis

108 987 406 1035 volaterranae,
436 987 529 1025 Ord.
561 988 858 1035 Cisterciensis,
883 991 973 1037 post
997 986 1074 1024 Ab·

107 1049 206 1097 bas,
235 1049 331 1087 obiit
359 1060 392 1088 a.
425 1050 539 1089 1272.
572 1050 738 1100 Scripsit
771 1049 980 1087 Tractatus
1003 1046 1076 1086 ali—

109 1115 206 1163 quot
226 1110 424 1157 medicos,
451 1115 489 1150 et
520 1113 646 1151 Vitam
670 1113 714 1150 B.
738 1109 879 1150 Jacobi
900 1110 946 1149 de
970 1111 1077 1149 Mon-

116 1173 240 1220 terio,
271 1174 448 1212 coenobii
479 1175 540 1213 sui
574 1174 874 1213 monachi.Car.
893 1173 940 1211 de
957 1171 1076 1211 Visch

113 1234 213 1273 Bibl.
240 1235 486 1286 Scriptorum
507 1235 600 1274 Ord.
619 1235 901 1274 Cisterciensis
927 1246 960 1284 p.
983 1234 1074 1272 281.

114 1298 288 1348 Magistri
318 1298 486 1336 Rainerii
513 1296 613 1336 liber
641 1296 687 1334 de
710 1295 860 1334 morbis
874 1295 1078 1334 oculorum

117 1358 194 1397 MS.
225 1364 287 1397 est
315 1360 461 1398 Romae
492 1360 530 1397 in
547 1358 729 1409 Hospitio
753 1358 1080 1409 congregationis

116 1421 158 1460 S.
180 1421 316 1460 Mauri.
346 1422 463 1460 Bern.
490 1420 538 1459 de
554 1420 805 1459 Montfaucon
823 1419 918 1458 Bibl.
937 1419 1078 1457 Biblio-

112 1482 323 1522 thecarum
353 1483 458 1522 MSS.
489 1494 525 1533 p.
557 1482 648 1521 200.

163 1542 435 1584 RAINERIUS
479 1543 700 1594 Capoccius
728 1574 736 1593 ,
782 1543 1073 1589 viterbiensis,

105 1605 198 1645 Ord.
228 1605 506 1644 cisterciensis
535 1607 572 1644 in
597 1605 785 1645 coenobio
815 1607 936 1645 trium
977 1606 1077 1643 Fon-

106 1669 206 1707 tium
232 1667 349 1718 juxta
377 1669 570 1718 Romam,
600 1679 666 1707 an.
695 1668 809 1708 1212.
828 1667 1075 1714 Cardinalis,

107 1730 224 1770 titulo
253 1730 293 1768 S.
321 1731 463 1769 Mariae
494 1731 531 1768 in
550 1729 763 1770 Cosmedin
781 1734 954 1778 creatus,
979 1730 1075 1768 obiit

106 1803 140 1831 a.
173 1792 290 1831 1258.
321 1793 431 1830 Fecit
454 1793 628 1843 Hymnos
653 1791 880 1842 rhythmice
903 1794 1073 1842 scriptos

111 1857 154 1893 ut
184 1853 248 1892 illa
270 1853 450 1892 ferebant
479 1858 680 1904 tempora,
711 1865 880 1903 quorum
913 1855 1069 1893 initium

112 1913 322 1955 coelorum
351 1914 525 1964 candor,
552 1913 698 1966 Plaizye
715 1913 1072 1967 turbapaupercu-

112 1976 164 2016 la.
196 1977 387 2029 Ughellus
416 1977 527 2016 Italia
557 1977 676 2016 Sacra
707 1981 800 2015 tom.
827 1979 855 2016 1.
901 1978 988 2017 Car.
1023 1978 1072 2016 de

63 2090 66 2093 ι
112 2039 245 2079 Visch.
272 2039 370 2078 Bibl.
401 2040 647 2089 Scriptorum
673 2038 769 2077 Ord.
790 2040 1070 2079 Cisterciensis

116 2112 154 2152 p.
171 2101 262 2141 284.
275 2100 690 2140 OldoiniAthenaeum
702 2103 924 2141 Romanum
937 2115 970 2153 p.
981 2101 1071 2141 577.

164 2163 455 2208 RAlNERlUS,
473 2163 692 2202 monachus
711 2162 898 2203 Cellensis
916 2165 952 2201 in
972 2165 1074 2202 Han-

111 2224 248 2273 nonia‘,
278 2224 394 2263 hodie
423 2226 464 2264 S.
508 2224 718 2272 Guislain,
749 2226 885 2264 sec-ulo
915 2227 1073 2264 circiter

112 2288 180 2326 XI.
211 2288 371 2338 scripsit
404 2287 534 2326 Vitam
561 2289 604 2327 S.
635 2287 815 2335 Gisleni,
846 2287 1073 2327 Conditoris

112 2348 234 2399 hujus
262 2349 419 2396 Cellae,
463 2361 582 2399 quam
626 2362 844 2401 suppresso
887 2352 1073 2398 nomine,

114 2410 356 2460 praefatione
385 2422 544 2460 quoque
573 2416 611 2449 et
647 2413 744 2451 libro
791 2414 1072 2452 miraculorum

115 2472 277 2510 emissis
306 2471 430 2510 edidit
459 2472 601 2510 Surffus
629 2472 666 2509 d.
698 2474 733 2510 9.
763 2473 850 2512 Oet.
879 2477 1074 2525 integram

116 2545 213 2573 vero
255 2533 505 2572 Mabillonius
547 2534 689 2572 Seculo
735 2535 778 2573 ΙΙ.
821 2536 1077 2575 Benedictino

114 2607 152 2647 p.
181 2595 273 2635 796.

169 2657 470 2708 RAlNERlUS,
499 2658 595 2697 alias
624 2657 937 2707 RAINALDUS,
972 2661 1078 2698 Milo-

115 2721 176 2758 nis
200 2721 366 2760 Comitis
395 2722 502 2758 Barri
533 2731 654 2770 super
684 2722 909 2771 Sequanam
942 2722 1075 2769 silius,

112 2794 161 2820 ex
194 2782 387 2821 monacho
417 2782 676 2821 Clarae-vallis
713 2794 748 2821 a.
784 2784 898 2822 1133.
924 2784 1078 2822 electus

109 2843 242 2882 Abbas
273 2843 483 2890 Cistercii‚
512 2845 606 2883 obiit
634 2856 668 2883 a.
696 2847 790 2884 1151
813 2877 824 2894 ,
842 2850 881 2884 et
909 2850 1076 2884 mortem

112 2903 201 2954 ejus
232 2904 332 2942 luxit
361 2906 587 2945 Bernardus
616 2908 742 2958 Epist.
766 2908 855 2946 270.
881 2907 1080 2959 Speciales

113 2965 422 3005 Constitutiones
435 2967 598 3007 Ordinis
612 2969 642 3009 C
647 2969 888 3009 isterciensis
904 2983 924 3009 a
936 2972 975 3010 S.
993 2972 1079 3010 Ste-

112 3028 242 3078 phano
271 3028 442 3068 diversis
473 3032 720 3081 temporibus
750 3034 850 3072 latas
882 3035 918 3070 in
953 3045 1076 3073 unum

105 3090 295 3128 volumen
341 3090 517 3141 redegit,
560 3098 600 3130 et
643 3105 676 3132 a.
724 3095 839 3133 1131.
885 3096 1076 3146 vulgavit.

113 3151 202 3191 Car.
237 3150 285 3190 dc
323 3152 442 3191 Visch
473 3153 555 3192 Bibl
603 3155 848 3205 Scriptorum
885 3156 978 3195 Ord.
1017 3158 1079 3197 Ci-

115 3214 347 3252 sterciensis
366 3225 399 3252 a.
426 3215 514 3253 284.

166 3275 440 3315 RAINERlUS
484 3276 784 3327 Clunz‘acensi's,
830 3279 908 3318 vid.
960 3291 1078 3330 supra

115 3336 392 3391 PASCHALIS
418 3339 461 3377 ll.

2036 231 2112 270 3125)

1197 303 1474 344 RAINERIUS
1505 302 1693 354 Commii,
1725 304 1812 342 sive
1843 301 1890 341 de
1923 302 2110 355 Coppoli's

1148 367 1388 413 Perusinus,
1415 367 1450 403 J.
1485 366 1527 404 U.
1559 366 1603 403 D.
1632 364 1870 414 Antiquior,
1899 365 2001 403 circa
2046 376 2111 403 an.

1150 427 1265 467 1350.
1297 429 1456 478 scripsit
1486 427 1525 465 in
1547 425 1668 466 libros
1690 425 1958 477 Diqestorum.
1984 426 2116 465 Oldoi-

1150 491 1188 527 ni
1219 489 1468 528 Athenaeum
1501 488 1728 539 Augustum
1759 500 1796 539 p.
1822 489 1914 528 292.

1206 550 1484 589 RAINERIL'S
1513 550 1559 589 de
1605 548 1830 599 ForoliviO,
1869 549 1949 588 vid.
1995 561 2115 601 supra

1155 613 1426 651 RAliN'ERlUS
1450 611 1684 650 Arsenclius.

1205 675 1479 713 RAffiEmtJS
1511 674 1712 721 Granrlu',
1744 674 1835 723 vei,
1862 674 1911 714 de
1943 673 2116 714 Grancis

1150 737 1346 784 Pisanus,
1374 736 1467 775 Ord.
1500 736 1846 783 Praedicatorum,
1875 748 1981 776 saec.
2012 737 2114 776 xlv.

1151 800 1310 849 scripsit
1334 797 1380 837 de
1396 797 1566 850 praeliis
1587 798 1748 836 Tusciae
1765 797 1888 838 libros
1910 800 2013 838 VIII.
2032 811 2118 838 car-

1151 862 1257 899 mine
1287 860 1504 899 admodum
1535 860 1704 899 obscuro
1734 855 1774 899 et
1806 863 2006 912 impolito,
2044 862 2115 901 sed

1150 921 1254 972 quod
1287 926 1421 961 tamen
1455 922 1710 960 historiarum
1743 922 1932 961 studiosis
1958 936 2033 961 non
2052 929 2115 962 est

1151 984 1289 1023 inutile
1318 983 1481 1022 Editum
1513 988 1575 1022 est
1604 995 1625 1021 a
1656 985 1866 1022 Muratorio
1909 990 2003 1022 tom.
2048 987 2118 1024 XI.

1152 1046 1191 1085 S.
1222 1046 1264 1084 R.
1298 1046 1388 1084 ital..
1413 1057 1449 1096 p.
1482 1044 1572 1083 283.
1605 1046 1674 1096 qui
1706 1050 1908 1084 auctorem
1941 1047 2114 1086 eundem

1150 1118 1241 1146 cum
1275 1107 1458 1146 Rainerio
1488 1109 1655 1156 Pisano,
1703 1108 2003 1159 Pantheologiae
2047 1121 2115 1148 au-

1151 1174 1284 1217 ctore,
1315 1169 1504 1219 conjicit,
1535 1170 1701 1208 liberum
1735 1174 1868 1208 tamen
1899 1172 2027 1210 cuivis
2052 1173 2117 1222 ju-

1153 1230 1300 1268 dicium
1336 1232 1474 1269 merite
1504 1232 1718 1281 relinquit,
1748 1231 1861 1270 Adde
1885 1232 1966 1271 Jac.
2011 1233 2116 1279 Qne-

1152 1292 1200 1329 tif
1226 1291 1274 1329 de
1305 1291 1574 1342 Scriptoribus
1604 1292 1699 1331 Ord.
1731 1293 2056 1333 Praedicatorum
2090 1300 2118 1333 t.

1153 1353 1198 1390 11.
1230 1365 1265 1402 p.
1298 1353 1388 1391 819.

1206 1414 1296 1462 (286
1322 1414 1410 1452 Fuit
1435 1425 1455 1451 a
1482 1416 1522 1452 F.
1548 1416 1588 1453 R.
1612 1415 1660 1454 de
1686 1418 1841 1456 Rivalto
1866 1418 2053 1458 diversus
2077 1424 2118 1458 et

1152 1475 1398 1514 celebratiss.
1428 1477 1466 1514 F.
1494 1477 1738 1516 Bartholom.
1766 1480 1833 1527 (De
1851 1480 2036 1528 Granchi)
2063 1481 2120 1519 di-

1151 1541 1243 1575 ctus
1272 1537 1321 1576 de
1340 1539 1378 1576 S.
1398 1538 1620 1576 Concordio
1652 1551 1787 1589 nepos.
1811 1540 2021 1590 Antiquior
2051 1544 2118 1591 qui

1151 1601 1434 1650 reperitionem
1464 1600 1588 1639 celeb.
1606 1601 2010 1641 Cod.Pandectarum
2038 1615 2119 1642 me-

1153 1663 1338 1706 minerit,
1365 1667 1405 1700 et
1435 1674 1497 1701 an.
1532 1665 1648 1702 4350.
1688 1664 1878 1714 florebat,
1912 1670 1954 1704 ut
1983 1667 2120 1705 Franc.

1152 1725 1364 1763 Taurellus
1411 1725 1447 1762 in
1493 1725 1620 1775 Epist.
1653 1738 1830 1778 nuncup.
1869 1727 2120 1767 Florentinae

1149 1786 1245 1825 edit.
1279 1788 1394 1826 4553.
1421 1787 1555 1825 refert.
1582 1787 1679 1826 Vide
1716 1790 1757 1826 F.
1797 1789 1935 1840 Aeligii
1964 1791 2115 1841 Volpini

1149 1847 1287 1899 Elogio
1316 1848 1360 1887 di
1383 1848 1429 1887 F.
1455 1849 1625 1888 Ranieri
1646 1849 1699 1888 cla
1722 1849 1876 1890 Rivallo
1917 1852 1954 1888 in
1990 1856 2018 1889 t.
2054 1853 2115 1891 iv.

1152 1911 1242 1951 137,
1271 1912 1466 1952 Memoria
1497 1911 1708 1951 d'Illustri
1733 1914 1902 1959 Pisani.)

1203 1975 1476 2015 RAINERIUS
1493 1975 1541 2014 cle
1556 1975 1737 2024 IsoreIIa,
1754 1978 1989 2026 cognonime
2006 1977 2117 2015 Lom-

1149 2034 1325 2086 bardus,
1357 2038 1598 2088 Brixiensis,
1627 2038 1719 2077 Ord.
1768 2039 2085 2079 Praedicatorum
2105 2070 2115 2086 ‚

1148 2110 1180 2138 a.
1216 2099 1328 2138 1237.
1361 2100 1492 2139 factus
1523 2106 1585 2139 est
1615 2101 1769 2140 Eccles.
1787 2103 1987 2141 Romanae
2005 2103 2118 2141 Vice-

1148 2162 1443 2210 cancellarius,
1467 2167 1507 2200 et
1531 2174 1593 2201 an.
1622 2163 1737 2201 1247.
1756 2164 1978 2214 Episcopus
1993 2166 2120 2215 Maga-

1150 2223 1353 2271 lonensis,
1392 2225 1628 2263 interfectus
1658 2236 1762 2263 anno
1787 2228 1971 2276 sequenti
2003 2228 2119 2265 1218.

1149 2285 1314 2335 Scripsit
1342 2286 1503 2324 Sca-tuta
1534 2285 1754 2336 Synodale‘a
1779 2299 1815 2324 α.
1845 2288 1960 2325 1271.
1979 2289 2120 2326 Dicito-

1149 2346 1312 2385 narium
1342 2347 1461 2386 varia
1485 2347 1704 2386 eruditione
1731 2346 1945 2399 refertum:
1972 2351 2119 2401 Specu-

1151 2407 1232 2447 lum
1249 2410 1445 2448 adversus
1468 2409 1664 2448 haereses.
1695 2412 1763 2449 Jac
1787 2411 1933 2456 Quetif.
1950 2411 1999 2449 de
2015 2413 2120 2450 Scri-

1157 2476 1260 2522 ptor.
1291 2472 1384 2510 Ord.
1427 2472 1747 2511 praedicatorum
1788 2485 1823 2523 p.
1869 2473 1957 2512 121.
2001 2475 2118 2512 Leon.

1150 2534 1362 2572 Cozzando
1398 2534 1568 2573 Libraria
1600 2535 1810 2572 Bresciana
1832 2546 1867 2584 p.
1895 2535 1984 2573 293.
2010 2535 2120 2574 Alta-

1153 2607 1266 2635 mura
1293 2609 1326 2646 p.
1361 2596 1421 2634 13.

1204 2658 1477 2696 ΒΑΙΜΞΒΙΠΞ
1506 2655 1779 2705 Lombardus,
1823 2657 1902 2695 vid.
1946 2657 2119 2697 RMNE-

1156 2720 1271 2759 RlUS
1301 2719 1346 2758 cle
1378 2718 1557 2759 lsorella.

1209 2782 1481 2822 RAINERIUS
1513 2780 1742 2829 Palearesi,
1788 2783 2002 2829 Senensis,
2046 2783 2118 2821 Or-

1154 2844 1258 2883 dinis
1294 2844 1616 2883 Praedicatorum
1647 2855 1749 2882 circa
1780 2855 1841 2882 an.
1875 2845 1986 2882 1104.
2025 2846 2120 2883 scri·

1155 2908 1233 2958 psit
1264 2905 1507 2958 Opusculum
1537 2907 1577 2943 in
1603 2905 1758 2944 laudem
1785 2905 2031 2945 Gathar-mae
2051 2908 2119 2945 Se-

1154 2968 1300 3008 nensis.
1332 2969 1509 3014 Quotift.
1533 2966 1561 3006 l.
1587 2980 1621 3017 p.
1641 2968 1727 3006 750.
1747 2968 1951 3007 Altamura
1973 2981 2008 3018 p.
2028 2970 2116 3008 149·

1208 3030 1484 3069 RAINERIUS
1512 3042 1537 3067 a
1569 3028 1743 3076 Ri'valeo,
1774 3029 1878 3079 quod
1904 3031 2114 3070 castellum

1154 3097 1214 3131 est
1247 3094 1284 3130 in
1311 3093 1478 3131 collibus
1504 3093 1684 3139 Pisanis,
1712 3091 1816 3130 unde
1843 3091 2012 3132 Pisanus
2029 3095 2116 3133 vul-

1153 3165 1227 3203 go,
1258 3154 1320 3191 vel
1352 3152 1398 3191 de
1422 3152 1530 3191 Pisis
1555 3153 1686 3191 dictus
1715 3158 1802 3200 est,
1832 3154 2024 3194 Oldoinus
2049 3167 2115 3207 pa-

1158 3217 1230 3253 tria
1263 3215 1505 3254 Geuuensem
1544 3214 1663 3262 dicit,
1701 3217 1911 3266 agnomine
1955 3222 2111 3257 tantum

1156 3279 1369 3324 Pisanum,
1401 3277 1493 3316 Ord.
1528 3276 1871 3326 praedicatorum,
1903 3281 2003 3318 vixit
2031 3291 2110 3319 sec.

1156 3343 1258 3380 xlv.
1289 3340 1382 3377 obiit
1415 3351 1477 3377 an.
1512 3341 1625 3378 4351.
1657 3343 1693 3376 et
1724 3340 1891 3378 celebris
1920 3347 1981 3381 est
2011 3343 2113 3393 Ope-
