2517 4009
963 228 1176 269 LIBER
1232 229 1277 269 11.

138 303 276 339 Vomer
299 299 436 343 humo3
461 299 555 344 lapis
584 301 708 344 unda;
742 302 877 346 pollice
912 312 1059 346 gemma
1080 315 1088 342 ;

856 368 942 411 quid
967 368 1059 402 ultra
1075 366 1092 400 ‘2

157 431 276 478 Saepe
297 431 392 477 quod
413 434 466 466 est
482 431 641 467 solidum
663 432 837 476 frangere
854 433 965 468 molle
982 433 1086 468 solet.

131 498 212 536 Non
235 508 385 544 semper
406 497 580 542 Marium,
606 508 673 533 nee
706 508 855 543 semper
887 509 1000 543 saepe
1031 510 1089 534 ro-

973 569 1086 600 tatum

155 630 283 667 Volvis
302 630 566 675 Apollonium:
591 630 717 665 sortior
739 630 831 665 alter
853 629 938 674 erit,

25 703 105 736 110.
131 696 204 742 Qui
245 698 435 733 redimens
469 708 551 734 mea
591 698 739 743 probra,
785 697 862 732 sero
904 695 1086 741 pugnabit

945 772 1088 806 agone,

151 829 196 866 Et
220 828 284 865 tibi
307 828 432 864 forsan
455 832 560 865 atrox
584 829 726 865 auferet
750 829 812 865 ille
834 833 954 874 caput.

130 896 234 932 Tunc
259 905 324 930 ea:
350 895 515 931 Pacifieis
539 896 666 942 loquar
689 906 738 931 ex
761 895 903 931 ratione
934 894 1088 940 loquelis

151 961 188 997 Si
215 962 348 1006 placet,
369 966 404 997 et
426 973 570 997 mecum
593 961 788 1006 pacificare
812 961 918 996 velis.

125 1027 349 1072 Despicerer
372 1028 529 1064 nimium
552 1029 583 1064 si
601 1032 739 1064 starem
763 1037 913 1072 semper
939 1027 1084 1069 eodem,

151 1093 219 1129 Vel
242 1093 349 1130 bona.
387 1094 447 1131 vel
489 1095 600 1139 mala,
646 1095 703 1130 vel
748 1094 846 1130 inter
886 1097 1087 1139 utrumque

915 1169 1086 1195 manens.

126 1223 262 1270 Omne,
283 1226 379 1270 quod
400 1228 456 1262 est
476 1225 664 1270 crebrum,
696 1225 813 1262 nimio
838 1225 1018 1261 sordescit
1046 1226 1081 1261 in

994 1302 1085 1334 usu;

151 1353 285 1401 Omne,
308 1357 403 1402 quod
425 1361 481 1393 est
503 1367 641 1401 rarum,
664 1357 788 1392 carius
822 1366 906 1392 esse
932 1356 1036 1392 solet.

129 1421 282 1466 Pulegio
303 1423 409 1468 piper
429 1427 486 1459 est
507 1433 730 1468 generosum
753 1422 863 1458 vilius
887 1420 988 1457 Indis
1004 1448 1014 1466 ‚

152 1487 275 1524 Vilior
296 1487 506 1524 herbicolor
527 1487 694 1524 cautibus
715 1487 816 1532 aspis
838 1487 903 1522 ibi.

125 1550 257 1590 Carior
296 1558 352 1590 est
389 1554 513 1599 grisea
556 1554 691 1599 gelidis
735 1553 910 1599 chlamys
948 1561 1085 1596 aspera

927 1617 1058 1656 Gothis
1074 1646 1084 1664 ‚

148 1683 228 1728 Qua
251 1685 328 1721 sera
349 1685 536 1721 carnificis
557 1685 713 1722 dextera
736 1687 850 1722 nudat
871 1696 991 1722 ovem.

122 1748 315 1787 Bononiae
336 1752 437 1787 claro
459 1752 542 1797 plus
565 1752 686 1787 milite
714 1762 823 1787 carus
853 1751 1012 1788 habetur

146 1817 292 1862 Clarus,
314 1821 350 1854 et
371 1817 594 1862 horrendus,
618 1817 738 1854 Marte
761 1818 906 1854 furente
935 1820 1060 1863 pedes,

120 1882 199 1918 Non
223 1884 316 1918 adeo
338 1887 441 1927 potes
463 1883 543 1928 ipse
566 1884 686 1929 queri3
705 1885 768 1920 tibi
785 1895 896 1928 saepe
914 1885 1096 1930 benigna,

144 1947 190 1984 Et
212 1950 383 1994 quamvis
406 1959 611 1994 numquam
636 1951 804 1995 prodiga,
830 1951 932 1996 larga
957 1952 1020 1988 sui.

118 2013 223 2050 Nunc
245 2025 326 2059 ego,
349 2014 403 2050 sic
425 2014 490 2050 tibi
516 2016 688 2060 proposui
712 2016 934 2052 clementior
959 2028 1056 2061 esse,

143 2078 180 2114 Si
206 2080 313 2125 libet,
336 2085 373 2116 et
394 2091 540 2116 mecum
563 2082 758 2127 pacificare
783 2083 889 2118 velis.

115 2145 226 2182 Absit
248 2147 373 2192 iniqua
397 2151 514 2194 canis,
538 2160 596 2184 me
620 2153 739 2185 tecum
766 2150 973 2195 pacificare.

139 2211 209 2248 Sed
233 2213 294 2249 tiai
318 2214 496 2259 pacificet,
519 2225 644 2256 saeva,
664 2213 864 2252 Brunellus
889 2217 1003 2253 iners.

116 2276 210 2313 Nam
234 2278 300 2314 tibi
325 2279 426 2314 nulla
447 2280 551 2321 sides,
586 2281 709 2316 nullus
749 2283 906 2326 modus;
943 2283 1076 2318 ordine

975 2347 1077 2383 nullo

10 2297 25 2328 1
32 2290 90 2328 20.

135 2406 256 2453 Vivis,
274 2413 310 2445 et
331 2412 386 2445 est
407 2412 528 2446 socius
552 2422 618 2456 pro
640 2413 781 2448 ratione
806 2414 918 2449 l'uror.

116 2473 220 2510 Tunc
241 2486 310 2511 ea:
335 2475 468 2512 iudicio
491 2487 563 2512 non
587 2483 705 2513 tecum
730 2483 829 2514 stare
849 2491 977 2515 recuso
996 2507 1005 2523 ,

138 2541 184 2578 Ut
206 2542 329 2577 videat
352 2542 411 2577 lex
435 2541 503 2577 hoe
528 2542 735 2579 Iustiniana
757 2546 892 2591 seem,

115 2605 154 2642 Si
175 2606 271 2643 bene
304 2607 421 2653 dicis,
455 2607 570 2644 hahes
589 2636 598 2653 ,
637 2611 732 2655 quod
755 2611 884 2656 abest,
922 2613 977 2647 ius
996 2641 1005 2654 ,
1040 2618 1075 2650 et

893 2678 1074 2715 rationem

136 2737 174 2774 Si
199 2739 308 2783 male,
332 2740 538 2785 praeceptis
560 2751 649 2785 ergo
672 2741 822 2787 quiesce
845 2745 953 2779 meis.

111 2803 156 2840 Ni
180 2805 326 2850 melius,
348 2816 457 2851 quam
481 2805 572 2847 iura,
595 2808 704 2852 scias,
726 2809 874 2851 ignava,
903 2815 1042 2848 rotatus

134 2868 268 2916 Staret,
289 2881 400 2916 quem
422 2881 547 2917 gyraS,
571 2873 672 2907 orbis
699 2874 732 2907 in
757 2874 846 2909 orbe
877 2886 952 2911 suo.

111 2934 252 2973 Sistere
275 2938 408 2973 iudicio
429 2938 559 2973 furiosi
585 2940 664 2983 lege
689 2944 875 2985 vetantur,

135 3002 235 3048 Ergo
257 3003 323 3040 tibi
345 3005 412 3048 ius,
435 3015 518 3040 cum
546 3005 597 3041 sis
620 3006 767 3046 furiosa,
797 3012 906 3043 κοῖαι.

111 3067 216 3105 Tunc
237 3081 306 3106 ea:
329 3072 422 3108 vade
447 3071 564 3115 ferox,
591 3071 703 3108 bostis
735 3083 838 3108 meus
876 3085 958 3109 esse
995 3085 1072 3110 me-

930 3147 1068 3178 mento.

133 3199 187 3236 Tu
210 3209 355 3246 quoquo
378 3203 482 3242 vade,
507 3202 624 3240 hostis
646 3215 730 3240 esse
752 3210 942 3242 memento
973 3219 1067 3244 mea.

440 3332 552 3370 Linum
580 3335 751 3372 Tnn‘rrvs.

112 3410 235 3486 Cum
253 3455 337 3484 mea
353 3447 562 3486 lamentans
579 3451 743 3495 elegiaca
758 3452 852 3488 sacta
874 3454 1068 3495 referrem,

2040 229 2108 270 671

1183 300 1229 337 Et
1252 311 1334 336 cum
1356 300 1524 337 fortunae
1547 301 1660 337 verba
1687 299 1836 337 inimica
1860 302 2002 341 darem,

1162 362 1260 400 Ecce
1283 366 1420 411 nitens,
1449 366 1652 412 probaque,
1684 367 1910 403 salomonior
1943 372 1980 403 et
2018 365 2120 403 Salo-

2009 443 2118 469 mone

1184 499 1280 534 Ante
1304 508 1425 533 meum
1451 500 1583 534 mulier
1607 499 1722 534 limen
1748 509 1903 534 amoena
1926 499 2039 534 stetit.

1157 562 1278 606 Quam
1321 564 1433 600 facies
1478 565 1648 606 belenat,
1689 566 1807 600 variat
1846 576 1955 610 quam
1999 565 2115 601 forma

1938 631 2116 671 vicissim,

1182 694 1286 729 Nune
1302 696 1460 741 coelum,
1480 707 1575 732 nunc
1588 697 1680 742 plus,
1698 698 1898 742 nunccapit
1917 698 1976 733 illa
1988 698 2119 733 solum.

1157 758 1267 795 Hanc
1291 760 1494 805 phronesin
1519 762 1656 798 dictam
1679 768 1833 807 septena
1849 762 1979 799 cohors
1999 763 2118 799 comi-

1996 835 2090 865 tatur
2106 857 2115 874 ‚

1183 890 1357 927 Praebuit
1380 892 1541 927 officium
1565 892 1719 930 cuilibet
1744 894 1807 930 illa
1830 905 1949 930 suum.

1161 954 1285 991 Prima
1308 957 1403 993 fovet
1422 968 1568 1002 pueros,
1592 958 1665 995 alia
1694 961 1891 1006 sylogizal,
1922 966 2093 999 amoenat

1179 1020 1319 1068 Tertia,
1349 1022 1542 1070 colloquiis
1567 1025 1744 1070 praelicat
1768 1027 1830 1063 illa
1850 1028 1980 1064 solum.

1154 1084 1259 1123 Haec
1279 1088 1434 1125 abacum
1463 1095 1657 1138 monstrat,
1694 1093 1767 1129 alia
1803 1093 2049 1138 philomenat,
2079 1098 2115 1130 et

2004 1161 2117 1197 altum

1181 1217 1301 1264 Erigit
1324 1221 1367 1256 ad
1390 1232 1545 1267 superos
1564 1225 1722 1269 septima
1747 1225 1851 1270 virgo
1874 1230 1994 1271 eaput.

1154 1284 1225 1320 His
1247 1288 1436 1330 praedicta
1459 1290 1528 1324 dea
1550 1291 1646 1326 sedit
1668 1291 1840 1327 comitata
1864 1292 2019 1335 deabus,

1178 1350 1226 1387 Et
1245 1351 1348 1397 quasi
1372 1355 1601 1397 compatiens
1625 1356 1678 1391 ius
1702 1357 1888 1401 patientis,
1920 1358 1997 1393 ait:

1155 1414 1260 1459 Quae
1284 1418 1429 1454 lethaea
1451 1425 1484 1455 tu
1495 1431 1536 1455 us
1559 1421 1698 1466 potavit
1719 1423 1849 1466 pocula
1868 1422 2036 1458 sensus?

1179 1480 1260 1524 Quo
1282 1487 1342 1519 tua
1369 1484 1546 1521 dormitat
1573 1496 1678 1521 mens
1707 1489 1906 1532 peregrina
1935 1488 2043 1524 loco?

1155 1544 1264 1583 Certe
1286 1559 1418 1585 coecus
1438 1561 1490 1596 es,
1513 1555 1548 1587 et
1572 1555 1632 1587 tua
1655 1563 1762 1588 mens
1784 1553 1976 1590 exorbitat
1997 1555 2106 1599 idem,

1177 1611 1379 1650 Tantillum
1404 1618 1539 1660 nescis,
1563 1618 1658 1662 quod
1680 1617 1805 1653 schola
1826 1619 1929 1654 docta
1949 1619 2062 1655 dedit.

1150 1679 1234 1715 Heu
1251 1687 1429 1726 quantum
1447 1683 1606 1727 pateris!
1629 1685 1680 1720 De
1694 1685 1771 1719 sola
1792 1690 1917 1720 mente
1937 1686 2106 1721 dolesco:
2140 1695 2192 1728 10,

1174 1745 1278 1789 Quod
1304 1753 1383 1783 tuus
1406 1749 1473 1784 hoc
1498 1760 1656 1794 peregre
1679 1755 1846 1795 tempore
1867 1761 1998 1787 sensus
2021 1752 2110 1788 abit.

1154 1809 1190 1845 Si
1217 1812 1309 1848 soret
1336 1812 1395 1848 hic
1418 1814 1623 1860 llypoeras‚
1642 1819 1680 1851 et
1701 1820 1773 1851 tota
1793 1816 1938 1851 medela
1955 1816 2115 1858 Salerni,

1177 1877 1349 1914 Morbida
1374 1890 1462 1920 non,
1486 1881 1543 1915 vel
1568 1881 1644 1925 vix,
1666 1892 1773 1917 mens
1794 1887 1851 1917 tua
1871 1892 1962 1918 sana
1987 1883 2093 1920 soret.

1147 1942 1241 1977 Nam
1260 1945 1390 1989 nequit
1405 1946 1595 1991 antiquum
1611 1948 1799 1983 medicina
1821 1949 2005 1994 repellere
2020 1961 2117 1984 mor-

2014 2017 2115 2061 bum,

1177 2074 1358 2121 Quodque
1379 2076 1441 2112 diu
1470 2078 1602 2122 crevit,
1626 2080 1736 2116 durat
1760 2081 1883 2117 inesse
1906 2082 1981 2118 diu.

1154 2141 1231 2179 Heu
1252 2142 1260 2178 l
1287 2144 1393 2180 doleo
1413 2155 1526 2195 super
1549 2145 1634 2190 hoc,
1659 2148 1752 2192 quod
1777 2153 1942 2184 mentem
1961 2150 2114 2194 perdis,

1958 2219 1993 2251 et
2014 2217 2115 2252 omni

1172 2273 1367 2312 Brutescis
1389 2287 1515 2320 sensu,
1538 2277 1655 2314 bestia
1678 2279 1794 2316 sactus
1815 2280 1937 2317 homo.

1149 2338 1246 2382 Quid
1276 2342 1341 2378 tibi
1372 2353 1453 2378 cum
1485 2343 1579 2390 laer)
1593 2345 1695 2380 mis?
1720 2346 1974 2393 lacrymarum
2006 2349 2112 2393 copia

1967 2414 2111 2449 nullum

1170 2472 1396 2518 Par-ticipem
1421 2473 1508 2519 voti,
1531 2477 1695 2512 debilem
1719 2482 1754 2514 at
1774 2488 1856 2514 esse
1880 2478 1976 2515 facit.

1148 2535 1218 2579 Qui
1243 2539 1359 2583 gemit
1381 2539 1591 2584 ingeminat
1611 2553 1676 2578 sua
1700 2544 1836 2579 damna
1856 2557 1864 2588 ;
1886 2545 2012 2580 dolore
2036 2547 2106 2581 do—

1993 2612 2108 2647 lorem

1170 2668 1352 2714 Ampliat,
1377 2675 1410 2706 et
1434 2672 1571 2716 duplici
1595 2674 1725 2709 sunere
1751 2675 1857 2710 vivus
1879 2675 1966 2711 obit.

1149 2732 1245 2776 Quid
1277 2736 1356 2781 libi,
1397 2741 1432 2772 et
1475 2738 1637 2783 injustae
1680 2740 1878 2776 fortunae?
1918 2742 2106 2787 multaque

1959 2818 2108 2852 semper

1169 2865 1304 2902 Passus
1332 2878 1371 2903 es
1399 2869 1590 2913 opprobrii
1619 2871 1766 2906 vincula
1795 2877 1944 2917 propter
1972 2885 2069 2909 eam.

1144 2930 1211 2966 Vis
1232 2933 1349 2976 ipsam
1374 2944 1445 2968 non
1465 2945 1547 2971 esse
1572 2947 1704 2980 vagam
1721 2937 1737 2971 ἱ)
1756 2943 1886 2974 natura
1910 2945 2104 2984 repugnat.

1168 2996 1271 3038 Quae
1291 2999 1389 3034 dedit
1413 3000 1625 3036 instabilem
1644 3013 1807 3047 semper,
1825 3010 1861 3040 et
1876 3015 1959 3040 esse
1980 3017 2127 3050 vagam.

1143 3061 1311 3098 Seminat
1339 3065 1375 3099 in
1403 3066 1522 3109 spinis
1553 3073 1706 3103 naturae
1736 3070 1813 3104 iura
1844 3076 2075 3116 retraetans,

1166 3126 1350 3164 Garrulae
1377 3130 1508 3165 divelli
1539 3142 1627 3167 rana
1658 3133 1792 3177 palude
1821 3137 1961 3181 nequit.

1141 3192 1210 3236 Qui
1239 3194 1338 3239 cupit
1364 3196 1512 3231 auferre
1542 3204 1725 3242 naturam,
1749 3203 1911 3238 seminat
1934 3203 2104 3250 berham,

1165 3260 1275 3295 Cuius
1305 3261 1339 3294 in
1369 3263 1498 3297 Arturi
1528 3267 1692 3308 tempore
1720 3266 1858 3302 fructus
1885 3270 1968 3305 erit.

1147 3323 1201 3359 'l'e
1230 3327 1340 3361 nimis
1368 3338 1457 3362 aura
1487 3333 1579 3364 rotat
1608 3331 1840 3377 nimiumque
1876 3337 2038 3372 moveris
2067 3348 2102 3373 a-
2134 3348 2179 3382 20

1966 3404 2104 3441 maris:

1166 3454 1209 3492 lii
1238 3458 1395 3493 nimium
1424 3462 1596 3496 stoli-lum
1627 3467 1660 3498 te
1691 3464 1774 3500 lacit
1803 3476 1885 3502 esse
1912 3469 2027 3503 dolor.
