2517 4009
49 323 170 367 Quam
188 322 312 367 gravis
331 321 390 356 hic
416 319 523 355 laboi-
539 345 548 359 ,
565 323 599 354 et
617 330 727 365 quam
756 330 893 361 masna
913 319 1021 354 indu-

747 378 838 412 stria
865 376 999 411 mentis
1017 402 1025 418 ,

79 436 242 472 Noscere
269 431 394 468 veraci
425 433 639 468 contritione
669 433 813 477 piohol

54 492 175 537 Saepe
199 493 317 527 bonos
341 491 504 525 mendax
526 491 710 525 incutitur
732 490 862 534 opinio
882 500 1026 533 pravos,

78 550 202 594 Atque
228 558 249 582 e
276 557 460 583 converso
488 552 679 591 promovet
711 547 790 590 ipsa
820 548 950 580 malos.

0 641 4 651 ,
55 605 190 642 Omnis
211 614 307 649 quae
327 602 437 638 niveo
468 603 630 638 volucris
660 603 857 646 plumescit
881 603 1030 645 amictu,

0 1845 16 1872 ,Ι

82 661 161 696 Non
188 664 269 702 est,
300 661 330 694 si
358 659 536 701 simulet,
559 670 648 694 vera
674 659 846 694 ealumha
878 665 1000 693 tamen
1019 684 1028 701 ‚

54 715 175 760 Saepe
199 715 269 750 sub
297 715 437 757 agnina
469 716 555 750 latet
582 715 708 750 hircus
733 715 830 758 pelle
855 714 1001 758 Lycaon
1024 726 1032 755 ;

78 771 228 817 Subque
256 770 396 808 Catone
425 772 486 816 pio
515 772 678 816 pertidus
708 772 786 815 ipse
814 769 925 805 Nero.

54 827 85 863 E
101 831 232 863 contra
250 828 347 863 bene
365 829 463 867 scis,
484 829 583 863 iuter
602 830 693 862 latet
712 827 859 870 hispida
878 825 1000 860 mollis

74 883 260 928 Tegmina
289 885 504 928 sanguineo
534 886 648 920 tincta
682 884 818 918 rubore
849 893 946 916 rosa.

51 939 220 986 Tamque
238 942 348 976 doces
377 941 676 983 clarolthacmn,
707 939 924 984 prolemque
948 937 1027 973 Phi—

937 993 1030 1038 lippi

76 1053 253 1089 Membra
282 1063 350 1098 per
379 1053 557 1088 obscuros
585 1053 696 1088 litera
724 1050 844 1097 prisca
876 1052 1002 1087 refert.

50 1109 168 1146 Multa
199 1110 304 1144 vides
333 1110 446 1153 igitur
476 1110 643 1154 phaleris
665 1110 896 1144 circumdata
920 1109 1028 1153 lictis,

77 1164 182 1208 Quae
197 1175 238 1200 se
254 1166 364 1209 longe
378 1167 506 1209 aliter,
522 1177 632 1210 quam
649 1166 859 1207 videantur,
878 1166 1029 1199 babent.

53 1220 218 1256 Iniustos
245 1221 425 1258 habuisse
454 1223 560 1257 doles
591 1223 738 1259 l'astieia
768 1221 927 1256 rerum?

81 1276 206 1322 Longa
235 1278 301 1314 tibi
328 1283 446 1314 status
474 1278 534 1314 hic
562 1289 672 1314 causa
702 1277 841 1313 doloris
861 1279 944 1313 erit.

56 1332 177 1376 Quam
204 1335 254 1370 sit
280 1335 325 1370 ad
353 1334 430 1371 alta
459 1335 556 1370 trahi
599 1334 778 1371 miserum
809 1333 1031 1370 mortalibus

920 1400 1028 1426 omen

77 1446 212 1483 Nescis
233 1475 243 1493 ,
268 1447 299 1483 si
327 1448 445 1484 scires
472 1448 541 1483 hoc
563 1477 572 1493 ,
597 1448 751 1483 siluisse
778 1447 886 1485 velis.

58 1502 262 1553 Prpmoves
289 1505 451 1540 iniustos
479 1504 656 1539 volubilis
673 1533 682 1549 ‚
712 1508 748 1539 ut
774 1515 863 1549 quos

87 1558 278 1595 Scandere
308 1562 536 1605 praecipites
565 1561 676 1604 lecit,
707 1561 751 1596 ad
782 1563 854 1596 ima
893 1564 986 1596 rotet

63 1614 157 1652 Nam
186 1620 336 1660 gravior
364 1620 436 1654 ruit
464 1618 578 1652 turris
605 1618 802 1653 tumefacta
833 1617 961 1662 ruina,

86 1671 134 1709 Et
162 1676 314 1718 gravius
342 1675 461 1718 pulsat
489 1674 563 1709 alta
591 1684 790 1718 cupressus
815 1674 983 1708 humum.

1088 250 1099 284 ἰ
1151 246 1219 285 ltl.
1973 240 2050 278 673

1091 316 1122 352 Ο
1154 326 1304 351 coecum
1332 314 1495 349 murtale
1525 311 1670 357 genus!
1701 311 1789 356 quid
1813 310 1925 347 tutius
1946 320 2037 354 ergo

1126 373 1382 417 Paupertate?
1413 371 1506 406 Fere
1535 369 1614 408 nil:
1645 368 1736 404 nihil
1767 368 1906 412 absque
1935 368 2026 403 sere.

1102 429 1204 463 Vade
1229 439 1293 472 per
1310 427 1498 470 Hispanos
1514 453 1522 467 ‚
1545 430 1578 460 et
1604 426 1730 460 nimos
1749 427 1840 459 velle
1859 435 1920 468 per
1939 425 2062 468 Indos,

1125 484 1227 519 Vade
1258 495 1322 527 per
1353 483 1533 523 insidias,
1559 484 1651 515 vade
1675 492 1740 525 per
1767 492 1877 516 omne
1907 491 2036 515 nemus
2056 507 2064 519 ‚

1102 540 1206 574 Yade
1223 550 1280 583 pei
1304 539 1456 573 hostiles
1472 543 1856 581 cuneos‚tuimas14ue
1874 539 2075 581 latronum,

1126 597 1334 632 Dummodo
1362 596 1414 629 sis·
1444 604 1555 628 ierus
1576 621 1584 636 ‚
1615 598 1710 628 tutus
1739 604 1880 636 egenus
1907 594 1997 628 eris.

1103 652 1199 694 Quid
1230 653 1340 687 saciet
1369 662 1506 685 vacuus
1534 661 1658 684 coram
1693 651 1836 684 latrone
1866 650 2015 684 xiaior‘?

1129 708 1264 743 Laetus
1280 735 1289 750 ‚
1319 712 1354 742 et
1380 708 1588 750 intrepidus
1608 706 1733 740 fundet
1753 707 1796 740 ad
1819 709 1916 740 astra
1938 706 2066 742 melos.

1104 764 1199 806 Quid
1223 764 1321 798 rutili
1340 768 1500 808 torques,
1516 762 1601 807 quid
1621 766 1774 805 prosunt
1794 771 1884 797 eruo
1903 762 2065 797 thiarae?

1126 819 1223 862 Quid
1246 824 1455 863 sceptrum,
1485 817 1571 862 quid
1596 817 1711 852 honos
1727 819 1743 851 ξ’
1767 817 1855 861 quid
1878 817 2068 852 loculusve

1943 877 2069 910 satur?

1100 930 1245 973 Quidve
1263 929 1530 973 magistratus?
1545 932 1578 964 at
1595 928 1681 974 quid
1697 918 1863 972 preciosa
1879 930 2071 973 supellex?

1125 987 1346 1030 Paupertate
1376 986 1471 1021 nihil
1500 986 1611 1021 tutins
1639 994 1722 1019 esse
1751 989 1884 1028 potest.

1099 1043 1203 1077 'l‘unc
1229 1053 1324 1087 ego:
1354 1041 1458 1077 Scire
1486 1042 1627 1086 velim,
1655 1041 1685 1076 si
1716 1051 1788 1076 non
1830 1041 1944 1076 nimis
1969 1045 2071 1077 esset

1871 1102 2072 1132 onustum:

1122 1155 1278 1190 Mondus
1306 1166 1352 1190 an
1381 1155 1442 1189 hic
1472 1155 1569 1189 vitae
1596 1152 1795 1189 deterioris
1821 1153 1931 1189 erit?

1097 1212 1156 1245 An
1187 1210 1408 1256 proprium,
1435 1211 1531 1255 quod
1561 1221 1668 1255 amo,
1699 1210 1822 1245 scelus
1849 1214 1988 1253 exue13
2023 1221 2070 1246 an

1827 1268 1950 1310 magis
1976 1267 2046 1302 isto
2062 1295 2072 1312 ,

1122 1321 1202 1365 Quo
1231 1322 1352 1366 iacet,
1382 1322 1514 1357 infelix
1542 1321 1657 1357 stabit
1684 1322 1721 1357 in
1749 1331 1832 1357 esse
1859 1322 1954 1358 suo?

1100 1377 1166 1413 Dic
1196 1382 1320 1413 tamen
1348 1379 1448 1413 uncle
1489 1389 1603 1423 supra
1643 1377 1830 1428 memini,
1862 1379 1958 1414 bene
1985 1390 2068 1415 cum
2116 1388 2174 1421 9ο,

1886 1438 2077 1473 retulisti?

1127 1491 1348 1526 Immundus
1376 1492 1539 1526 mundus
1568 1503 1663 1537 quae
1691 1493 1758 1528 tihi
1783 1495 1921 1528 munda
1949 1493 2081 1530 dabit:

1103 1546 1208 1582 Tunc
1231 1558 1300 1583 ea:
1321 1548 1394 1583 Vix
1424 1549 1596 1584 umbram
1621 1550 1742 1594 gerit,
1765 1549 1857 1585 haec
1880 1551 2077 1595 praeludia

1950 1617 2075 1641 rerum

1128 1659 1286 1697 Solvere
1315 1661 1544 1705 propositum
1574 1662 1769 1697 luciditate
1795 1666 1948 1707 queunt.

63 1730 172 1766 Mens
191 1730 386 1766 hominum
404 1734 553 1775 quantis
573 1741 745 1765 errorum
763 1742 872 1766 coeca
892 1731 1058 1766 terebris
1104 1717 1289 1762 Numquid
1310 1719 1354 1751 δά
1371 1723 1567 1760 ὃΓὲΟΗΠΠΠ
1587 1728 1677 1761 ΡΗΓΟ
1695 1720 1890 1754 veniamus
1907 1721 1952 1755 ab
1970 1731 2073 1766 aum,

86 1786 297 1830 Mergitur,
325 1792 362 1823 ut
391 1793 536 1831 reputet
565 1787 641 1821 sola
671 1788 831 1822 nefanda
862 1787 1011 1821 bonum.

69 1841 150 1878 Non
179 1843 294 1888 felix,
323 1845 385 1889 qui
415 1854 486 1878 non
517 1843 577 1878 ubi
608 1847 749 1879 crescat
776 1843 944 1887 honore,
969 1844 1033 1878 sed

860 1900 920 1935 hic
938 1927 946 1943 ‚
974 1900 1037 1944 qui

90 1956 172 1992 Non
197 1957 257 1993 ubi
276 1958 492 2002 decrescat,
517 1968 586 2003 quo
607 1968 728 2002 neque
744 1960 862 2002 possis
879 1985 888 2001 ‚
913 1959 1036 1993 habet.

69 2012 146 2048 Vae
175 2013 268 2049 tibil
299 2025 368 2050 vae
398 2016 556 2050 mortale
586 2025 724 2059 genus,
753 2016 848 2060 quod
888 2025 1038 2059 semper

893 2073 938 2107 ad
967 2072 1040 2107 alta

89 2124 230 2162 Niteris
250 2153 259 2170 ‚
288 2130 326 2162 ut
354 2127 458 2172 lapsu
487 2128 689 2172 perfidiore
715 2129 840 2164 cadas.

68 2181 136 2218 Hic
163 2183 336 2228 gladios,
363 2183 423 2219 hic
450 2187 578 2229 poeula
606 2195 740 2220 saevus
768 2190 804 2220 et
833 2185 948 2221 hostis
967 2214 975 2229 ‚
1004 2191 1040 2223 et

903 2243 1038 2287 hospes

93 2296 297 2340 Temperat
324 2296 498 2332 interitus
524 2297 606 2331 dira
639 2307 785 2332 venena
812 2298 882 2334 sui.

67 2352 210 2395 Aspice
236 2352 294 2387 cui
324 2353 460 2388 totiens
487 2354 660 2396 capitolia
689 2354 789 2388 ce¹sa
814 2353 1022 2398 triumphos

96 2409 341 2452 Obtulerant,
369 2410 546 2444 famulum
576 2411 647 2445 fata
675 2411 803 2445 tulisse.
830 2422 950 2446 suum.

71 2467 210 2511 Aspice
234 2476 344 2511 quem
366 2464 536 2512 Babylon
560 2467 694 2510 cupido
719 2469 856 2511 potavit
879 2467 914 2501 in
937 2479 1039 2513 auro,

99 2523 261 2568 Fataque
289 2533 400 2568 quam
429 2523 558 2558 tulerit
587 2521 729 2558 Caesar
757 2524 892 2559 acerba
921 2526 1010 2559 suis.

73 2578 206 2615 Nonne
227 2580 331 2615 ferox
347 2579 502 2615 Macedo
523 2584 710 2624 protectus
729 2581 775 2615 ah
794 2581 897 2616 hoste
919 2587 1046 2628 tyran-

974 2651 1042 2675 uus

97 2693 217 2730 Corda
245 2697 454 2729 venenatus
484 2695 582 2730 inter
610 2694 730 2730 amica
759 2696 885 2739 perit?

75 2750 172 2794 Quid
200 2750 357 2787 Darium
386 2750 576 2786 reseram?
601 2752 686 2795 quid
712 2751 885 2796 Cyrum?
909 2753 1043 2797 quidve

826 2808 1046 2844 Neronem?

99 2863 195 2900 Nam
227 2863 328 2900 tenui
355 2872 507 2907 semper
536 2863 663 2898 omine
692 2864 826 2907 pendet
856 2865 984 2899 honor.

77 2920 177 2957 Ecce
204 2922 472 2956 modernorum
501 2918 633 2963 priscis
661 2921 834 2965 exempla
866 2922 1019 2967 relictis,

101 2977 326 3022 Paupertate
354 2976 447 3012 nihil
477 2977 588 3011 tutius
616 2986 699 3011 esse
726 2977 871 3012 docent.

78 3033 218 3070 Unicus
247 3033 310 3069 ille
338 3033 420 3076 leo,
449 3033 534 3067 fidei
563 3033 694 3075 xigor,
723 3034 852 3067 unicus
881 3033 953 3068 imo

101 3091 256 3133 Murus,
285 3094 322 3125 et
349 3089 493 3124 hostilis
522 3089 651 3123 unicus
680 3087 743 3123 ille
768 3089 901 3128 timor,

77 3147 159 3182 Dux
187 3147 306 3188 serus,
332 3151 367 3180 et
391 3148 542 3180 nostrae
562 3144 753 3179 Conradus
778 3155 888 3179 causa
917 3144 1047 3179 salutis

101 3202 176 3237 Cur
193 3201 210 3236 ‘l
235 3203 321 3247 quia
350 3211 508 3242 maenus
535 3205 635 3243 erat,
664 3201 876 3244 proditione
900 3201 1008 3244 perit.

81 3257 151 3302 Qui
170 3259 278 3293 modo
295 3262 498 3302 regnantes
519 3283 527 3300 ,
551 3261 586 3292 et
610 3257 720 3291 sortes
746 3257 908 3296 fregerat
925 3268 1043 3302 arces,

100 3315 168 3352 Cui
198 3325 315 3360 genus
332 3341 341 3358 ,
368 3317 405 3350 et
431 3324 566 3348 census
596 3313 726 3347 robora
753 3314 866 3348 multa
890 3313 1044 3357 (labant,

75 3373 202 3417 Nuper
231 3372 329 3407 idem
359 3371 497 3405 misero
524 3370 591 3404 suh
622 3369 850 3412 paupertatis
879 3370 1015 3405 amictu

98 3429 265 3474 Captus,
292 3431 328 3464 et
354 3427 515 3462 ioclusus
544 3425 726 3470 Anglicus
755 3429 835 3460 acta
864 3425 956 3469 luit,

1128 1775 1236 1808 Alter
1264 1773 1310 1807 ab
1339 1778 1497 1808 amento
1526 1784 1656 1808 cursus
1687 1776 1731 1810 ad
1761 1786 1849 1810 aera
1879 1776 1956 1812 suit.

1103 1829 1252 1864 ‘fei-uus
1281 1830 1317 1864 in
1348 1830 1486 1864 serrum
1515 1831 1561 1866 sit
1589 1840 1716 1866 cursus
1744 1832 1790 1866 ab
1830 1842 1918 1868 aere
1940 1861 1948 1877 ‚
1977 1836 2074 1879 quod

1916 1893 1951 1926 et
1979 1902 2076 1927 nunc

1132 1941 1275 1978 Decidit
1305 1943 1338 1977 in
1368 1954 1477 1978 cursu
1507 1945 1693 1979 deteriore
1720 1945 1862 1989 lutum,

1110 1999 1313 2034 Deficiente
1335 2001 1408 2035 luto
1435 2002 1523 2044 quid
1549 2001 1650 2035 erit?
1673 2001 1865 2037 veniemus
1886 2004 1930 2038 ad
1955 2005 2074 2047 ipsum

1134 2055 1282 2090 Stemus
1301 2083 1309 2097 ,
1337 2061 1370 2091 et
1400 2058 1436 2091 iu
1468 2059 1528 2092 tali
1562 2059 1695 2093 foeteat
1723 2059 1845 2094 tunnis
1878 2059 1998 2095 homo.

1109 2112 1231 2155 Ecce,
1254 2113 1359 2147 vides
1378 2141 1386 2156 ,
1408 2113 1559 2158 quantis
1589 2116 1765 2158 putrescit
1793 2117 1963 2150 sordibus
1993 2118 2061 2154 iste

1132 2168 1291 2203 Mundus
1308 2195 1317 2211 ,
1346 2173 1382 2204 et
1410 2169 1478 2204 hoc
1506 2170 1584 2213 ipso
1608 2180 1741 2206 nomen
1767 2173 1907 2207 haltere
1932 2174 2074 2218 nequit,

1108 2220 1243 2255 Omnia
1272 2223 1528 2262 degenerant:
1550 2223 1739 2265 peioribus
1764 2226 1889 2258 omnia
1915 2231 2070 2262 currunt

1131 2278 1332 2322 Cursibus,
1360 2283 1395 2312 et
1424 2279 1539 2312 fracto
1569 2284 1735 2321 remige,
1767 2281 1875 2315 navis
1904 2282 1991 2317 ahit.

1105 2333 1266 2368 Mundus
1289 2339 1391 2369 amat
1410 2360 1416 2373 ,
1435 2336 1606 2378 spernit,
1632 2340 1773 2379 tenuat,
1797 2341 1960 2372 sectatur
1977 2364 1986 2380 ‚
2007 2339 2072 2374 ab·

1628 2440 1634 2446 ,
1938 2401 2078 2448 horret,

1138 2455 1306 2490 Pessima
1324 2481 1332 2497 ‚
1363 2455 1561 2498 iustitiam,
1592 2455 1696 2498 iura,
1720 2456 1879 2491 nefanda
1896 2483 1905 2498 ‚
1925 2457 2076 2492 bonum.

1109 2512 1269 2547 Mundus
1313 2512 1378 2547 alit
1406 2513 1577 2551 fraudes,
1621 2514 1759 2548 rel'oxet
1793 2514 1938 2551 scelus.
1976 2518 2077 2549 arcet

1898 2569 2049 2605 honesta
2067 2597 2076 2614 ‚

1139 2625 1252 2660 Recta
1285 2626 1371 2666 sunit
1392 2653 1401 2669 ,
1429 2626 1540 2662 violat
1571 2627 1716 2661 foedera
1735 2653 1743 2669 ‚
1773 2626 1876 2660 foeda
1904 2627 2016 2670 cupit.

1112 2684 1194 2729 Ipsa
1225 2691 1331 2729 caput
1362 2686 1489 2720 mundi
1519 2687 1664 2721 venalis
1696 2684 1797 2720 curia
1829 2685 1962 2728 Papae.

1139 2742 1295 2783 prostat,
1324 2747 1357 2777 et
1392 2741 1552 2776 iuliimat
1582 2746 1729 2776 rat-teia
1760 2743 1927 2776 membra
1946 2745 2065 2786 caput.

1114 2798 1266 2833 Sacrum
1288 2802 1409 2834 (cerne
1429 2799 1531 2833 noras
1550 2798 1956 2841 nostroquepudentius
1971 2797 2076 2842 aevo)
2105 2803 2183 2836 100.

1137 2855 1325 2890 Venditur
1355 2855 1390 2888 in
1413 2882 1422 2898 ‚
1453 2857 1549 2898 turpi
1577 2853 1788 2889 conditione
1808 2882 1817 2897 ‚
1846 2855 1939 2895 [0103

1113 2911 1285 2945 (Ihrisma
1315 2921 1462 2944 sai-rum
1482 2936 1490 2952 ‚
1519 2919 1625 2943 sacer
1653 2910 1742 2943 ordo
1761 2936 1770 2952 ‚
1799 2909 1932 2944 altaria
1958 2918 2078 2951 sacra,

1935 2969 2080 2999 sacrata

1139 3023 1366 3068 Donazquid
1391 3022 1482 3056 haec
1506 3023 1600 3057 ultra
1621 3022 1638 3054 ?
1659 3022 1831 3055 venditur
1855 3019 1934 3064 ipse
1958 3021 2067 3056 Deus.

1116 3081 1146 3116 Ο
1181 3090 1300 3122 sacra,
1339 3090 1432 3124 quae
1469 3089 1595 3114 saclas
1631 3078 1819 3113 maculant
1851 3077 2075 3112 cmnmercia

1931 3144 2076 3169 merces

1140 3194 1171 3229 O
1187 3204 1306 3235 saera,
1324 3203 1418 3237 quae
1437 3193 1571 3227 faciunt
1592 3191 1729 3226 coelica
1753 3190 1889 3234 templa
1907 3189 2050 3224 sorum!

1115 3254 1206 3288 'l'ale
1238 3259 1317 3288 tuus
1348 3254 1505 3288 niundus
1530 3282 1537 3297 ‚
1569 3253 1598 3286 si
1628 3251 1790 3286 mundus
1819 3251 1897 3284 iure
1926 3253 2077 3284 vocatur

1138 3312 1228 3346 Tale
1258 3311 1527 3356 frequentatum
1550 3310 1669 3344 studet
1698 3308 1839 3342 hahere
1875 3307 2005 3341 sorum.

1115 3366 1236 3411 Eece,
1275 3368 1340 3402 sed
1384 3368 1449 3402 isla
1493 3368 1622 3411 pudet)
1665 3366 1901 3405 cii-cunuaga
1942 3362 2075 3404 turha,

1888 3417 2077 3454 scholares

1700 3466 1778 3505 236
