<?xml version="1.0" encoding="UTF-8"?>
<!DOCTYPE html PUBLIC "-//W3C//DTD XHTML 1.0 Transitional//EN"
    "http://www.w3.org/TR/xhtml1/DTD/xhtml1-transitional.dtd">
<html xmlns="http://www.w3.org/1999/xhtml" xml:lang="en" lang="en">
 <head>
  <title>
</title>
<meta http-equiv="Content-Type" content="text/html;charset=utf-8" />
  <meta name='ocr-system' content='tesseract 3.04.00' />
  <meta name='ocr-capabilities' content='ocr_page ocr_carea ocr_par ocr_line ocrx_word'/>
</head>
<body>
  <div class='ocr_page' id='page_1' title='image "./bibliothecalatin05fabruoft/bibliothecalatin05fabruoft_0472.png"; bbox 0 0 2533 4009; ppageno 0'>
   <div class='ocr_carea' id='block_1_1' title="bbox 446 203 1317 309">
    <p class='ocr_par' dir='ltr' id='par_1_1' title="bbox 446 203 1317 309">
     <span class='ocr_line' id='line_1_1' title="bbox 446 203 1317 309; baseline -0.022 -1"><span class='ocrx_word' id='word_1_1' title='bbox 446 203 616 309; x_wconf 53' lang='grc' dir='ltr'><strong><em>4ὃὸοτϊίο</em></strong></span> <span class='ocrx_word' id='word_1_2' title='bbox 648 268 683 302; x_wconf 84' lang='lat' dir='ltr'><strong><em>et</em></strong></span> <span class='ocrx_word' id='word_1_3' title='bbox 709 257 924 300; x_wconf 82' lang='lat' dir='ltr'><strong><em>Kalendar.</em></strong></span> <span class='ocrx_word' id='word_1_4' title='bbox 957 239 1044 293; x_wconf 80' lang='lat' dir='ltr'><strong><em>MS.</em></strong></span> <span class='ocrx_word' id='word_1_5' title='bbox 1074 256 1116 292; x_wconf 90' lang='grc'><strong><em>8.</em></strong></span> <span class='ocrx_word' id='word_1_6' title='bbox 1147 251 1317 290; x_wconf 62' lang='lat' dir='ltr'><strong><em>Geni-sti.</em></strong></span> 
     </span>
    </p>
   </div>
   <div class='ocr_carea' id='block_1_2' title="bbox 443 312 1414 3269">
    <p class='ocr_par' dir='ltr' id='par_1_2' title="bbox 447 312 1382 429">
     <span class='ocr_line' id='line_1_2' title="bbox 503 312 1382 367; baseline -0.02 -2"><span class='ocrx_word' id='word_1_7' title='bbox 503 331 543 367; x_wconf 58' lang='lat' dir='ltr'><strong><em>t.</em></strong></span> <span class='ocrx_word' id='word_1_8' title='bbox 574 326 666 364; x_wconf 85' lang='lat' dir='ltr'><strong><em>Idus</em></strong></span> <span class='ocrx_word' id='word_1_9' title='bbox 694 320 783 358; x_wconf 83' lang='lat' dir='ltr'><strong><em>Julii</em></strong></span> <span class='ocrx_word' id='word_1_10' title='bbox 814 315 1032 354; x_wconf 84' lang='lat' dir='ltr'><strong><em>Translatio</em></strong></span> <span class='ocrx_word' id='word_1_11' title='bbox 1076 314 1144 352; x_wconf 92' lang='lat' dir='ltr'><strong><em>SS.</em></strong></span> <span class='ocrx_word' id='word_1_12' title='bbox 1181 312 1382 358; x_wconf 77' lang='lat' dir='ltr'><strong>Quintiani</strong></span> 
     </span>
     <span class='ocr_line' id='line_1_3' title="bbox 447 384 666 429; baseline -0.041 -3"><span class='ocrx_word' id='word_1_13' title='bbox 447 398 486 429; x_wconf 76' lang='lat' dir='ltr'><strong><em>et</em></strong></span> <span class='ocrx_word' id='word_1_14' title='bbox 511 384 666 426; x_wconf 86' lang='lat' dir='ltr'><strong><em>Sidonii.</em></strong></span> 
     </span>
    </p>

    <p class='ocr_par' dir='ltr' id='par_1_3' title="bbox 444 431 1385 606">
     <span class='ocr_line' id='line_1_4' title="bbox 498 431 1385 487; baseline -0.02 -3"><span class='ocrx_word' id='word_1_15' title='bbox 498 449 618 484; x_wconf 73' lang='lat' dir='ltr'><strong><em>Vetus</em></strong></span> <span class='ocrx_word' id='word_1_16' title='bbox 644 438 841 487; x_wconf 63' lang='lat' dir='ltr'><strong><em>inscriptio</em></strong></span> <span class='ocrx_word' id='word_1_17' title='bbox 870 446 983 473; x_wconf 78' lang='lat' dir='ltr'><strong><em>arcae</em></strong></span> <span class='ocrx_word' id='word_1_18' title='bbox 1014 433 1166 472; x_wconf 79' lang='lat' dir='ltr'><strong><em>funebri</em></strong></span> <span class='ocrx_word' id='word_1_19' title='bbox 1200 433 1320 469; x_wconf 86' lang='lat' dir='ltr'><strong><em>incisa</em></strong></span> <span class='ocrx_word' id='word_1_20' title='bbox 1349 431 1385 467; x_wconf 87' lang='lat' dir='ltr'><strong><em>in</em></strong></span> 
     </span>
     <span class='ocr_line' id='line_1_5' title="bbox 447 490 1385 546; baseline -0.02 0"><span class='ocrx_word' id='word_1_21' title='bbox 447 506 616 546; x_wconf 68' lang='lat' dir='ltr'><strong><em>Ecclesia</em></strong></span> <span class='ocrx_word' id='word_1_22' title='bbox 643 503 681 538; x_wconf 91' lang='lat' dir='ltr'><strong><em>S.</em></strong></span> <span class='ocrx_word' id='word_1_23' title='bbox 707 498 907 537; x_wconf 45' lang='lat' dir='ltr'><strong><em>§sturnini</em></strong></span> <span class='ocrx_word' id='word_1_24' title='bbox 928 495 1124 534; x_wconf 60' lang='lat' dir='ltr'><strong><em>nai-daci:</em></strong></span> <span class='ocrx_word' id='word_1_25' title='bbox 1152 494 1231 532; x_wconf 85' lang='lat' dir='ltr'><strong><em>IlIC</em></strong></span> <span class='ocrx_word' id='word_1_26' title='bbox 1255 490 1385 530; x_wconf 86' lang='lat' dir='ltr'><strong><em>SUNT</em></strong></span> 
     </span>
     <span class='ocr_line' id='line_1_6' title="bbox 444 551 1358 606; baseline -0.018 -1"><span class='ocrx_word' id='word_1_27' title='bbox 444 568 542 606; x_wconf 83' lang='lat' dir='ltr'><strong><em>DL&#39;O</em></strong></span> <span class='ocrx_word' id='word_1_28' title='bbox 574 558 851 602; x_wconf 65' lang='lat' dir='ltr'><strong><em>INOCENTES</em></strong></span> <span class='ocrx_word' id='word_1_29' title='bbox 882 557 923 579; x_wconf 67' lang='lat'><strong><em>*¹*</em></strong></span> <span class='ocrx_word' id='word_1_30' title='bbox 954 557 1018 594; x_wconf 86' lang='lat' dir='ltr'><strong><em>ET</em></strong></span> <span class='ocrx_word' id='word_1_31' title='bbox 1049 556 1086 592; x_wconf 88' lang='lat' dir='ltr'><strong><em>S.</em></strong></span> <span class='ocrx_word' id='word_1_32' title='bbox 1113 551 1358 593; x_wconf 78' lang='lat' dir='ltr'><strong><em>SIDONIUS.</em></strong></span> 
     </span>
    </p>

    <p class='ocr_par' dir='ltr' id='par_1_4' title="bbox 443 612 1389 795">
     <span class='ocr_line' id='line_1_7' title="bbox 496 612 1389 668; baseline -0.015 -5.85"><span class='ocrx_word' id='word_1_33' title='bbox 496 625 552 664; x_wconf 75' lang='lat' dir='ltr'><strong><em>Ad</em></strong></span> <span class='ocrx_word' id='word_1_34' title='bbox 593 624 733 660; x_wconf 75' lang='lat' dir='ltr'><strong><em>librum</em></strong></span> <span class='ocrx_word' id='word_1_35' title='bbox 772 620 798 656; x_wconf 92' lang='lat' dir='ltr'><strong><em>l.</em></strong></span> <span class='ocrx_word' id='word_1_36' title='bbox 829 619 943 668; x_wconf 78' lang='lat' dir='ltr'><strong><em>epist.</em></strong></span> <span class='ocrx_word' id='word_1_37' title='bbox 973 618 1009 654; x_wconf 99' lang='grc'><strong><em>2.</em></strong></span> <span class='ocrx_word' id='word_1_38' title='bbox 1042 628 1076 666; x_wconf 92' lang='lat' dir='ltr'><strong><em>p</em></strong></span> <span class='ocrx_word' id='word_1_39' title='bbox 1108 616 1143 653; x_wconf 87' lang='grc'><em>8.</em></span> <span class='ocrx_word' id='word_1_40' title='bbox 1175 618 1256 651; x_wconf 79' lang='lat' dir='ltr'><strong><em>not.</em></strong></span> <span class='ocrx_word' id='word_1_41' title='bbox 1291 612 1389 651; x_wconf 81' lang='lat' dir='ltr'><strong><em>Cae-</em></strong></span> 
     </span>
     <span class='ocr_line' id='line_1_8' title="bbox 443 674 1387 732; baseline -0.014 -9"><span class='ocrx_word' id='word_1_42' title='bbox 443 695 569 724; x_wconf 74' lang='lat' dir='ltr'><strong><em>sortes</em></strong></span> <span class='ocrx_word' id='word_1_43' title='bbox 592 680 748 732; x_wconf 75' lang='lat' dir='ltr'><strong><em>refuya)</em></strong></span> <span class='ocrx_word' id='word_1_44' title='bbox 775 679 822 715; x_wconf 88' lang='lat' dir='ltr'><strong><em>ibi</em></strong></span> <span class='ocrx_word' id='word_1_45' title='bbox 849 678 1025 716; x_wconf 76' lang='lat' dir='ltr'>additur:</span> <span class='ocrx_word' id='word_1_46' title='bbox 1053 676 1188 715; x_wconf 82' lang='lat' dir='ltr'>Isidori</span> <span class='ocrx_word' id='word_1_47' title='bbox 1211 674 1387 719; x_wconf 78' lang='lat' dir='ltr'><strong><em>Glossae‚</em></strong></span> 
     </span>
     <span class='ocr_line' id='line_1_9' title="bbox 443 736 1056 795; baseline -0.015 -13"><span class='ocrx_word' id='word_1_48' title='bbox 443 744 650 795; x_wconf 13' lang='lat' dir='ltr'><strong><em>resimonta!</em></strong></span> <span class='ocrx_word' id='word_1_49' title='bbox 681 752 705 776; x_wconf 89' lang='lat' dir='ltr'><strong><em>a</em></strong></span> <span class='ocrx_word' id='word_1_50' title='bbox 734 739 863 790; x_wconf 81' lang='lat' dir='ltr'><strong><em>fronte</em></strong></span> <span class='ocrx_word' id='word_1_51' title='bbox 893 736 1056 789; x_wconf 81' lang='lat' dir='ltr'><strong><em>repellit.</em></strong></span> 
     </span>
    </p>

    <p class='ocr_par' dir='ltr' id='par_1_5' title="bbox 444 794 1393 971">
     <span class='ocr_line' id='line_1_10' title="bbox 497 794 1389 842; baseline -0.012 -1"><span class='ocrx_word' id='word_1_52' title='bbox 497 804 587 841; x_wconf 85' lang='lat' dir='ltr'><strong><em>ibid.</em></strong></span> <span class='ocrx_word' id='word_1_53' title='bbox 622 800 776 841; x_wconf 55' lang='lat' dir='ltr'><strong><em>Ceratae</em></strong></span> <span class='ocrx_word' id='word_1_54' title='bbox 805 811 880 836; x_wconf 83' lang='lat' dir='ltr'><strong><em>non</em></strong></span> <span class='ocrx_word' id='word_1_55' title='bbox 909 798 1019 836; x_wconf 79' lang='lat' dir='ltr'><strong><em>sedet</em></strong></span> <span class='ocrx_word' id='word_1_56' title='bbox 1046 796 1191 842; x_wconf 72' lang='lat' dir='ltr'><strong><em>nervis)</em></strong></span> <span class='ocrx_word' id='word_1_57' title='bbox 1219 794 1307 833; x_wconf 88' lang='lat' dir='ltr'><strong><em>add.</em></strong></span> <span class='ocrx_word' id='word_1_58' title='bbox 1333 794 1389 830; x_wconf 90' lang='lat' dir='ltr'><strong><em>sic</em></strong></span> 
     </span>
     <span class='ocr_line' id='line_1_11' title="bbox 444 853 1393 908; baseline -0.015 -3.97"><span class='ocrx_word' id='word_1_59' title='bbox 444 869 595 905; x_wconf 76' lang='lat' dir='ltr'><strong><em>Statius</em></strong></span> <span class='ocrx_word' id='word_1_60' title='bbox 619 865 656 902; x_wconf 94' lang='grc'>9.</span> <span class='ocrx_word' id='word_1_61' title='bbox 676 861 861 901; x_wconf 79' lang='lat' dir='ltr'><strong><em>Thebaid.</em></strong></span> <span class='ocrx_word' id='word_1_62' title='bbox 891 862 938 899; x_wconf 84' lang='lat' dir='ltr'><strong><em>de</em></strong></span> <span class='ocrx_word' id='word_1_63' title='bbox 963 871 1090 908; x_wconf 77' lang='lat' dir='ltr'><strong><em>ezquo</em></strong></span> <span class='ocrx_word' id='word_1_64' title='bbox 1125 854 1234 897; x_wconf 84' lang='lat' dir='ltr'><strong><em>Colla</em></strong></span> <span class='ocrx_word' id='word_1_65' title='bbox 1262 853 1393 893; x_wconf 85' lang='lat' dir='ltr'><strong><em>sedent</em></strong></span> 
     </span>
     <span class='ocr_line' id='line_1_12' title="bbox 444 915 1325 971; baseline -0.014 -7"><span class='ocrx_word' id='word_1_66' title='bbox 444 926 567 964; x_wconf 82' lang='lat' dir='ltr'><strong><em>nodis.</em></strong></span> <span class='ocrx_word' id='word_1_67' title='bbox 599 925 661 964; x_wconf 89' lang='lat' dir='ltr'><strong><em>ubi</em></strong></span> <span class='ocrx_word' id='word_1_68' title='bbox 694 925 909 967; x_wconf 78' lang='lat' dir='ltr'><strong><em>Luctatius,</em></strong></span> <span class='ocrx_word' id='word_1_69' title='bbox 939 920 1054 971; x_wconf 86' lang='lat' dir='ltr'><strong><em>plena</em></strong></span> <span class='ocrx_word' id='word_1_70' title='bbox 1083 922 1176 957; x_wconf 85' lang='lat' dir='ltr'><strong><em>sunt</em></strong></span> <span class='ocrx_word' id='word_1_71' title='bbox 1201 915 1325 954; x_wconf 81' lang='lat' dir='ltr'><strong><em>noa&#39;is.</em></strong></span> 
     </span>
    </p>

    <p class='ocr_par' dir='ltr' id='par_1_6' title="bbox 443 974 1389 1093">
     <span class='ocr_line' id='line_1_13' title="bbox 499 974 1389 1033; baseline -0.013 -9"><span class='ocrx_word' id='word_1_72' title='bbox 499 988 545 1024; x_wconf 91' lang='lat' dir='ltr'><strong><em>ib.</em></strong></span> <span class='ocrx_word' id='word_1_73' title='bbox 578 987 644 1023; x_wconf 90' lang='lat' dir='ltr'><strong><em>lin·</em></strong></span> <span class='ocrx_word' id='word_1_74' title='bbox 676 985 825 1033; x_wconf 72' lang='lat' dir='ltr'><strong><em>penult.</em></strong></span> <span class='ocrx_word' id='word_1_75' title='bbox 858 982 1063 1019; x_wconf 79' lang='lat' dir='ltr'><strong><em>Ai&#39;moni&#39;us</em></strong></span> <span class='ocrx_word' id='word_1_76' title='bbox 1094 978 1157 1017; x_wconf 83' lang='lat' dir='ltr'><strong><em>lib.</em></strong></span> <span class='ocrx_word' id='word_1_77' title='bbox 1185 980 1219 1016; x_wconf 91' lang='lat'><strong><em>3·</em></strong></span> <span class='ocrx_word' id='word_1_78' title='bbox 1246 987 1330 1026; x_wconf 85' lang='lat' dir='ltr'><strong><em>cap.</em></strong></span> <span class='ocrx_word' id='word_1_79' title='bbox 1353 974 1389 1012; x_wconf 88' lang='lat'><strong><em>7.</em></strong></span> 
     </span>
     <span class='ocr_line' id='line_1_14' title="bbox 443 1039 1250 1093; baseline -0.014 -7"><span class='ocrx_word' id='word_1_80' title='bbox 443 1047 531 1086; x_wconf 89' lang='lat' dir='ltr'><strong><em>add.</em></strong></span> <span class='ocrx_word' id='word_1_81' title='bbox 561 1059 608 1084; x_wconf 78' lang='lat' dir='ltr'><strong><em>ex</em></strong></span> <span class='ocrx_word' id='word_1_82' title='bbox 639 1046 798 1093; x_wconf 72' lang='lat' dir='ltr'><strong><em>(irc-gor.</em></strong></span> <span class='ocrx_word' id='word_1_83' title='bbox 828 1045 971 1081; x_wconf 75' lang='lat' dir='ltr'><strong><em>Tui-on.</em></strong></span> <span class='ocrx_word' id='word_1_84' title='bbox 1005 1043 1033 1079; x_wconf 93' lang='lat' dir='ltr'><strong><em>l.</em></strong></span> <span class='ocrx_word' id='word_1_85' title='bbox 1060 1042 1096 1078; x_wconf 69' lang='lat' dir='ltr'><strong><em>li.</em></strong></span> <span class='ocrx_word' id='word_1_86' title='bbox 1123 1051 1157 1077; x_wconf 89' lang='lat' dir='ltr'><strong><em>c.</em></strong></span> <span class='ocrx_word' id='word_1_87' title='bbox 1190 1039 1250 1076; x_wconf 66' lang='lat'><strong><em>43.</em></strong></span> 
     </span>
    </p>

    <p class='ocr_par' dir='ltr' id='par_1_7' title="bbox 445 1101 1403 1688">
     <span class='ocr_line' id='line_1_15' title="bbox 499 1101 1395 1158; baseline -0.011 -16"><span class='ocrx_word' id='word_1_88' title='bbox 499 1120 533 1158; x_wconf 88' lang='lat' dir='ltr'><strong><em>p.</em></strong></span> <span class='ocrx_word' id='word_1_89' title='bbox 564 1109 599 1144; x_wconf 91' lang='grc'><strong><em>9.</em></strong></span> <span class='ocrx_word' id='word_1_90' title='bbox 630 1107 695 1143; x_wconf 88' lang='lat' dir='ltr'><strong><em>lin.</em></strong></span> <span class='ocrx_word' id='word_1_91' title='bbox 724 1107 736 1142; x_wconf 90' lang='grc'>4</span> <span class='ocrx_word' id='word_1_92' title='bbox 750 1106 784 1142; x_wconf 88' lang='grc'><strong><em>4.</em></strong></span> <span class='ocrx_word' id='word_1_93' title='bbox 810 1115 878 1153; x_wconf 90' lang='lat' dir='ltr'><strong><em>pro</em></strong></span> <span class='ocrx_word' id='word_1_94' title='bbox 911 1114 1086 1154; x_wconf 67' lang='grc' dir='ltr'><em>μνακιων</em></span> <span class='ocrx_word' id='word_1_95' title='bbox 1124 1101 1209 1149; x_wconf 66' lang='lat' dir='ltr'><strong><em>logo</em></strong></span> <span class='ocrx_word' id='word_1_96' title='bbox 1239 1110 1395 1150; x_wconf 79' lang='grc' dir='ltr'>μυακων</span> 
     </span>
     <span class='ocr_line' id='line_1_16' title="bbox 445 1160 1392 1214; baseline -0.012 -8"><span class='ocrx_word' id='word_1_97' title='bbox 445 1168 532 1206; x_wconf 85' lang='lat' dir='ltr'><strong><em>add.</em></strong></span> <span class='ocrx_word' id='word_1_98' title='bbox 565 1166 738 1205; x_wconf 81' lang='lat' dir='ltr'>Isidorus</span> <span class='ocrx_word' id='word_1_99' title='bbox 767 1165 815 1202; x_wconf 91' lang='lat' dir='ltr'><strong><em>do</em></strong></span> <span class='ocrx_word' id='word_1_100' title='bbox 847 1164 1118 1214; x_wconf 77' lang='lat' dir='ltr'>spiritualibus</span> <span class='ocrx_word' id='word_1_101' title='bbox 1147 1160 1392 1204; x_wconf 80' lang='lat' dir='ltr'><strong><em>differentiis,</em></strong></span> 
     </span>
     <span class='ocr_line' id='line_1_17' title="bbox 446 1219 1396 1271; baseline -0.008 -6"><span class='ocrx_word' id='word_1_102' title='bbox 446 1228 608 1265; x_wconf 79' lang='lat' dir='ltr'><strong><em>aurium</em></strong></span> <span class='ocrx_word' id='word_1_103' title='bbox 640 1225 803 1263; x_wconf 75' lang='lat' dir='ltr'><strong><em>inclitum</em></strong></span> <span class='ocrx_word' id='word_1_104' title='bbox 835 1229 889 1262; x_wconf 88' lang='lat' dir='ltr'><strong><em>est</em></strong></span> <span class='ocrx_word' id='word_1_105' title='bbox 919 1235 1066 1271; x_wconf 83' lang='lat' dir='ltr'><strong><em>nomen,</em></strong></span> <span class='ocrx_word' id='word_1_106' title='bbox 1088 1234 1113 1260; x_wconf 88' lang='lat' dir='ltr'><strong><em>a</em></strong></span> <span class='ocrx_word' id='word_1_107' title='bbox 1139 1219 1300 1260; x_wconf 85' lang='lat' dir='ltr'><strong><em>vocibus</em></strong></span> <span class='ocrx_word' id='word_1_108' title='bbox 1323 1231 1396 1257; x_wconf 89' lang='lat' dir='ltr'><strong><em>au-</em></strong></span> 
     </span>
     <span class='ocr_line' id='line_1_18' title="bbox 447 1280 1396 1337; baseline -0.009 -12"><span class='ocrx_word' id='word_1_109' title='bbox 447 1288 608 1330; x_wconf 71' lang='lat' dir='ltr'><strong><em>riendis.</em></strong></span> <span class='ocrx_word' id='word_1_110' title='bbox 634 1298 707 1337; x_wconf 85' lang='lat' dir='ltr'><strong><em>per</em></strong></span> <span class='ocrx_word' id='word_1_111' title='bbox 750 1286 1058 1323; x_wconf 72' lang='lat' dir='ltr'><strong><em>immutationem</em></strong></span> <span class='ocrx_word' id='word_1_112' title='bbox 1089 1282 1192 1321; x_wconf 81' lang='lat' dir='ltr'><strong><em>enim</em></strong></span> <span class='ocrx_word' id='word_1_113' title='bbox 1235 1280 1396 1325; x_wconf 80' lang='lat' dir='ltr'><strong><em>literae,</em></strong></span> 
     </span>
     <span class='ocr_line' id='line_1_19' title="bbox 449 1340 1401 1391; baseline -0.009 -5"><span class='ocrx_word' id='word_1_114' title='bbox 449 1359 570 1386; x_wconf 84' lang='lat' dir='ltr'><strong><em>aures</em></strong></span> <span class='ocrx_word' id='word_1_115' title='bbox 605 1346 711 1385; x_wconf 82' lang='lat' dir='ltr'><strong><em>velut</em></strong></span> <span class='ocrx_word' id='word_1_116' title='bbox 726 1345 849 1384; x_wconf 81' lang='lat' dir='ltr'><strong><em>audes</em></strong></span> <span class='ocrx_word' id='word_1_117' title='bbox 873 1349 965 1383; x_wconf 78' lang='lat' dir='ltr'><strong><em>sunt</em></strong></span> <span class='ocrx_word' id='word_1_118' title='bbox 982 1343 1215 1385; x_wconf 70' lang='lat' dir='ltr'><strong><em>nominatae.</em></strong></span> <span class='ocrx_word' id='word_1_119' title='bbox 1233 1352 1305 1391; x_wconf 90' lang='lat' dir='ltr'><strong><em>per</em></strong></span> <span class='ocrx_word' id='word_1_120' title='bbox 1328 1340 1401 1377; x_wconf 80' lang='lat' dir='ltr'><strong><em>lias</em></strong></span> 
     </span>
     <span class='ocr_line' id='line_1_20' title="bbox 455 1400 1402 1456; baseline -0.011 -9"><span class='ocrx_word' id='word_1_121' title='bbox 455 1409 554 1447; x_wconf 79' lang='lat' dir='ltr'><strong><em>enim</em></strong></span> <span class='ocrx_word' id='word_1_122' title='bbox 574 1418 685 1445; x_wconf 77' lang='lat' dir='ltr'><strong><em>voces</em></strong></span> <span class='ocrx_word' id='word_1_123' title='bbox 701 1410 767 1456; x_wconf 83' lang='lat' dir='ltr'><strong><em>atq</em></strong></span> <span class='ocrx_word' id='word_1_124' title='bbox 777 1418 822 1443; x_wconf 87' lang='lat' dir='ltr'><strong><em>ue</em></strong></span> <span class='ocrx_word' id='word_1_125' title='bbox 838 1416 974 1444; x_wconf 77' lang='lat' dir='ltr'><strong><em>sonum</em></strong></span> <span class='ocrx_word' id='word_1_126' title='bbox 990 1404 1107 1454; x_wconf 82' lang='lat' dir='ltr'><strong><em>quasi</em></strong></span> <span class='ocrx_word' id='word_1_127' title='bbox 1118 1414 1192 1454; x_wconf 84' lang='lat' dir='ltr'><strong><em>per</em></strong></span> <span class='ocrx_word' id='word_1_128' title='bbox 1207 1400 1402 1439; x_wconf 81' lang='lat' dir='ltr'><em>cochleam</em></span> 
     </span>
     <span class='ocr_line' id='line_1_21' title="bbox 457 1461 1403 1517; baseline -0.01 -11"><span class='ocrx_word' id='word_1_129' title='bbox 457 1467 701 1514; x_wconf 75' lang='lat' dir='ltr'><strong><em>descendere,</em></strong></span> <span class='ocrx_word' id='word_1_130' title='bbox 747 1466 817 1517; x_wconf 78' lang='lat' dir='ltr'><strong><em>qm·</em></strong></span> <span class='ocrx_word' id='word_1_131' title='bbox 856 1470 1011 1503; x_wconf 87' lang='lat' dir='ltr'><strong><em>erectus</em></strong></span> <span class='ocrx_word' id='word_1_132' title='bbox 1042 1465 1082 1501; x_wconf 85' lang='lat' dir='ltr'><strong><em>in</em></strong></span> <span class='ocrx_word' id='word_1_133' title='bbox 1117 1461 1311 1501; x_wconf 88' lang='lat' dir='ltr'><strong><em>circulum</em></strong></span> <span class='ocrx_word' id='word_1_134' title='bbox 1341 1472 1403 1497; x_wconf 89' lang='lat' dir='ltr'><strong><em>or-</em></strong></span> 
     </span>
     <span class='ocr_line' id='line_1_22' title="bbox 457 1522 1400 1579; baseline -0.01 -12"><span class='ocrx_word' id='word_1_135' title='bbox 457 1528 618 1579; x_wconf 86' lang='lat' dir='ltr'><strong><em>bemque</em></strong></span> <span class='ocrx_word' id='word_1_136' title='bbox 648 1531 850 1566; x_wconf 82' lang='lat' dir='ltr'><strong><em>moveatur</em></strong></span> <span class='ocrx_word' id='word_1_137' title='bbox 900 1526 1101 1564; x_wconf 82' lang='lat' dir='ltr'><strong><em>cochleam</em></strong></span> <span class='ocrx_word' id='word_1_138' title='bbox 1128 1523 1154 1572; x_wconf 87' lang='lat' dir='ltr'><strong><em>j.</em></strong></span> <span class='ocrx_word' id='word_1_139' title='bbox 1186 1522 1400 1562; x_wconf 77' lang='lat' dir='ltr'><strong><em>anfractus.</em></strong></span> 
     </span>
     <span class='ocr_line' id='line_1_23' title="bbox 460 1582 1402 1628; baseline -0.01 0"><span class='ocrx_word' id='word_1_140' title='bbox 460 1596 504 1628; x_wconf 91' lang='lat' dir='ltr'><strong><em>ut</em></strong></span> <span class='ocrx_word' id='word_1_141' title='bbox 544 1589 633 1627; x_wconf 89' lang='lat' dir='ltr'>ibid.</span> <span class='ocrx_word' id='word_1_142' title='bbox 663 1590 727 1626; x_wconf 86' lang='lat' dir='ltr'><strong><em>ait.</em></strong></span> <span class='ocrx_word' id='word_1_143' title='bbox 761 1588 783 1625; x_wconf 92' lang='lat' dir='ltr'><strong><em>l.</em></strong></span> <span class='ocrx_word' id='word_1_144' title='bbox 816 1589 875 1626; x_wconf 93' lang='grc'><strong><em>44.</em></strong></span> <span class='ocrx_word' id='word_1_145' title='bbox 906 1597 938 1624; x_wconf 92' lang='lat' dir='ltr'><strong><em>c.</em></strong></span> <span class='ocrx_word' id='word_1_146' title='bbox 971 1588 1005 1624; x_wconf 94' lang='grc'><strong><em>4.</em></strong></span> <span class='ocrx_word' id='word_1_147' title='bbox 1042 1596 1090 1623; x_wconf 83' lang='lat' dir='ltr'><strong><em>ex</em></strong></span> <span class='ocrx_word' id='word_1_148' title='bbox 1134 1585 1176 1621; x_wconf 89' lang='lat' dir='ltr'><strong><em>D.</em></strong></span> <span class='ocrx_word' id='word_1_149' title='bbox 1221 1582 1402 1620; x_wconf 88' lang='lat' dir='ltr'><strong><em>Ambros.</em></strong></span> 
     </span>
     <span class='ocr_line' id='line_1_24' title="bbox 457 1648 869 1688; baseline -0.012 0"><span class='ocrx_word' id='word_1_150' title='bbox 457 1651 618 1688; x_wconf 78' lang='lat' dir='ltr'><strong><em>flexam.</em></strong></span> <span class='ocrx_word' id='word_1_151' title='bbox 651 1650 679 1686; x_wconf 93' lang='lat'><strong><em>1.</em></strong></span> <span class='ocrx_word' id='word_1_152' title='bbox 708 1649 743 1685; x_wconf 87' lang='lat'><strong><em>6.</em></strong></span> <span class='ocrx_word' id='word_1_153' title='bbox 775 1659 806 1685; x_wconf 83' lang='lat' dir='ltr'><strong><em>c.</em></strong></span> <span class='ocrx_word' id='word_1_154' title='bbox 833 1648 869 1684; x_wconf 89' lang='lat'><strong><em>9.</em></strong></span> 
     </span>
    </p>

    <p class='ocr_par' dir='ltr' id='par_1_8' title="bbox 456 1703 1399 1808">
     <span class='ocr_line' id='line_1_25' title="bbox 507 1703 1399 1758; baseline -0.006 -12"><span class='ocrx_word' id='word_1_155' title='bbox 507 1709 596 1747; x_wconf 90' lang='lat' dir='ltr'>ibid.</span> <span class='ocrx_word' id='word_1_156' title='bbox 628 1713 715 1758; x_wconf 90' lang='lat' dir='ltr'><strong><em>post</em></strong></span> <span class='ocrx_word' id='word_1_157' title='bbox 747 1708 864 1745; x_wconf 78' lang='lat' dir='ltr'><strong><em>verba</em></strong></span> <span class='ocrx_word' id='word_1_158' title='bbox 910 1705 1138 1752; x_wconf 81' lang='lat' dir='ltr'><strong><em>Prudentii,</em></strong></span> <span class='ocrx_word' id='word_1_159' title='bbox 1185 1703 1300 1742; x_wconf 79' lang='lat' dir='ltr'><strong><em>Gothi</em></strong></span> <span class='ocrx_word' id='word_1_160' title='bbox 1327 1704 1399 1753; x_wconf 83' lang='lat' dir='ltr'><strong><em>leg.</em></strong></span> 
     </span>
     <span class='ocr_line' id='line_1_26' title="bbox 456 1770 623 1808; baseline -0.012 0"><span class='ocrx_word' id='word_1_161' title='bbox 456 1770 623 1808; x_wconf 82' lang='lat' dir='ltr'><strong><em>Gothus.</em></strong></span> 
     </span>
    </p>

    <p class='ocr_par' dir='ltr' id='par_1_9' title="bbox 456 1825 1400 1939">
     <span class='ocr_line' id='line_1_27' title="bbox 513 1825 1400 1875; baseline -0.008 -8"><span class='ocrx_word' id='word_1_162' title='bbox 513 1830 560 1867; x_wconf 90' lang='lat' dir='ltr'><strong><em>ib.</em></strong></span> <span class='ocrx_word' id='word_1_163' title='bbox 592 1831 658 1867; x_wconf 78' lang='lat' dir='ltr'><strong><em>lIn.</em></strong></span> <span class='ocrx_word' id='word_1_164' title='bbox 688 1830 723 1866; x_wconf 93' lang='grc'><strong><em>9.</em></strong></span> <span class='ocrx_word' id='word_1_165' title='bbox 755 1840 776 1866; x_wconf 86' lang='lat' dir='ltr'><strong><em>a</em></strong></span> <span class='ocrx_word' id='word_1_166' title='bbox 807 1828 907 1865; x_wconf 77' lang='lat' dir='ltr'><strong><em>sine:</em></strong></span> <span class='ocrx_word' id='word_1_167' title='bbox 940 1827 1059 1864; x_wconf 75' lang='lat' dir='ltr'><strong><em>verba</em></strong></span> <span class='ocrx_word' id='word_1_168' title='bbox 1084 1825 1312 1875; x_wconf 74' lang='lat' dir='ltr'><strong><em>parenthesi</em></strong></span> <span class='ocrx_word' id='word_1_169' title='bbox 1345 1825 1400 1861; x_wconf 93' lang='lat' dir='ltr'><strong><em>in-</em></strong></span> 
     </span>
     <span class='ocr_line' id='line_1_28' title="bbox 456 1887 1371 1939; baseline -0.01 -9"><span class='ocrx_word' id='word_1_170' title='bbox 456 1891 565 1930; x_wconf 82' lang='lat' dir='ltr'><strong><em>clusa</em></strong></span> <span class='ocrx_word' id='word_1_171' title='bbox 596 1889 773 1939; x_wconf 75' lang='lat' dir='ltr'><strong><em>(emendo</em></strong></span> <span class='ocrx_word' id='word_1_172' title='bbox 802 1887 1065 1934; x_wconf 80' lang='lat' dir='ltr'><strong><em>cautionibus)</em></strong></span> <span class='ocrx_word' id='word_1_173' title='bbox 1093 1887 1240 1924; x_wconf 89' lang='lat' dir='ltr'><strong><em>omissa</em></strong></span> <span class='ocrx_word' id='word_1_174' title='bbox 1265 1890 1371 1923; x_wconf 84' lang='lat' dir='ltr'><strong><em>sunt.</em></strong></span> 
     </span>
    </p>

    <p class='ocr_par' dir='ltr' id='par_1_10' title="bbox 462 1945 1406 2111">
     <span class='ocr_line' id='line_1_29' title="bbox 513 1945 1400 2001; baseline -0.008 -13"><span class='ocrx_word' id='word_1_175' title='bbox 513 1964 545 2001; x_wconf 93' lang='lat' dir='ltr'><strong><em>p.</em></strong></span> <span class='ocrx_word' id='word_1_176' title='bbox 577 1954 638 1997; x_wconf 78' lang='lat'><strong><em>⁴0-</em></strong></span> <span class='ocrx_word' id='word_1_177' title='bbox 670 1951 734 1987; x_wconf 89' lang='lat' dir='ltr'><strong><em>lin.</em></strong></span> <span class='ocrx_word' id='word_1_178' title='bbox 766 1951 803 1987; x_wconf 88' lang='grc'><strong><em>2.</em></strong></span> <span class='ocrx_word' id='word_1_179' title='bbox 834 1949 883 1986; x_wconf 88' lang='lat' dir='ltr'><strong><em>Et</em></strong></span> <span class='ocrx_word' id='word_1_180' title='bbox 910 1953 954 1986; x_wconf 88' lang='lat' dir='ltr'><strong><em>ut</em></strong></span> <span class='ocrx_word' id='word_1_181' title='bbox 985 1951 1053 1985; x_wconf 89' lang='lat' dir='ltr'><strong><em>etc.</em></strong></span> <span class='ocrx_word' id='word_1_182' title='bbox 1087 1957 1212 1995; x_wconf 79' lang='lat' dir='ltr'><strong><em>usque</em></strong></span> <span class='ocrx_word' id='word_1_183' title='bbox 1242 1945 1290 1983; x_wconf 83' lang='lat' dir='ltr'><strong><em>ad</em></strong></span> <span class='ocrx_word' id='word_1_184' title='bbox 1316 1945 1337 1982; x_wconf 92' lang='lat' dir='ltr'><strong><em>l.</em></strong></span> <span class='ocrx_word' id='word_1_185' title='bbox 1366 1945 1400 1981; x_wconf 89' lang='grc'><strong><em>6.</em></strong></span> 
     </span>
     <span class='ocr_line' id='line_1_30' title="bbox 467 2009 1406 2062; baseline -0.007 -12"><span class='ocrx_word' id='word_1_186' title='bbox 467 2013 534 2050; x_wconf 69' lang='lat' dir='ltr'><strong><em>Ex</em></strong></span> <span class='ocrx_word' id='word_1_187' title='bbox 551 2011 693 2062; x_wconf 79' lang='lat' dir='ltr'><strong><em>quz‘bus</em></strong></span> <span class='ocrx_word' id='word_1_188' title='bbox 724 2013 792 2048; x_wconf 88' lang='lat' dir='ltr'><strong><em>etc.</em></strong></span> <span class='ocrx_word' id='word_1_189' title='bbox 812 2009 917 2047; x_wconf 76' lang='lat' dir='ltr'><strong><em>llaec</em></strong></span> <span class='ocrx_word' id='word_1_190' title='bbox 938 2009 1056 2046; x_wconf 73' lang='lat' dir='ltr'><strong><em>verba</em></strong></span> <span class='ocrx_word' id='word_1_191' title='bbox 1077 2020 1153 2046; x_wconf 90' lang='lat' dir='ltr'><strong><em>una</em></strong></span> <span class='ocrx_word' id='word_1_192' title='bbox 1177 2018 1267 2045; x_wconf 88' lang='lat' dir='ltr'><strong><em>cum</em></strong></span> <span class='ocrx_word' id='word_1_193' title='bbox 1287 2016 1406 2044; x_wconf 87' lang='lat' dir='ltr'><strong><em>numo</em></strong></span> 
     </span>
     <span class='ocr_line' id='line_1_31' title="bbox 462 2074 712 2111; baseline -0.012 0"><span class='ocrx_word' id='word_1_194' title='bbox 462 2074 712 2111; x_wconf 85' lang='lat' dir='ltr'><strong><em>omittuntur.</em></strong></span> 
     </span>
    </p>

    <p class='ocr_par' dir='ltr' id='par_1_11' title="bbox 461 2120 1407 2243">
     <span class='ocr_line' id='line_1_32' title="bbox 519 2120 1407 2183; baseline -0.006 -14"><span class='ocrx_word' id='word_1_195' title='bbox 519 2145 555 2183; x_wconf 90' lang='lat' dir='ltr'><strong><em>p.</em></strong></span> <span class='ocrx_word' id='word_1_196' title='bbox 588 2134 600 2170; x_wconf 85' lang='grc'>4</span> <span class='ocrx_word' id='word_1_197' title='bbox 615 2120 649 2170; x_wconf 74' lang='grc'><strong><em>2.</em></strong></span> <span class='ocrx_word' id='word_1_198' title='bbox 678 2133 778 2169; x_wconf 84' lang='lat' dir='ltr'><strong><em>circa</em></strong></span> <span class='ocrx_word' id='word_1_199' title='bbox 810 2132 875 2168; x_wconf 75' lang='lat' dir='ltr'><strong><em>tin.</em></strong></span> <span class='ocrx_word' id='word_1_200' title='bbox 907 2129 1002 2179; x_wconf 68' lang='lat' dir='ltr'><strong><em>Ieyis</em></strong></span> <span class='ocrx_word' id='word_1_201' title='bbox 1031 2128 1300 2173; x_wconf 56' lang='lat' dir='ltr'><strong><em>Beraq-iorum,</em></strong></span> <span class='ocrx_word' id='word_1_202' title='bbox 1320 2127 1407 2177; x_wconf 82' lang='lat' dir='ltr'><strong><em>lego</em></strong></span> 
     </span>
     <span class='ocr_line' id='line_1_33' title="bbox 461 2193 592 2243; baseline -0.015 -12"><span class='ocrx_word' id='word_1_203' title='bbox 461 2193 592 2243; x_wconf 87' lang='lat' dir='ltr'><strong><em>Bojar.</em></strong></span> 
     </span>
    </p>

    <p class='ocr_par' dir='ltr' id='par_1_12' title="bbox 465 2247 1407 2362">
     <span class='ocr_line' id='line_1_34' title="bbox 514 2247 1407 2301; baseline -0.007 -10"><span class='ocrx_word' id='word_1_204' title='bbox 514 2254 534 2291; x_wconf 92' lang='lat' dir='ltr'><strong><em>l.</em></strong></span> <span class='ocrx_word' id='word_1_205' title='bbox 568 2253 603 2290; x_wconf 88' lang='lat'><strong><em>3.</em></strong></span> <span class='ocrx_word' id='word_1_206' title='bbox 634 2264 669 2301; x_wconf 88' lang='lat' dir='ltr'><strong><em>p.</em></strong></span> <span class='ocrx_word' id='word_1_207' title='bbox 700 2252 762 2289; x_wconf 83' lang='grc'><strong><em>22.</em></strong></span> <span class='ocrx_word' id='word_1_208' title='bbox 795 2255 872 2287; x_wconf 88' lang='lat' dir='ltr'><strong><em>not.</em></strong></span> <span class='ocrx_word' id='word_1_209' title='bbox 900 2248 1198 2299; x_wconf 67' lang='lat' dir='ltr'><strong><em>inter-royatum)</em></strong></span> <span class='ocrx_word' id='word_1_210' title='bbox 1225 2247 1325 2286; x_wconf 83' lang='lat' dir='ltr'><strong><em>adde</em></strong></span> <span class='ocrx_word' id='word_1_211' title='bbox 1350 2247 1407 2285; x_wconf 87' lang='lat' dir='ltr'><strong><em>in-</em></strong></span> 
     </span>
     <span class='ocr_line' id='line_1_35' title="bbox 465 2309 1253 2362; baseline -0.005 -12"><span class='ocrx_word' id='word_1_212' title='bbox 465 2315 705 2362; x_wconf 72' lang='lat' dir='ltr'><strong><em>terroyatum</em></strong></span> <span class='ocrx_word' id='word_1_213' title='bbox 735 2310 814 2361; x_wconf 68' lang='lat' dir='ltr'><strong><em>leqe</em></strong></span> <span class='ocrx_word' id='word_1_214' title='bbox 844 2309 1155 2361; x_wconf 84' lang='lat' dir='ltr'><strong><em>repetundarum</em></strong></span> <span class='ocrx_word' id='word_1_215' title='bbox 1185 2312 1253 2347; x_wconf 88' lang='lat' dir='ltr'><strong><em>etc.</em></strong></span> 
     </span>
    </p>

    <p class='ocr_par' dir='ltr' id='par_1_13' title="bbox 464 2368 1410 2532">
     <span class='ocr_line' id='line_1_36' title="bbox 515 2368 1409 2423; baseline -0.007 -11"><span class='ocrx_word' id='word_1_216' title='bbox 515 2375 539 2412; x_wconf 91' lang='lat' dir='ltr'><strong><em>l.</em></strong></span> <span class='ocrx_word' id='word_1_217' title='bbox 568 2375 605 2411; x_wconf 80' lang='lat'><strong><em>5.</em></strong></span> <span class='ocrx_word' id='word_1_218' title='bbox 635 2385 669 2423; x_wconf 88' lang='lat' dir='ltr'><strong><em>p.</em></strong></span> <span class='ocrx_word' id='word_1_219' title='bbox 700 2373 762 2410; x_wconf 89' lang='grc'>29.</span> <span class='ocrx_word' id='word_1_220' title='bbox 795 2376 874 2410; x_wconf 90' lang='lat' dir='ltr'><strong><em>not.</em></strong></span> <span class='ocrx_word' id='word_1_221' title='bbox 906 2372 1103 2422; x_wconf 75' lang='lat' dir='ltr'><strong><em>Opinione)</em></strong></span> <span class='ocrx_word' id='word_1_222' title='bbox 1139 2370 1214 2409; x_wconf 88' lang='lat' dir='ltr'><strong><em>add</em></strong></span> <span class='ocrx_word' id='word_1_223' title='bbox 1267 2368 1409 2420; x_wconf 85' lang='lat' dir='ltr'><strong><em>Opina-</em></strong></span> 
     </span>
     <span class='ocr_line' id='line_1_37' title="bbox 465 2430 1410 2482; baseline -0.004 -11"><span class='ocrx_word' id='word_1_224' title='bbox 465 2435 657 2482; x_wconf 72' lang='lat' dir='ltr'><strong><em>tissimus,</em></strong></span> <span class='ocrx_word' id='word_1_225' title='bbox 689 2431 983 2471; x_wconf 81' lang='lat' dir='ltr'><strong><em>celeberrimus.</em></strong></span> <span class='ocrx_word' id='word_1_226' title='bbox 1028 2432 1202 2471; x_wconf 87' lang='lat' dir='ltr'>Isidorus</span> <span class='ocrx_word' id='word_1_227' title='bbox 1232 2432 1268 2468; x_wconf 89' lang='lat' dir='ltr'><strong><em>in</em></strong></span> <span class='ocrx_word' id='word_1_228' title='bbox 1299 2430 1410 2468; x_wconf 89' lang='lat' dir='ltr'><strong><em>Glos-</em></strong></span> 
     </span>
     <span class='ocr_line' id='line_1_38' title="bbox 464 2495 653 2532; baseline 0 0"><span class='ocrx_word' id='word_1_229' title='bbox 464 2496 518 2532; x_wconf 83' lang='lat' dir='ltr'><strong><em>sis</em></strong></span> <span class='ocrx_word' id='word_1_230' title='bbox 548 2495 653 2532; x_wconf 81' lang='lat' dir='ltr'><strong><em>MSS.</em></strong></span> 
     </span>
    </p>

    <p class='ocr_par' dir='ltr' id='par_1_14' title="bbox 516 2551 1406 2605">
     <span class='ocr_line' id='line_1_39' title="bbox 516 2551 1406 2605; baseline -0.003 -13"><span class='ocrx_word' id='word_1_231' title='bbox 516 2568 552 2605; x_wconf 92' lang='lat' dir='ltr'><strong><em>p.</em></strong></span> <span class='ocrx_word' id='word_1_232' title='bbox 573 2555 634 2593; x_wconf 89' lang='grc'><strong><em>31.</em></strong></span> <span class='ocrx_word' id='word_1_233' title='bbox 660 2555 683 2592; x_wconf 94' lang='lat' dir='ltr'><strong><em>l.</em></strong></span> <span class='ocrx_word' id='word_1_234' title='bbox 707 2555 766 2593; x_wconf 89' lang='grc'><strong><em>46.</em></strong></span> <span class='ocrx_word' id='word_1_235' title='bbox 793 2553 1002 2601; x_wconf 76' lang='lat' dir='ltr'><strong><em>Silvosum)</em></strong></span> <span class='ocrx_word' id='word_1_236' title='bbox 1028 2553 1184 2592; x_wconf 75' lang='lat' dir='ltr'><strong><em>emend.</em></strong></span> <span class='ocrx_word' id='word_1_237' title='bbox 1212 2551 1406 2591; x_wconf 82' lang='lat' dir='ltr'><strong><em>Ulvosum.</em></strong></span> 
     </span>
    </p>

    <p class='ocr_par' dir='ltr' id='par_1_15' title="bbox 466 2613 1412 2834">
     <span class='ocr_line' id='line_1_40' title="bbox 518 2613 1407 2665; baseline -0.003 -12"><span class='ocrx_word' id='word_1_238' title='bbox 518 2628 552 2665; x_wconf 93' lang='lat' dir='ltr'><strong><em>p.</em></strong></span> <span class='ocrx_word' id='word_1_239' title='bbox 578 2617 639 2654; x_wconf 89' lang='lat'><strong><em>33.</em></strong></span> <span class='ocrx_word' id='word_1_240' title='bbox 662 2621 739 2652; x_wconf 89' lang='lat' dir='ltr'><strong><em>not.</em></strong></span> <span class='ocrx_word' id='word_1_241' title='bbox 761 2615 990 2665; x_wconf 77' lang='lat' dir='ltr'><strong><em>Novumque</em></strong></span> <span class='ocrx_word' id='word_1_242' title='bbox 1011 2617 1182 2664; x_wconf 74' lang='lat' dir='ltr'><strong><em>portum)</em></strong></span> <span class='ocrx_word' id='word_1_243' title='bbox 1204 2613 1291 2652; x_wconf 85' lang='lat' dir='ltr'><strong><em>add.</em></strong></span> <span class='ocrx_word' id='word_1_244' title='bbox 1311 2616 1407 2651; x_wconf 78' lang='lat' dir='ltr'><strong><em>acta.</em></strong></span> 
     </span>
     <span class='ocr_line' id='line_1_41' title="bbox 466 2673 1411 2725; baseline -0.003 -12"><span class='ocrx_word' id='word_1_245' title='bbox 466 2677 504 2714; x_wconf 88' lang='lat' dir='ltr'><strong><em>S.</em></strong></span> <span class='ocrx_word' id='word_1_246' title='bbox 533 2676 768 2725; x_wconf 80' lang='lat' dir='ltr'>Apollinaris</span> <span class='ocrx_word' id='word_1_247' title='bbox 814 2676 1059 2713; x_wconf 79' lang='lat' dir='ltr'><strong><em>Ravennatis</em></strong></span> <span class='ocrx_word' id='word_1_248' title='bbox 1101 2675 1174 2713; x_wconf 88' lang='lat' dir='ltr'><strong><em>MS.</em></strong></span> <span class='ocrx_word' id='word_1_249' title='bbox 1216 2673 1411 2724; x_wconf 85' lang='lat' dir='ltr'><strong><em>accipiens</em></strong></span> 
     </span>
     <span class='ocr_line' id='line_1_42' title="bbox 466 2732 1412 2774; baseline -0.003 -1"><span class='ocrx_word' id='word_1_250' title='bbox 466 2747 553 2773; x_wconf 87' lang='lat' dir='ltr'><strong><em>eum</em></strong></span> <span class='ocrx_word' id='word_1_251' title='bbox 582 2735 757 2773; x_wconf 83' lang='lat' dir='ltr'><strong><em>centurio</em></strong></span> <span class='ocrx_word' id='word_1_252' title='bbox 801 2735 920 2774; x_wconf 74' lang='lat' dir='ltr'><strong><em>duxit</em></strong></span> <span class='ocrx_word' id='word_1_253' title='bbox 947 2746 1036 2772; x_wconf 89' lang='lat' dir='ltr'><strong><em>eum</em></strong></span> <span class='ocrx_word' id='word_1_254' title='bbox 1072 2734 1126 2772; x_wconf 85' lang='lat' dir='ltr'><strong><em>ad</em></strong></span> <span class='ocrx_word' id='word_1_255' title='bbox 1169 2733 1343 2774; x_wconf 83' lang='lat' dir='ltr'><strong><em>Classem</em></strong></span> <span class='ocrx_word' id='word_1_256' title='bbox 1373 2732 1412 2771; x_wconf 89' lang='lat' dir='ltr'><strong><em>in</em></strong></span> 
     </span>
     <span class='ocr_line' id='line_1_43' title="bbox 468 2796 776 2834; baseline 0.003 -1"><span class='ocrx_word' id='word_1_257' title='bbox 468 2796 625 2833; x_wconf 82' lang='lat' dir='ltr'><strong><em>domum</em></strong></span> <span class='ocrx_word' id='word_1_258' title='bbox 649 2807 776 2834; x_wconf 87' lang='lat' dir='ltr'><strong><em>suam.</em></strong></span> 
     </span>
    </p>

    <p class='ocr_par' dir='ltr' id='par_1_16' title="bbox 472 2853 1413 3088">
     <span class='ocr_line' id='line_1_44' title="bbox 523 2853 1411 2905; baseline -0.003 -11"><span class='ocrx_word' id='word_1_259' title='bbox 523 2868 558 2905; x_wconf 90' lang='lat' dir='ltr'><strong><em>p.</em></strong></span> <span class='ocrx_word' id='word_1_260' title='bbox 590 2858 651 2894; x_wconf 79' lang='lat'><strong><em>35.</em></strong></span> <span class='ocrx_word' id='word_1_261' title='bbox 684 2853 866 2903; x_wconf 80' lang='lat' dir='ltr'><strong><em>Calaber)</em></strong></span> <span class='ocrx_word' id='word_1_262' title='bbox 895 2855 944 2893; x_wconf 83' lang='lat' dir='ltr'><strong><em>do</em></strong></span> <span class='ocrx_word' id='word_1_263' title='bbox 974 2855 1149 2894; x_wconf 80' lang='lat' dir='ltr'>Calabria</span> <span class='ocrx_word' id='word_1_264' title='bbox 1174 2856 1279 2893; x_wconf 85' lang='lat' dir='ltr'><strong><em>enim</em></strong></span> <span class='ocrx_word' id='word_1_265' title='bbox 1303 2856 1411 2893; x_wconf 83' lang='lat' dir='ltr'><strong><em>venti</em></strong></span> 
     </span>
     <span class='ocr_line' id='line_1_45' title="bbox 473 2915 1413 2966; baseline -0.002 -12"><span class='ocrx_word' id='word_1_266' title='bbox 473 2917 705 2965; x_wconf 74' lang='lat' dir='ltr'><strong><em>pestilentes</em></strong></span> <span class='ocrx_word' id='word_1_267' title='bbox 729 2918 892 2966; x_wconf 83' lang='lat' dir='ltr'><strong><em>spirant.</em></strong></span> <span class='ocrx_word' id='word_1_268' title='bbox 916 2916 1092 2954; x_wconf 79' lang='lat' dir='ltr'><strong><em>Orosius.</em></strong></span> <span class='ocrx_word' id='word_1_269' title='bbox 1112 2915 1273 2966; x_wconf 88' lang='lat' dir='ltr'><strong><em>insuper</em></strong></span> <span class='ocrx_word' id='word_1_270' title='bbox 1297 2915 1413 2953; x_wconf 89' lang='lat' dir='ltr'><strong><em>etiam</em></strong></span> 
     </span>
     <span class='ocr_line' id='line_1_46' title="bbox 472 2974 1411 3026; baseline 0 -14"><span class='ocrx_word' id='word_1_271' title='bbox 472 2978 659 3026; x_wconf 67' lang='lat' dir='ltr'><strong><em>expirata</em></strong></span> <span class='ocrx_word' id='word_1_272' title='bbox 687 2977 733 3015; x_wconf 82' lang='lat' dir='ltr'><strong><em>de</em></strong></span> <span class='ocrx_word' id='word_1_273' title='bbox 766 2974 952 3016; x_wconf 84' lang='lat' dir='ltr'><strong><em>Calabris</em></strong></span> <span class='ocrx_word' id='word_1_274' title='bbox 994 2974 1163 3014; x_wconf 80' lang='lat' dir='ltr'><strong><em>saltibus</em></strong></span> <span class='ocrx_word' id='word_1_275' title='bbox 1191 2987 1297 3013; x_wconf 88' lang='lat' dir='ltr'><strong><em>aura</em></strong></span> <span class='ocrx_word' id='word_1_276' title='bbox 1325 2986 1411 3014; x_wconf 89' lang='lat' dir='ltr'><strong><em>cor-</em></strong></span> 
     </span>
     <span class='ocr_line' id='line_1_47' title="bbox 473 3036 1414 3088; baseline 0.003 -17"><span class='ocrx_word' id='word_1_277' title='bbox 473 3048 668 3086; x_wconf 70' lang='lat' dir='ltr'><strong><em>rumpens.</em></strong></span> <span class='ocrx_word' id='word_1_278' title='bbox 706 3038 924 3088; x_wconf 81' lang='lat' dir='ltr'><strong><em>repentinos</em></strong></span> <span class='ocrx_word' id='word_1_279' title='bbox 953 3041 1164 3075; x_wconf 80' lang='lat' dir='ltr'><strong><em>acutarum</em></strong></span> <span class='ocrx_word' id='word_1_280' title='bbox 1207 3036 1414 3086; x_wconf 72' lang='lat' dir='ltr'><strong><em>infirmita-</em></strong></span> 
     </span>
    </p>

    <p class='ocr_par' dir='ltr' id='par_1_17' title="bbox 476 3097 1044 3146">
     <span class='ocr_line' id='line_1_48' title="bbox 476 3097 1044 3146; baseline 0.004 -15"><span class='ocrx_word' id='word_1_281' title='bbox 476 3099 554 3133; x_wconf 83' lang='lat' dir='ltr'><strong><em>tum</em></strong></span> <span class='ocrx_word' id='word_1_282' title='bbox 581 3097 745 3146; x_wconf 80' lang='lat' dir='ltr'><strong><em>afferret</em></strong></span> <span class='ocrx_word' id='word_1_283' title='bbox 775 3102 1044 3136; x_wconf 78' lang='lat' dir='ltr'><strong><em>transcursus.</em></strong></span> 
     </span>
    </p>

    <p class='ocr_par' dir='ltr' id='par_1_18' title="bbox 530 3156 1411 3209">
     <span class='ocr_line' id='line_1_49' title="bbox 530 3156 1411 3209; baseline 0.006 -18"><span class='ocrx_word' id='word_1_284' title='bbox 530 3156 553 3191; x_wconf 91' lang='grc'><strong><em>1.</em></strong></span> <span class='ocrx_word' id='word_1_285' title='bbox 582 3158 617 3193; x_wconf 83' lang='grc'><strong><em>6.</em></strong></span> <span class='ocrx_word' id='word_1_286' title='bbox 647 3170 682 3206; x_wconf 84' lang='lat' dir='ltr'><strong><em>p.</em></strong></span> <span class='ocrx_word' id='word_1_287' title='bbox 715 3159 773 3196; x_wconf 70' lang='lat' dir='ltr'><strong><em>tl.</em></strong></span> <span class='ocrx_word' id='word_1_288' title='bbox 801 3159 868 3196; x_wconf 84' lang='lat' dir='ltr'><strong><em>lin.</em></strong></span> <span class='ocrx_word' id='word_1_289' title='bbox 891 3160 929 3196; x_wconf 84' lang='lat'><strong><em>7.</em></strong></span> <span class='ocrx_word' id='word_1_290' title='bbox 953 3170 973 3196; x_wconf 83' lang='lat' dir='ltr'><strong><em>a</em></strong></span> <span class='ocrx_word' id='word_1_291' title='bbox 996 3160 1071 3197; x_wconf 79' lang='lat' dir='ltr'><strong><em>sine</em></strong></span> <span class='ocrx_word' id='word_1_292' title='bbox 1091 3174 1096 3196; x_wconf 87' lang='lat'><strong>:</strong></span> <span class='ocrx_word' id='word_1_293' title='bbox 1123 3159 1204 3199; x_wconf 80' lang='lat' dir='ltr'><strong><em>Sid.</em></strong></span> <span class='ocrx_word' id='word_1_294' title='bbox 1226 3160 1299 3209; x_wconf 79' lang='lat' dir='ltr'><strong><em>leg.</em></strong></span> <span class='ocrx_word' id='word_1_295' title='bbox 1320 3159 1411 3197; x_wconf 79' lang='lat' dir='ltr'><strong><em>[sid.</em></strong></span> 
     </span>
    </p>

    <p class='ocr_par' dir='ltr' id='par_1_19' title="bbox 534 3217 1411 3269">
     <span class='ocr_line' id='line_1_50' title="bbox 534 3217 1411 3269; baseline 0.002 -15"><span class='ocrx_word' id='word_1_296' title='bbox 534 3227 567 3261; x_wconf 69' lang='grc' dir='ltr'><strong><em>ι».</em></strong></span> <span class='ocrx_word' id='word_1_297' title='bbox 598 3217 656 3253; x_wconf 74' lang='grc'><strong><em>46.</em></strong></span> <span class='ocrx_word' id='word_1_298' title='bbox 697 3223 774 3255; x_wconf 87' lang='lat' dir='ltr'><strong><em>not.</em></strong></span> <span class='ocrx_word' id='word_1_299' title='bbox 816 3219 955 3256; x_wconf 72' lang='lat' dir='ltr'><strong><em>,Vooeae</em></strong></span> <span class='ocrx_word' id='word_1_300' title='bbox 998 3231 1070 3257; x_wconf 82' lang='lat' dir='ltr'><strong><em>non</em></strong></span> <span class='ocrx_word' id='word_1_301' title='bbox 1107 3229 1187 3259; x_wconf 86' lang='lat' dir='ltr'><strong><em>esse</em></strong></span> <span class='ocrx_word' id='word_1_302' title='bbox 1217 3219 1411 3269; x_wconf 68' lang='lat' dir='ltr'><strong><em>confinem)</em></strong></span> 
     </span>
    </p>
   </div>
   <div class='ocr_carea' id='block_1_3' title="bbox 1244 181 1609 221">
    <p class='ocr_par' dir='ltr' id='par_1_20' title="bbox 1244 181 1609 221">
     <span class='ocr_line' id='line_1_51' title="bbox 1244 181 1609 221; baseline -0.003 0"><span class='ocrx_word' id='word_1_303' title='bbox 1244 181 1609 221; x_wconf 74' lang='lat' dir='ltr'><strong><em>SIDONIUS</em></strong></span> 
     </span>
    </p>
   </div>
   <div class='ocr_carea' id='block_1_4' title="bbox 1458 247 2412 724">
    <p class='ocr_par' dir='ltr' id='par_1_21' title="bbox 1458 247 2409 421">
     <span class='ocr_line' id='line_1_52' title="bbox 1458 247 2409 299; baseline -0.002 -9"><span class='ocrx_word' id='word_1_304' title='bbox 1458 250 1549 290; x_wconf 90' lang='lat' dir='ltr'><strong><em>add.</em></strong></span> <span class='ocrx_word' id='word_1_305' title='bbox 1578 250 1800 298; x_wconf 79' lang='lat' dir='ltr'><strong><em>Egesippus</em></strong></span> <span class='ocrx_word' id='word_1_306' title='bbox 1831 250 1895 287; x_wconf 88' lang='lat' dir='ltr'><strong><em>lib.</em></strong></span> <span class='ocrx_word' id='word_1_307' title='bbox 1928 251 1962 287; x_wconf 78' lang='lat'><strong><em>4.</em></strong></span> <span class='ocrx_word' id='word_1_308' title='bbox 1993 260 2078 299; x_wconf 87' lang='lat' dir='ltr'><strong><em>cap.</em></strong></span> <span class='ocrx_word' id='word_1_309' title='bbox 2109 251 2169 288; x_wconf 90' lang='grc'><strong><em>40.</em></strong></span> <span class='ocrx_word' id='word_1_310' title='bbox 2199 247 2409 288; x_wconf 63' lang='lat' dir='ltr'><strong><em>absolvunt</em></strong></span> 
     </span>
     <span class='ocr_line' id='line_1_53' title="bbox 1459 308 2408 361; baseline 0.001 -14"><span class='ocrx_word' id='word_1_311' title='bbox 1459 320 1600 356; x_wconf 70' lang='lat' dir='ltr'><strong><em>armies,</em></strong></span> <span class='ocrx_word' id='word_1_312' title='bbox 1640 309 1736 359; x_wconf 83' lang='lat' dir='ltr'><strong><em>quia</em></strong></span> <span class='ocrx_word' id='word_1_313' title='bbox 1773 309 1880 358; x_wconf 81' lang='lat' dir='ltr'><strong><em>nihil,</em></strong></span> <span class='ocrx_word' id='word_1_314' title='bbox 1909 309 2014 361; x_wconf 83' lang='lat' dir='ltr'><strong><em>quod</em></strong></span> <span class='ocrx_word' id='word_1_315' title='bbox 2041 314 2144 348; x_wconf 87' lang='lat' dir='ltr'><strong><em>esset</em></strong></span> <span class='ocrx_word' id='word_1_316' title='bbox 2182 308 2298 361; x_wconf 81' lang='lat' dir='ltr'><strong><em>affine</em></strong></span> <span class='ocrx_word' id='word_1_317' title='bbox 2327 318 2408 348; x_wconf 79' lang='lat' dir='ltr'><strong><em>sce-</em></strong></span> 
     </span>
     <span class='ocr_line' id='line_1_54' title="bbox 1461 368 1879 421; baseline -0.002 -11"><span class='ocrx_word' id='word_1_318' title='bbox 1461 371 1546 417; x_wconf 89' lang='lat' dir='ltr'><strong><em>leri,</em></strong></span> <span class='ocrx_word' id='word_1_319' title='bbox 1574 368 1879 421; x_wconf 76' lang='lat' dir='ltr'><strong><em>proferebatur.</em></strong></span> 
     </span>
    </p>

    <p class='ocr_par' dir='ltr' id='par_1_22' title="bbox 1461 430 2412 724">
     <span class='ocr_line' id='line_1_55' title="bbox 1515 430 2411 480; baseline -0.001 -11"><span class='ocrx_word' id='word_1_320' title='bbox 1515 433 1539 469; x_wconf 95' lang='lat' dir='ltr'><strong><em>l.</em></strong></span> <span class='ocrx_word' id='word_1_321' title='bbox 1571 432 1605 469; x_wconf 91' lang='lat'><strong><em>7.</em></strong></span> <span class='ocrx_word' id='word_1_322' title='bbox 1637 443 1673 480; x_wconf 92' lang='lat' dir='ltr'><strong><em>p.</em></strong></span> <span class='ocrx_word' id='word_1_323' title='bbox 1705 432 1767 468; x_wconf 77' lang='lat'><strong><em>49.</em></strong></span> <span class='ocrx_word' id='word_1_324' title='bbox 1797 435 1876 468; x_wconf 86' lang='lat' dir='ltr'><strong><em>not.</em></strong></span> <span class='ocrx_word' id='word_1_325' title='bbox 1910 432 2092 470; x_wconf 80' lang='lat' dir='ltr'><strong><em>Testatur</em></strong></span> <span class='ocrx_word' id='word_1_326' title='bbox 2111 431 2191 479; x_wconf 83' lang='lat' dir='ltr'><strong><em>hoc)</em></strong></span> <span class='ocrx_word' id='word_1_327' title='bbox 2213 430 2411 470; x_wconf 82' lang='lat' dir='ltr'><strong><em>add.Cas-</em></strong></span> 
     </span>
     <span class='ocr_line' id='line_1_56' title="bbox 1462 490 2409 542; baseline -0.001 -13"><span class='ocrx_word' id='word_1_328' title='bbox 1462 491 1642 530; x_wconf 86' lang='lat' dir='ltr'><strong><em>siodorus</em></strong></span> <span class='ocrx_word' id='word_1_329' title='bbox 1671 490 1720 529; x_wconf 80' lang='lat' dir='ltr'><strong><em>de</em></strong></span> <span class='ocrx_word' id='word_1_330' title='bbox 1749 492 1932 540; x_wconf 82' lang='lat' dir='ltr'><strong><em>amicitia,</em></strong></span> <span class='ocrx_word' id='word_1_331' title='bbox 1965 492 2191 542; x_wconf 87' lang='lat' dir='ltr'><strong><em>Rumpenda</em></strong></span> <span class='ocrx_word' id='word_1_332' title='bbox 2219 494 2280 530; x_wconf 85' lang='lat' dir='ltr'><strong><em>est</em></strong></span> <span class='ocrx_word' id='word_1_333' title='bbox 2305 490 2409 529; x_wconf 88' lang='lat' dir='ltr'><strong><em>enim</em></strong></span> 
     </span>
     <span class='ocr_line' id='line_1_57' title="bbox 1461 551 2412 599; baseline 0 -10"><span class='ocrx_word' id='word_1_334' title='bbox 1461 551 1648 597; x_wconf 86' lang='lat' dir='ltr'><strong><em>amicitia,</em></strong></span> <span class='ocrx_word' id='word_1_335' title='bbox 1678 551 1716 589; x_wconf 86' lang='lat' dir='ltr'><strong><em>si</em></strong></span> <span class='ocrx_word' id='word_1_336' title='bbox 1741 551 1891 589; x_wconf 84' lang='lat' dir='ltr'><strong><em>crimen</em></strong></span> <span class='ocrx_word' id='word_1_337' title='bbox 1918 551 2014 590; x_wconf 89' lang='lat' dir='ltr'><strong><em>adeo</em></strong></span> <span class='ocrx_word' id='word_1_338' title='bbox 2056 564 2211 592; x_wconf 87' lang='lat' dir='ltr'><strong><em>enorme</em></strong></span> <span class='ocrx_word' id='word_1_339' title='bbox 2252 555 2334 599; x_wconf 82' lang='lat' dir='ltr'><strong><em>est,</em></strong></span> <span class='ocrx_word' id='word_1_340' title='bbox 2365 553 2412 590; x_wconf 84' lang='lat' dir='ltr'><strong><em>ut</em></strong></span> 
     </span>
     <span class='ocr_line' id='line_1_58' title="bbox 1463 611 2408 664; baseline -0.002 -13"><span class='ocrx_word' id='word_1_341' title='bbox 1463 613 1546 651; x_wconf 86' lang='lat' dir='ltr'><strong><em>sine</em></strong></span> <span class='ocrx_word' id='word_1_342' title='bbox 1569 611 1700 663; x_wconf 83' lang='lat' dir='ltr'><strong><em>famae</em></strong></span> <span class='ocrx_word' id='word_1_343' title='bbox 1729 611 1927 663; x_wconf 84' lang='lat' dir='ltr'><strong><em>dispendio</em></strong></span> <span class='ocrx_word' id='word_1_344' title='bbox 1964 611 2131 651; x_wconf 85' lang='lat' dir='ltr'><strong><em>tolerari</em></strong></span> <span class='ocrx_word' id='word_1_345' title='bbox 2155 624 2233 651; x_wconf 87' lang='lat' dir='ltr'><strong><em>non</em></strong></span> <span class='ocrx_word' id='word_1_346' title='bbox 2254 611 2380 664; x_wconf 82' lang='lat' dir='ltr'><strong><em>possit</em></strong></span> <span class='ocrx_word' id='word_1_347' title='bbox 2401 624 2408 649; x_wconf 91' lang='lat'>:</span> 
     </span>
     <span class='ocr_line' id='line_1_59' title="bbox 1461 672 2411 724; baseline -0.001 -11.996"><span class='ocrx_word' id='word_1_348' title='bbox 1461 673 1586 712; x_wconf 83' lang='lat' dir='ltr'><strong><em>veluti</em></strong></span> <span class='ocrx_word' id='word_1_349' title='bbox 1611 673 1649 711; x_wconf 87' lang='lat' dir='ltr'><strong><em>si</em></strong></span> <span class='ocrx_word' id='word_1_350' title='bbox 1674 677 1811 711; x_wconf 87' lang='lat' dir='ltr'><strong><em>contra</em></strong></span> <span class='ocrx_word' id='word_1_351' title='bbox 1844 673 1960 724; x_wconf 81' lang='lat' dir='ltr'><strong><em>fidem</em></strong></span> <span class='ocrx_word' id='word_1_352' title='bbox 2003 672 2164 722; x_wconf 79' lang='lat' dir='ltr'><strong><em>Christi,</em></strong></span> <span class='ocrx_word' id='word_1_353' title='bbox 2201 674 2240 713; x_wconf 89' lang='lat' dir='ltr'><strong><em>si</em></strong></span> <span class='ocrx_word' id='word_1_354' title='bbox 2272 679 2411 712; x_wconf 83' lang='lat' dir='ltr'><strong><em>contra</em></strong></span> 
     </span>
    </p>
   </div>
   <div class='ocr_carea' id='block_1_5' title="bbox 1458 732 2414 785">
    <p class='ocr_par' dir='ltr' id='par_1_23' title="bbox 1458 732 2414 785">
     <span class='ocr_line' id='line_1_60' title="bbox 1458 732 2414 785; baseline -0.002 -13"><span class='ocrx_word' id='word_1_355' title='bbox 1458 732 1660 785; x_wconf 73' lang='lat' dir='ltr'><strong><em>publicam</em></strong></span> <span class='ocrx_word' id='word_1_356' title='bbox 1708 733 1943 780; x_wconf 74' lang='lat' dir='ltr'><strong><em>utilitatem,</em></strong></span> <span class='ocrx_word' id='word_1_357' title='bbox 1988 732 2052 772; x_wconf 87' lang='lat' dir='ltr'><strong><em>vel</em></strong></span> <span class='ocrx_word' id='word_1_358' title='bbox 2090 733 2216 773; x_wconf 86' lang='lat' dir='ltr'><strong><em>simile</em></strong></span> <span class='ocrx_word' id='word_1_359' title='bbox 2259 732 2414 785; x_wconf 83' lang='lat' dir='ltr'><strong><em>aliquid</em></strong></span> 
     </span>
    </p>
   </div>
   <div class='ocr_carea' id='block_1_6' title="bbox 1459 763 2439 3272">
    <p class='ocr_par' dir='ltr' id='par_1_24' title="bbox 1459 763 2274 846">
     <span class='ocr_line' id='line_1_61' title="bbox 1459 763 2274 846; baseline 0.001 -13"><span class='ocrx_word' id='word_1_360' title='bbox 1459 796 1782 846; x_wconf 81' lang='lat' dir='ltr'><strong><em>praesumptione</em></strong></span> <span class='ocrx_word' id='word_1_361' title='bbox 1805 763 2026 833; x_wconf 84' lang='lat' dir='ltr'><strong><em>damnabili</em></strong></span> <span class='ocrx_word' id='word_1_362' title='bbox 2052 795 2274 834; x_wconf 81' lang='lat' dir='ltr'><strong><em>attentavit.</em></strong></span> 
     </span>
    </p>

    <p class='ocr_par' dir='ltr' id='par_1_25' title="bbox 1465 855 2419 1090">
     <span class='ocr_line' id='line_1_62' title="bbox 1519 855 2416 906; baseline -0.001 -12"><span class='ocrx_word' id='word_1_363' title='bbox 1519 867 1553 904; x_wconf 89' lang='lat' dir='ltr'><strong><em>p.</em></strong></span> <span class='ocrx_word' id='word_1_364' title='bbox 1585 858 1646 894; x_wconf 84' lang='lat'><strong><em>53.</em></strong></span> <span class='ocrx_word' id='word_1_365' title='bbox 1679 861 1759 893; x_wconf 90' lang='lat' dir='ltr'><strong><em>not.</em></strong></span> <span class='ocrx_word' id='word_1_366' title='bbox 1798 856 2002 905; x_wconf 81' lang='lat' dir='ltr'><strong><em>Frequens</em></strong></span> <span class='ocrx_word' id='word_1_367' title='bbox 2038 855 2210 903; x_wconf 82' lang='lat' dir='ltr'><strong><em>senatus)</em></strong></span> <span class='ocrx_word' id='word_1_368' title='bbox 2241 857 2416 906; x_wconf 81' lang='lat' dir='ltr'><strong><em>Lampri-</em></strong></span> 
     </span>
     <span class='ocr_line' id='line_1_63' title="bbox 1466 916 2416 968; baseline 0 -13"><span class='ocrx_word' id='word_1_369' title='bbox 1466 917 1554 956; x_wconf 90' lang='lat' dir='ltr'><strong><em>dius</em></strong></span> <span class='ocrx_word' id='word_1_370' title='bbox 1587 918 1624 955; x_wconf 88' lang='lat' dir='ltr'><strong><em>in</em></strong></span> <span class='ocrx_word' id='word_1_371' title='bbox 1655 917 1892 963; x_wconf 77' lang='lat' dir='ltr'><strong><em>Alexandro,</em></strong></span> <span class='ocrx_word' id='word_1_372' title='bbox 1922 927 2011 955; x_wconf 87' lang='lat' dir='ltr'><strong><em>cum</em></strong></span> <span class='ocrx_word' id='word_1_373' title='bbox 2039 919 2202 955; x_wconf 84' lang='lat' dir='ltr'><strong><em>senatus</em></strong></span> <span class='ocrx_word' id='word_1_374' title='bbox 2228 916 2416 968; x_wconf 75' lang='lat' dir='ltr'><strong><em>frequens</em></strong></span> 
     </span>
     <span class='ocr_line' id='line_1_64' title="bbox 1465 975 2419 1026; baseline 0 -10"><span class='ocrx_word' id='word_1_375' title='bbox 1465 979 1508 1016; x_wconf 80' lang='lat' dir='ltr'><strong><em>in</em></strong></span> <span class='ocrx_word' id='word_1_376' title='bbox 1532 977 1713 1025; x_wconf 81' lang='lat' dir='ltr'><strong><em>Curiam,</em></strong></span> <span class='ocrx_word' id='word_1_377' title='bbox 1747 977 1816 1016; x_wconf 84' lang='lat' dir='ltr'><strong><em>hoc</em></strong></span> <span class='ocrx_word' id='word_1_378' title='bbox 1837 981 1906 1026; x_wconf 88' lang='lat' dir='ltr'><strong><em>est,</em></strong></span> <span class='ocrx_word' id='word_1_379' title='bbox 1933 977 1974 1015; x_wconf 89' lang='lat' dir='ltr'><strong><em>in</em></strong></span> <span class='ocrx_word' id='word_1_380' title='bbox 2005 975 2142 1015; x_wconf 88' lang='lat' dir='ltr'><strong><em>aedem</em></strong></span> <span class='ocrx_word' id='word_1_381' title='bbox 2177 976 2419 1017; x_wconf 81' lang='lat' dir='ltr'><strong><em>Concordiae</em></strong></span> 
     </span>
     <span class='ocr_line' id='line_1_65' title="bbox 1467 1037 2130 1090; baseline -0.003 -12"><span class='ocrx_word' id='word_1_382' title='bbox 1467 1043 1538 1078; x_wconf 87' lang='lat' dir='ltr'><strong><em>etc.</em></strong></span> <span class='ocrx_word' id='word_1_383' title='bbox 1568 1039 1795 1090; x_wconf 81' lang='lat' dir='ltr'><strong><em>Symmach.</em></strong></span> <span class='ocrx_word' id='word_1_384' title='bbox 1828 1040 1943 1089; x_wconf 82' lang='lat' dir='ltr'><strong><em>epist.</em></strong></span> <span class='ocrx_word' id='word_1_385' title='bbox 1973 1037 2010 1077; x_wconf 89' lang='lat'><strong><em>7.</em></strong></span> <span class='ocrx_word' id='word_1_386' title='bbox 2041 1038 2066 1076; x_wconf 91' lang='lat' dir='ltr'><strong><em>l.</em></strong></span> <span class='ocrx_word' id='word_1_387' title='bbox 2093 1039 2130 1077; x_wconf 92' lang='grc'><strong><em>4.</em></strong></span> 
     </span>
    </p>

    <p class='ocr_par' dir='ltr' id='par_1_26' title="bbox 1469 1098 2425 1575">
     <span class='ocr_line' id='line_1_66' title="bbox 1521 1098 2415 1150; baseline -0.002 -11"><span class='ocrx_word' id='word_1_388' title='bbox 1521 1113 1558 1150; x_wconf 90' lang='lat' dir='ltr'><strong><em>p.</em></strong></span> <span class='ocrx_word' id='word_1_389' title='bbox 1588 1102 1651 1139; x_wconf 84' lang='lat'><strong><em>56.</em></strong></span> <span class='ocrx_word' id='word_1_390' title='bbox 1680 1105 1759 1138; x_wconf 88' lang='lat' dir='ltr'><strong><em>not.</em></strong></span> <span class='ocrx_word' id='word_1_391' title='bbox 1788 1101 1836 1138; x_wconf 89' lang='lat' dir='ltr'><strong><em>In</em></strong></span> <span class='ocrx_word' id='word_1_392' title='bbox 1863 1098 2051 1146; x_wconf 85' lang='lat' dir='ltr'><strong><em>insulam)</em></strong></span> <span class='ocrx_word' id='word_1_393' title='bbox 2079 1100 2225 1138; x_wconf 82' lang='lat' dir='ltr'><strong><em>omissa</em></strong></span> <span class='ocrx_word' id='word_1_394' title='bbox 2255 1100 2415 1138; x_wconf 85' lang='lat' dir='ltr'><strong><em>suntin</em></strong></span> 
     </span>
     <span class='ocr_line' id='line_1_67' title="bbox 1469 1159 2420 1211; baseline -0.003 -11"><span class='ocrx_word' id='word_1_395' title='bbox 1469 1161 1561 1200; x_wconf 83' lang='lat' dir='ltr'><strong><em>edit.</em></strong></span> <span class='ocrx_word' id='word_1_396' title='bbox 1593 1166 1741 1200; x_wconf 83' lang='lat' dir='ltr'><strong><em>recent.</em></strong></span> <span class='ocrx_word' id='word_1_397' title='bbox 1771 1161 1891 1199; x_wconf 80' lang='lat' dir='ltr'><strong><em>verba</em></strong></span> <span class='ocrx_word' id='word_1_398' title='bbox 1922 1160 1947 1197; x_wconf 92' lang='lat' dir='ltr'><strong><em>l.</em></strong></span> <span class='ocrx_word' id='word_1_399' title='bbox 1977 1160 2013 1198; x_wconf 90' lang='lat'><strong><em>3.</em></strong></span> <span class='ocrx_word' id='word_1_400' title='bbox 2036 1163 2128 1211; x_wconf 87' lang='lat' dir='ltr'><strong><em>post</em></strong></span> <span class='ocrx_word' id='word_1_401' title='bbox 2153 1170 2275 1211; x_wconf 84' lang='lat' dir='ltr'><strong><em>quam</em></strong></span> <span class='ocrx_word' id='word_1_402' title='bbox 2304 1159 2420 1200; x_wconf 85' lang='lat' dir='ltr'><strong><em>Chri-</em></strong></span> 
     </span>
     <span class='ocr_line' id='line_1_68' title="bbox 1472 1221 2424 1272; baseline -0.002 -11"><span class='ocrx_word' id='word_1_403' title='bbox 1472 1223 1596 1261; x_wconf 79' lang='lat' dir='ltr'><strong><em>stiani</em></strong></span> <span class='ocrx_word' id='word_1_404' title='bbox 1611 1252 1620 1270; x_wconf 80' lang='grc'>,</span> <span class='ocrx_word' id='word_1_405' title='bbox 1657 1233 1786 1272; x_wconf 83' lang='lat' dir='ltr'><strong><em>usque</em></strong></span> <span class='ocrx_word' id='word_1_406' title='bbox 1814 1221 1863 1260; x_wconf 84' lang='lat' dir='ltr'><strong><em>ad</em></strong></span> <span class='ocrx_word' id='word_1_407' title='bbox 1894 1221 2015 1259; x_wconf 76' lang='lat' dir='ltr'><strong><em>linem</em></strong></span> <span class='ocrx_word' id='word_1_408' title='bbox 2046 1224 2189 1268; x_wconf 82' lang='lat' dir='ltr'><strong><em>notae,</em></strong></span> <span class='ocrx_word' id='word_1_409' title='bbox 2218 1226 2260 1260; x_wconf 85' lang='lat' dir='ltr'><strong><em>et</em></strong></span> <span class='ocrx_word' id='word_1_410' title='bbox 2286 1225 2424 1260; x_wconf 85' lang='lat' dir='ltr'><strong><em>contra</em></strong></span> 
     </span>
     <span class='ocr_line' id='line_1_69' title="bbox 1473 1282 2422 1334; baseline -0.002 -12"><span class='ocrx_word' id='word_1_411' title='bbox 1473 1284 1570 1322; x_wconf 83' lang='lat' dir='ltr'><strong><em>hacc</em></strong></span> <span class='ocrx_word' id='word_1_412' title='bbox 1599 1285 1750 1334; x_wconf 86' lang='lat' dir='ltr'><strong><em>posita:</em></strong></span> <span class='ocrx_word' id='word_1_413' title='bbox 1781 1282 1880 1322; x_wconf 82' lang='lat' dir='ltr'><strong><em>Acta</em></strong></span> <span class='ocrx_word' id='word_1_414' title='bbox 1909 1282 1987 1321; x_wconf 91' lang='lat' dir='ltr'><strong><em>MS.</em></strong></span> <span class='ocrx_word' id='word_1_415' title='bbox 2012 1282 2054 1321; x_wconf 92' lang='lat' dir='ltr'><strong><em>S.</em></strong></span> <span class='ocrx_word' id='word_1_416' title='bbox 2080 1283 2188 1321; x_wconf 85' lang='lat' dir='ltr'><strong><em>Marii</em></strong></span> <span class='ocrx_word' id='word_1_417' title='bbox 2220 1283 2422 1331; x_wconf 81' lang='lat' dir='ltr'><strong><em>martyris,</em></strong></span> 
     </span>
     <span class='ocr_line' id='line_1_70' title="bbox 1472 1341 2422 1395; baseline -0.002 -11"><span class='ocrx_word' id='word_1_418' title='bbox 1472 1346 1667 1384; x_wconf 84' lang='lat' dir='ltr'><strong><em>venientes</em></strong></span> <span class='ocrx_word' id='word_1_419' title='bbox 1687 1357 1728 1383; x_wconf 73' lang='lat' dir='ltr'><strong><em>in</em></strong></span> <span class='ocrx_word' id='word_1_420' title='bbox 1751 1348 1929 1384; x_wconf 87' lang='lat' dir='ltr'><strong><em>castrum</em></strong></span> <span class='ocrx_word' id='word_1_421' title='bbox 1954 1347 2068 1382; x_wconf 88' lang='lat' dir='ltr'><strong><em>trans</em></strong></span> <span class='ocrx_word' id='word_1_422' title='bbox 2109 1341 2288 1395; x_wconf 76' lang='lat' dir='ltr'><strong><em>Tyberim</em></strong></span> <span class='ocrx_word' id='word_1_423' title='bbox 2313 1343 2422 1382; x_wconf 87' lang='lat' dir='ltr'><strong><em>intra</em></strong></span> 
     </span>
     <span class='ocr_line' id='line_1_71' title="bbox 1475 1402 2423 1451; baseline -0.002 -7"><span class='ocrx_word' id='word_1_424' title='bbox 1475 1418 1692 1451; x_wconf 86' lang='lat' dir='ltr'><strong><em>carcerem,</em></strong></span> <span class='ocrx_word' id='word_1_425' title='bbox 1737 1406 1972 1444; x_wconf 83' lang='lat' dir='ltr'><strong><em>invenerunt</em></strong></span> <span class='ocrx_word' id='word_1_426' title='bbox 1999 1404 2191 1443; x_wconf 75' lang='lat' dir='ltr'><strong><em>hominem</em></strong></span> <span class='ocrx_word' id='word_1_427' title='bbox 2216 1402 2423 1444; x_wconf 85' lang='lat' dir='ltr'><strong><em>venerabi-</em></strong></span> 
     </span>
     <span class='ocr_line' id='line_1_72' title="bbox 1479 1464 2425 1514; baseline -0.002 -9"><span class='ocrx_word' id='word_1_428' title='bbox 1479 1466 1565 1514; x_wconf 86' lang='lat' dir='ltr'><strong><em>lem,</em></strong></span> <span class='ocrx_word' id='word_1_429' title='bbox 1590 1467 1742 1506; x_wconf 81' lang='lat' dir='ltr'><strong><em>nomine</em></strong></span> <span class='ocrx_word' id='word_1_430' title='bbox 1772 1465 1983 1514; x_wconf 79' lang='lat' dir='ltr'><strong><em>Quirinum</em></strong></span> <span class='ocrx_word' id='word_1_431' title='bbox 2005 1469 2076 1504; x_wconf 86' lang='lat' dir='ltr'><strong><em>etc.</em></strong></span> <span class='ocrx_word' id='word_1_432' title='bbox 2106 1464 2214 1505; x_wconf 87' lang='lat' dir='ltr'><strong><em>Idem</em></strong></span> <span class='ocrx_word' id='word_1_433' title='bbox 2244 1465 2425 1506; x_wconf 79' lang='lat' dir='ltr'><strong><em>Metellus</em></strong></span> 
     </span>
     <span class='ocr_line' id='line_1_73' title="bbox 1481 1527 1977 1575; baseline -0.008 -7"><span class='ocrx_word' id='word_1_434' title='bbox 1481 1529 1674 1575; x_wconf 90' lang='lat' dir='ltr'><strong><em>Quirinal.</em></strong></span> <span class='ocrx_word' id='word_1_435' title='bbox 1703 1527 1776 1566; x_wconf 88' lang='lat' dir='ltr'><strong><em>ode</em></strong></span> <span class='ocrx_word' id='word_1_436' title='bbox 1803 1529 1840 1565; x_wconf 85' lang='lat'><strong><em>7.</em></strong></span> <span class='ocrx_word' id='word_1_437' title='bbox 1870 1531 1910 1565; x_wconf 80' lang='lat' dir='ltr'><strong><em>et</em></strong></span> <span class='ocrx_word' id='word_1_438' title='bbox 1939 1528 1977 1564; x_wconf 89' lang='lat'><strong><em>8.</em></strong></span> 
     </span>
    </p>

    <p class='ocr_par' dir='ltr' id='par_1_27' title="bbox 1475 1587 2428 1689">
     <span class='ocr_line' id='line_1_74' title="bbox 1530 1587 2428 1640; baseline 0 -14"><span class='ocrx_word' id='word_1_439' title='bbox 1530 1602 1566 1640; x_wconf 92' lang='lat' dir='ltr'><strong><em>p.</em></strong></span> <span class='ocrx_word' id='word_1_440' title='bbox 1602 1588 1663 1628; x_wconf 85' lang='lat'><strong><em>57.</em></strong></span> <span class='ocrx_word' id='word_1_441' title='bbox 1689 1593 1769 1627; x_wconf 89' lang='lat' dir='ltr'><strong><em>not.</em></strong></span> <span class='ocrx_word' id='word_1_442' title='bbox 1798 1589 1845 1627; x_wconf 90' lang='lat' dir='ltr'><strong><em>Ut</em></strong></span> <span class='ocrx_word' id='word_1_443' title='bbox 1864 1587 2066 1639; x_wconf 77' lang='lat' dir='ltr'><strong><em>suspenso)</em></strong></span> <span class='ocrx_word' id='word_1_444' title='bbox 2089 1588 2178 1627; x_wconf 88' lang='lat' dir='ltr'><strong><em>add.</em></strong></span> <span class='ocrx_word' id='word_1_445' title='bbox 2198 1587 2289 1628; x_wconf 84' lang='lat' dir='ltr'><strong><em>vide</em></strong></span> <span class='ocrx_word' id='word_1_446' title='bbox 2303 1588 2428 1627; x_wconf 87' lang='lat' dir='ltr'><strong><em>Theo-</em></strong></span> 
     </span>
     <span class='ocr_line' id='line_1_75' title="bbox 1475 1649 2426 1689; baseline -0.001 -1"><span class='ocrx_word' id='word_1_447' title='bbox 1475 1649 1615 1689; x_wconf 90' lang='lat' dir='ltr'><strong><em>dorum</em></strong></span> <span class='ocrx_word' id='word_1_448' title='bbox 1640 1654 1680 1687; x_wconf 86' lang='lat' dir='ltr'><strong><em>et</em></strong></span> <span class='ocrx_word' id='word_1_449' title='bbox 1711 1649 1965 1688; x_wconf 84' lang='lat' dir='ltr'><strong><em>Thalelaeum</em></strong></span> <span class='ocrx_word' id='word_1_450' title='bbox 1996 1650 2055 1686; x_wconf 90' lang='lat' dir='ltr'><strong><em>tit.</em></strong></span> <span class='ocrx_word' id='word_1_451' title='bbox 2086 1649 2154 1687; x_wconf 78' lang='lat'><strong><em>52.</em></strong></span> <span class='ocrx_word' id='word_1_452' title='bbox 2173 1649 2340 1688; x_wconf 65' lang='lat' dir='ltr'><strong><em>Basilo.</em></strong></span> <span class='ocrx_word' id='word_1_453' title='bbox 2361 1649 2426 1687; x_wconf 91' lang='grc'>60.</span> 
     </span>
    </p>

    <p class='ocr_par' dir='ltr' id='par_1_28' title="bbox 1474 1707 2435 2366">
     <span class='ocr_line' id='line_1_76' title="bbox 1529 1707 2428 1759; baseline -0.002 -12"><span class='ocrx_word' id='word_1_454' title='bbox 1529 1710 1554 1748; x_wconf 93' lang='lat' dir='ltr'><strong><em>l.</em></strong></span> <span class='ocrx_word' id='word_1_455' title='bbox 1583 1711 1618 1747; x_wconf 90' lang='lat'><strong><em>8.</em></strong></span> <span class='ocrx_word' id='word_1_456' title='bbox 1650 1721 1734 1759; x_wconf 81' lang='lat' dir='ltr'><strong><em>pag.</em></strong></span> <span class='ocrx_word' id='word_1_457' title='bbox 1767 1709 1828 1747; x_wconf 79' lang='grc'><strong><em>62.</em></strong></span> <span class='ocrx_word' id='word_1_458' title='bbox 1860 1713 1938 1746; x_wconf 87' lang='lat' dir='ltr'><strong><em>not.</em></strong></span> <span class='ocrx_word' id='word_1_459' title='bbox 1969 1708 2107 1748; x_wconf 89' lang='lat' dir='ltr'><strong><em>Armis</em></strong></span> <span class='ocrx_word' id='word_1_460' title='bbox 2132 1707 2315 1757; x_wconf 79' lang='lat' dir='ltr'><strong><em>eunuchi)</em></strong></span> <span class='ocrx_word' id='word_1_461' title='bbox 2335 1709 2428 1748; x_wconf 87' lang='lat' dir='ltr'><strong><em>add.</em></strong></span> 
     </span>
     <span class='ocr_line' id='line_1_77' title="bbox 1474 1768 2425 1820; baseline -0.002 -12"><span class='ocrx_word' id='word_1_462' title='bbox 1474 1770 1571 1809; x_wconf 85' lang='lat' dir='ltr'><strong><em>Acta</em></strong></span> <span class='ocrx_word' id='word_1_463' title='bbox 1603 1770 1705 1808; x_wconf 82' lang='lat' dir='ltr'><strong><em>MSS.</em></strong></span> <span class='ocrx_word' id='word_1_464' title='bbox 1741 1770 1843 1808; x_wconf 89' lang='lat' dir='ltr'><strong><em>Tunc</em></strong></span> <span class='ocrx_word' id='word_1_465' title='bbox 1869 1768 2151 1808; x_wconf 75' lang='lat' dir='ltr'><strong><em>Maximianus</em></strong></span> <span class='ocrx_word' id='word_1_466' title='bbox 2180 1769 2276 1820; x_wconf 88' lang='lat' dir='ltr'><strong><em>Imp.</em></strong></span> <span class='ocrx_word' id='word_1_467' title='bbox 2296 1769 2425 1820; x_wconf 85' lang='lat' dir='ltr'><strong><em>jussit</em></strong></span> 
     </span>
     <span class='ocr_line' id='line_1_78' title="bbox 1476 1829 2430 1882; baseline 0.002 -15"><span class='ocrx_word' id='word_1_468' title='bbox 1476 1842 1607 1869; x_wconf 83' lang='lat' dir='ltr'><strong><em>omnes</em></strong></span> <span class='ocrx_word' id='word_1_469' title='bbox 1648 1842 1717 1882; x_wconf 78' lang='lat' dir='ltr'><strong><em>qui</em></strong></span> <span class='ocrx_word' id='word_1_470' title='bbox 1751 1831 1791 1869; x_wconf 86' lang='lat' dir='ltr'><strong><em>in</em></strong></span> <span class='ocrx_word' id='word_1_471' title='bbox 1829 1829 1980 1880; x_wconf 89' lang='lat' dir='ltr'><strong><em>palatio</em></strong></span> <span class='ocrx_word' id='word_1_472' title='bbox 2023 1833 2140 1868; x_wconf 91' lang='lat' dir='ltr'><strong><em>erant</em></strong></span> <span class='ocrx_word' id='word_1_473' title='bbox 2181 1829 2430 1869; x_wconf 82' lang='lat' dir='ltr'><strong><em>Christianos</em></strong></span> 
     </span>
     <span class='ocr_line' id='line_1_79' title="bbox 1476 1889 2428 1942; baseline -0.001 -13"><span class='ocrx_word' id='word_1_474' title='bbox 1476 1891 1653 1941; x_wconf 72' lang='lat' dir='ltr'><strong><em>discinyi,</em></strong></span> <span class='ocrx_word' id='word_1_475' title='bbox 1678 1895 1723 1929; x_wconf 90' lang='lat' dir='ltr'><strong><em>ut</em></strong></span> <span class='ocrx_word' id='word_1_476' title='bbox 1744 1890 2025 1929; x_wconf 86' lang='lat' dir='ltr'><strong><em>renunciarent</em></strong></span> <span class='ocrx_word' id='word_1_477' title='bbox 2045 1889 2223 1939; x_wconf 81' lang='lat' dir='ltr'><strong><em>militiae,</em></strong></span> <span class='ocrx_word' id='word_1_478' title='bbox 2247 1889 2319 1942; x_wconf 81' lang='lat' dir='ltr'><strong><em>qui</em></strong></span> <span class='ocrx_word' id='word_1_479' title='bbox 2338 1901 2428 1929; x_wconf 85' lang='lat' dir='ltr'><strong><em>cum</em></strong></span> 
     </span>
     <span class='ocr_line' id='line_1_80' title="bbox 1477 1950 2424 2001; baseline 0.001 -12"><span class='ocrx_word' id='word_1_480' title='bbox 1477 1950 1634 2001; x_wconf 61' lang='lat' dir='ltr'><strong><em>cingula</em></strong></span> <span class='ocrx_word' id='word_1_481' title='bbox 1663 1951 1874 1993; x_wconf 78' lang='lat' dir='ltr'><strong><em>solverent.</em></strong></span> <span class='ocrx_word' id='word_1_482' title='bbox 1904 1951 2054 1990; x_wconf 81' lang='lat' dir='ltr'><strong><em>notavit</em></strong></span> <span class='ocrx_word' id='word_1_483' title='bbox 2082 1951 2189 1990; x_wconf 84' lang='lat' dir='ltr'><strong><em>illinc</em></strong></span> <span class='ocrx_word' id='word_1_484' title='bbox 2214 1955 2424 1990; x_wconf 82' lang='lat' dir='ltr'><strong><em>transeun-</em></strong></span> 
     </span>
     <span class='ocr_line' id='line_1_81' title="bbox 1483 2009 2432 2062; baseline 0.001 -12"><span class='ocrx_word' id='word_1_485' title='bbox 1483 2017 1555 2050; x_wconf 89' lang='lat' dir='ltr'><strong><em>tem</em></strong></span> <span class='ocrx_word' id='word_1_486' title='bbox 1598 2012 1751 2050; x_wconf 82' lang='lat' dir='ltr'><strong><em>Isitium</em></strong></span> <span class='ocrx_word' id='word_1_487' title='bbox 1794 2011 1988 2062; x_wconf 84' lang='lat' dir='ltr'><strong><em>quendam</em></strong></span> <span class='ocrx_word' id='word_1_488' title='bbox 2039 2009 2177 2050; x_wconf 86' lang='lat' dir='ltr'><strong><em>beatae</em></strong></span> <span class='ocrx_word' id='word_1_489' title='bbox 2218 2012 2432 2052; x_wconf 88' lang='lat' dir='ltr'><strong><em>memoriae</em></strong></span> 
     </span>
     <span class='ocr_line' id='line_1_82' title="bbox 1477 2071 2433 2123; baseline 0.001 -12"><span class='ocrx_word' id='word_1_490' title='bbox 1477 2073 1625 2119; x_wconf 83' lang='lat' dir='ltr'><strong><em>virum,</em></strong></span> <span class='ocrx_word' id='word_1_491' title='bbox 1653 2076 1690 2110; x_wconf 87' lang='lat' dir='ltr'><strong><em>et</em></strong></span> <span class='ocrx_word' id='word_1_492' title='bbox 1725 2071 1867 2123; x_wconf 84' lang='lat' dir='ltr'><strong><em>furens</em></strong></span> <span class='ocrx_word' id='word_1_493' title='bbox 1899 2071 2056 2110; x_wconf 85' lang='lat' dir='ltr'><strong><em>vocavit</em></strong></span> <span class='ocrx_word' id='word_1_494' title='bbox 2085 2083 2173 2110; x_wconf 87' lang='lat' dir='ltr'><strong><em>eum</em></strong></span> <span class='ocrx_word' id='word_1_495' title='bbox 2212 2072 2267 2111; x_wconf 84' lang='lat' dir='ltr'><strong><em>ad</em></strong></span> <span class='ocrx_word' id='word_1_496' title='bbox 2301 2083 2354 2121; x_wconf 89' lang='lat' dir='ltr'><strong><em>se,</em></strong></span> <span class='ocrx_word' id='word_1_497' title='bbox 2394 2077 2433 2112; x_wconf 83' lang='lat' dir='ltr'><strong><em>et</em></strong></span> 
     </span>
     <span class='ocr_line' id='line_1_83' title="bbox 1484 2131 2435 2183; baseline 0.001 -12"><span class='ocrx_word' id='word_1_498' title='bbox 1484 2131 1731 2183; x_wconf 70' lang='lat' dir='ltr'><strong><em>capotiatum</em></strong></span> <span class='ocrx_word' id='word_1_499' title='bbox 1776 2131 2016 2171; x_wconf 84' lang='lat' dir='ltr'><strong><em>vestimentis</em></strong></span> <span class='ocrx_word' id='word_1_500' title='bbox 2032 2163 2041 2178; x_wconf 93' lang='lat'><em>‚</em></span> <span class='ocrx_word' id='word_1_501' title='bbox 2071 2131 2215 2183; x_wconf 85' lang='lat' dir='ltr'><strong><em>quibus</em></strong></span> <span class='ocrx_word' id='word_1_502' title='bbox 2255 2137 2346 2172; x_wconf 87' lang='lat' dir='ltr'><strong><em>erat</em></strong></span> <span class='ocrx_word' id='word_1_503' title='bbox 2370 2145 2435 2172; x_wconf 91' lang='lat' dir='ltr'><strong><em>ve-</em></strong></span> 
     </span>
     <span class='ocr_line' id='line_1_84' title="bbox 1481 2191 2432 2241; baseline 0.001 -10"><span class='ocrx_word' id='word_1_504' title='bbox 1481 2193 1608 2241; x_wconf 87' lang='lat' dir='ltr'><strong><em>stitus,</em></strong></span> <span class='ocrx_word' id='word_1_505' title='bbox 1634 2192 1763 2231; x_wconf 84' lang='lat' dir='ltr'><strong><em>induit</em></strong></span> <span class='ocrx_word' id='word_1_506' title='bbox 1781 2204 1868 2231; x_wconf 90' lang='lat' dir='ltr'><strong><em>eum</em></strong></span> <span class='ocrx_word' id='word_1_507' title='bbox 1893 2191 2085 2230; x_wconf 85' lang='lat' dir='ltr'><strong><em>colobium</em></strong></span> <span class='ocrx_word' id='word_1_508' title='bbox 2105 2192 2274 2240; x_wconf 79' lang='lat' dir='ltr'><strong><em>laneum,</em></strong></span> <span class='ocrx_word' id='word_1_509' title='bbox 2298 2197 2338 2232; x_wconf 82' lang='lat' dir='ltr'><strong><em>et</em></strong></span> <span class='ocrx_word' id='word_1_510' title='bbox 2349 2198 2432 2232; x_wconf 87' lang='lat' dir='ltr'><strong><em>tra-</em></strong></span> 
     </span>
     <span class='ocr_line' id='line_1_85' title="bbox 1482 2253 2433 2306; baseline 0.001 -15"><span class='ocrx_word' id='word_1_511' title='bbox 1482 2254 1582 2292; x_wconf 77' lang='lat' dir='ltr'><strong><em>diclit</em></strong></span> <span class='ocrx_word' id='word_1_512' title='bbox 1602 2265 1690 2292; x_wconf 89' lang='lat' dir='ltr'><strong><em>eum</em></strong></span> <span class='ocrx_word' id='word_1_513' title='bbox 1711 2253 1880 2292; x_wconf 84' lang='lat' dir='ltr'><strong><em>lanariz&#39;s</em></strong></span> <span class='ocrx_word' id='word_1_514' title='bbox 1896 2253 1950 2291; x_wconf 86' lang='lat' dir='ltr'><strong><em>ad</em></strong></span> <span class='ocrx_word' id='word_1_515' title='bbox 1968 2253 2162 2291; x_wconf 85' lang='lat' dir='ltr'><strong><em>iniuriam</em></strong></span> <span class='ocrx_word' id='word_1_516' title='bbox 2179 2253 2219 2292; x_wconf 85' lang='lat' dir='ltr'><strong><em>in</em></strong></span> <span class='ocrx_word' id='word_1_517' title='bbox 2230 2255 2433 2306; x_wconf 68' lang='lat' dir='ltr'><strong><em>yynaecio,</em></strong></span> 
     </span>
     <span class='ocr_line' id='line_1_86' title="bbox 1478 2312 2157 2366; baseline -0.003 -13"><span class='ocrx_word' id='word_1_518' title='bbox 1478 2316 1596 2366; x_wconf 86' lang='lat' dir='ltr'><strong><em>prior</em></strong></span> <span class='ocrx_word' id='word_1_519' title='bbox 1625 2315 1726 2352; x_wconf 87' lang='lat' dir='ltr'><strong><em>enim</em></strong></span> <span class='ocrx_word' id='word_1_520' title='bbox 1749 2317 1840 2352; x_wconf 88' lang='lat' dir='ltr'><strong><em>erat</em></strong></span> <span class='ocrx_word' id='word_1_521' title='bbox 1854 2312 2004 2364; x_wconf 87' lang='lat' dir='ltr'><strong><em>palatii</em></strong></span> <span class='ocrx_word' id='word_1_522' title='bbox 2021 2313 2157 2365; x_wconf 86' lang='lat' dir='ltr'><strong><em>ipsius.</em></strong></span> 
     </span>
    </p>

    <p class='ocr_par' dir='ltr' id='par_1_29' title="bbox 1483 2373 2434 2486">
     <span class='ocr_line' id='line_1_87' title="bbox 1538 2373 2434 2425; baseline 0 -12"><span class='ocrx_word' id='word_1_523' title='bbox 1538 2376 1560 2413; x_wconf 97' lang='lat' dir='ltr'><strong><em>l.</em></strong></span> <span class='ocrx_word' id='word_1_524' title='bbox 1593 2376 1628 2413; x_wconf 90' lang='lat'><strong><em>9.</em></strong></span> <span class='ocrx_word' id='word_1_525' title='bbox 1661 2387 1695 2425; x_wconf 91' lang='lat' dir='ltr'><strong><em>p.</em></strong></span> <span class='ocrx_word' id='word_1_526' title='bbox 1727 2376 1788 2413; x_wconf 90' lang='lat'><strong><em>68.</em></strong></span> <span class='ocrx_word' id='word_1_527' title='bbox 1821 2379 1899 2412; x_wconf 88' lang='lat' dir='ltr'><strong><em>not.</em></strong></span> <span class='ocrx_word' id='word_1_528' title='bbox 1929 2374 2013 2412; x_wconf 88' lang='lat' dir='ltr'><strong><em>Eia</em></strong></span> <span class='ocrx_word' id='word_1_529' title='bbox 2040 2373 2179 2425; x_wconf 84' lang='lat' dir='ltr'><strong><em>inquit)</em></strong></span> <span class='ocrx_word' id='word_1_530' title='bbox 2209 2373 2300 2414; x_wconf 81' lang='lat' dir='ltr'><strong><em>add.</em></strong></span> <span class='ocrx_word' id='word_1_531' title='bbox 2320 2374 2434 2415; x_wconf 89' lang='lat' dir='ltr'><strong><em>Ruri—</em></strong></span> 
     </span>
     <span class='ocr_line' id='line_1_88' title="bbox 1483 2435 1935 2486; baseline -0.004 -12"><span class='ocrx_word' id='word_1_532' title='bbox 1483 2438 1570 2475; x_wconf 89' lang='lat' dir='ltr'><strong><em>cius</em></strong></span> <span class='ocrx_word' id='word_1_533' title='bbox 1599 2438 1713 2486; x_wconf 84' lang='lat' dir='ltr'><strong><em>epist.</em></strong></span> <span class='ocrx_word' id='word_1_534' title='bbox 1747 2436 1810 2474; x_wconf 80' lang='grc'><strong><em>25.</em></strong></span> <span class='ocrx_word' id='word_1_535' title='bbox 1841 2435 1866 2473; x_wconf 94' lang='lat' dir='ltr'><strong><em>l.</em></strong></span> <span class='ocrx_word' id='word_1_536' title='bbox 1898 2436 1935 2474; x_wconf 89' lang='grc'><strong><em>2.</em></strong></span> 
     </span>
    </p>

    <p class='ocr_par' dir='ltr' id='par_1_30' title="bbox 1483 2494 2434 2607">
     <span class='ocr_line' id='line_1_89' title="bbox 1537 2494 2434 2547; baseline 0.001 -12"><span class='ocrx_word' id='word_1_537' title='bbox 1537 2498 1560 2535; x_wconf 90' lang='lat' dir='ltr'><strong><em>l.</em></strong></span> <span class='ocrx_word' id='word_1_538' title='bbox 1593 2498 1654 2535; x_wconf 90' lang='grc'><strong><em>40.</em></strong></span> <span class='ocrx_word' id='word_1_539' title='bbox 1680 2509 1715 2547; x_wconf 93' lang='lat' dir='ltr'><strong><em>p.</em></strong></span> <span class='ocrx_word' id='word_1_540' title='bbox 1741 2496 1806 2534; x_wconf 92' lang='grc'><strong><em>74.</em></strong></span> <span class='ocrx_word' id='word_1_541' title='bbox 1828 2494 2098 2544; x_wconf 86' lang='lat' dir='ltr'><strong><em>CAMPANIO)</em></strong></span> <span class='ocrx_word' id='word_1_542' title='bbox 2121 2494 2224 2535; x_wconf 87' lang='lat' dir='ltr'><strong><em>MSS.</em></strong></span> <span class='ocrx_word' id='word_1_543' title='bbox 2245 2497 2434 2536; x_wconf 85' lang='lat' dir='ltr'><strong><em>Faucher.</em></strong></span> 
     </span>
     <span class='ocr_line' id='line_1_90' title="bbox 1483 2555 2074 2607; baseline -0.007 -11"><span class='ocrx_word' id='word_1_544' title='bbox 1483 2562 1523 2595; x_wconf 80' lang='lat' dir='ltr'><strong><em>et</em></strong></span> <span class='ocrx_word' id='word_1_545' title='bbox 1551 2558 1755 2607; x_wconf 80' lang='lat' dir='ltr'><strong><em>Andegav.</em></strong></span> <span class='ocrx_word' id='word_1_546' title='bbox 1790 2555 2074 2607; x_wconf 87' lang='lat' dir='ltr'><strong><em>Campaniano.</em></strong></span> 
     </span>
    </p>

    <p class='ocr_par' dir='ltr' id='par_1_31' title="bbox 1485 2614 2437 2777">
     <span class='ocr_line' id='line_1_91' title="bbox 1537 2614 2437 2668; baseline 0 -12"><span class='ocrx_word' id='word_1_547' title='bbox 1537 2619 1562 2656; x_wconf 94' lang='lat' dir='ltr'><strong><em>l.</em></strong></span> <span class='ocrx_word' id='word_1_548' title='bbox 1593 2620 1653 2657; x_wconf 94' lang='grc'><strong><em>44.</em></strong></span> <span class='ocrx_word' id='word_1_549' title='bbox 1676 2630 1711 2668; x_wconf 93' lang='lat' dir='ltr'><strong><em>p.</em></strong></span> <span class='ocrx_word' id='word_1_550' title='bbox 1736 2618 1895 2656; x_wconf 87' lang='lat' dir='ltr'><strong><em>77.not.</em></strong></span> <span class='ocrx_word' id='word_1_551' title='bbox 1911 2615 2030 2666; x_wconf 72' lang='lat' dir='ltr'><strong><em>lqniti</em></strong></span> <span class='ocrx_word' id='word_1_552' title='bbox 2044 2614 2182 2668; x_wconf 85' lang='lat' dir='ltr'><strong><em>dentis)</em></strong></span> <span class='ocrx_word' id='word_1_553' title='bbox 2205 2616 2295 2655; x_wconf 82' lang='lat' dir='ltr'><strong><em>add.</em></strong></span> <span class='ocrx_word' id='word_1_554' title='bbox 2318 2616 2437 2667; x_wconf 82' lang='lat' dir='ltr'><strong><em>Sym-</em></strong></span> 
     </span>
     <span class='ocr_line' id='line_1_92' title="bbox 1485 2675 2430 2728; baseline 0 -12"><span class='ocrx_word' id='word_1_555' title='bbox 1485 2679 1612 2717; x_wconf 85' lang='lat' dir='ltr'><strong><em>mach.</em></strong></span> <span class='ocrx_word' id='word_1_556' title='bbox 1641 2680 1743 2728; x_wconf 84' lang='lat' dir='ltr'><strong><em>epist</em></strong></span> <span class='ocrx_word' id='word_1_557' title='bbox 1786 2679 1846 2717; x_wconf 80' lang='grc'><strong><em>25.</em></strong></span> <span class='ocrx_word' id='word_1_558' title='bbox 1880 2677 1905 2715; x_wconf 91' lang='lat'><strong><em>1.</em></strong></span> <span class='ocrx_word' id='word_1_559' title='bbox 1935 2678 1969 2715; x_wconf 95' lang='grc'><strong><em>4.</em></strong></span> <span class='ocrx_word' id='word_1_560' title='bbox 1994 2687 2042 2714; x_wconf 92' lang='lat' dir='ltr'><strong><em>ne</em></strong></span> <span class='ocrx_word' id='word_1_561' title='bbox 2066 2675 2221 2716; x_wconf 83' lang='lat' dir='ltr'><strong><em>libellus</em></strong></span> <span class='ocrx_word' id='word_1_562' title='bbox 2245 2681 2337 2716; x_wconf 88' lang='lat' dir='ltr'><strong><em>tuus</em></strong></span> <span class='ocrx_word' id='word_1_563' title='bbox 2357 2676 2430 2716; x_wconf 88' lang='lat' dir='ltr'><strong><em>ad-</em></strong></span> 
     </span>
     <span class='ocr_line' id='line_1_93' title="bbox 1485 2737 2085 2777; baseline -0.002 -1"><span class='ocrx_word' id='word_1_564' title='bbox 1485 2750 1622 2777; x_wconf 88' lang='lat' dir='ltr'><strong><em>morsu</em></strong></span> <span class='ocrx_word' id='word_1_565' title='bbox 1650 2739 1746 2777; x_wconf 89' lang='lat' dir='ltr'><strong><em>duri</em></strong></span> <span class='ocrx_word' id='word_1_566' title='bbox 1772 2737 1896 2776; x_wconf 84' lang='lat' dir='ltr'><strong><em>dentis</em></strong></span> <span class='ocrx_word' id='word_1_567' title='bbox 1922 2740 2085 2776; x_wconf 90' lang='lat' dir='ltr'><strong><em>uratur.</em></strong></span> 
     </span>
    </p>

    <p class='ocr_par' dir='ltr' id='par_1_32' title="bbox 1484 2797 2439 3029">
     <span class='ocr_line' id='line_1_94' title="bbox 1539 2797 2438 2850; baseline 0.001 -13"><span class='ocrx_word' id='word_1_568' title='bbox 1539 2812 1575 2850; x_wconf 90' lang='lat' dir='ltr'><strong><em>p.</em></strong></span> <span class='ocrx_word' id='word_1_569' title='bbox 1604 2800 1665 2838; x_wconf 92' lang='lat'><strong><em>78.</em></strong></span> <span class='ocrx_word' id='word_1_570' title='bbox 1700 2804 1782 2837; x_wconf 89' lang='lat' dir='ltr'><strong><em>not.</em></strong></span> <span class='ocrx_word' id='word_1_571' title='bbox 1811 2797 1890 2846; x_wconf 84' lang='lat' dir='ltr'><strong><em>Qui</em></strong></span> <span class='ocrx_word' id='word_1_572' title='bbox 1926 2798 2068 2847; x_wconf 83' lang='lat' dir='ltr'><strong><em>9enus)</em></strong></span> <span class='ocrx_word' id='word_1_573' title='bbox 2112 2797 2202 2836; x_wconf 85' lang='lat' dir='ltr'><strong><em>add.</em></strong></span> <span class='ocrx_word' id='word_1_574' title='bbox 2248 2798 2438 2838; x_wconf 82' lang='lat' dir='ltr'><strong><em>Paulinus</em></strong></span> 
     </span>
     <span class='ocr_line' id='line_1_95' title="bbox 1491 2857 2439 2909; baseline 0 -11"><span class='ocrx_word' id='word_1_575' title='bbox 1491 2861 1611 2898; x_wconf 89' lang='lat' dir='ltr'><strong><em>natali</em></strong></span> <span class='ocrx_word' id='word_1_576' title='bbox 1637 2862 1674 2898; x_wconf 82' lang='lat'><strong><em>5.</em></strong></span> <span class='ocrx_word' id='word_1_577' title='bbox 1699 2860 1837 2897; x_wconf 80' lang='lat' dir='ltr'><strong><em>Felicis</em></strong></span> <span class='ocrx_word' id='word_1_578' title='bbox 1843 2860 1952 2909; x_wconf 74' lang='lat' dir='ltr'><strong><em>‚Jam</em></strong></span> <span class='ocrx_word' id='word_1_579' title='bbox 1973 2857 2088 2908; x_wconf 89' lang='lat' dir='ltr'><strong><em>prior</em></strong></span> <span class='ocrx_word' id='word_1_580' title='bbox 2108 2857 2178 2897; x_wconf 78' lang='lat' dir='ltr'><strong><em>hoc</em></strong></span> <span class='ocrx_word' id='word_1_581' title='bbox 2194 2858 2350 2909; x_wconf 87' lang='lat' dir='ltr'><strong><em>primos</em></strong></span> <span class='ocrx_word' id='word_1_582' title='bbox 2375 2871 2439 2898; x_wconf 87' lang='lat' dir='ltr'><strong><em>or-</em></strong></span> 
     </span>
     <span class='ocr_line' id='line_1_96' title="bbox 1488 2918 2436 2970; baseline 0.001 -11"><span class='ocrx_word' id='word_1_583' title='bbox 1488 2920 1548 2959; x_wconf 87' lang='lat' dir='ltr'><strong><em>bis</em></strong></span> <span class='ocrx_word' id='word_1_584' title='bbox 1569 2919 1670 2958; x_wconf 85' lang='lat' dir='ltr'><strong><em>liber</em></strong></span> <span class='ocrx_word' id='word_1_585' title='bbox 1694 2918 1814 2957; x_wconf 82' lang='lat' dir='ltr'><strong><em>edidit</em></strong></span> <span class='ocrx_word' id='word_1_586' title='bbox 1827 2923 1941 2958; x_wconf 88' lang='lat' dir='ltr'><strong><em>actus</em></strong></span> <span class='ocrx_word' id='word_1_587' title='bbox 1960 2918 2171 2970; x_wconf 74' lang='lat' dir='ltr'><strong><em>Martyris,</em></strong></span> <span class='ocrx_word' id='word_1_588' title='bbox 2194 2919 2296 2959; x_wconf 88' lang='lat' dir='ltr'><strong><em>unde</em></strong></span> <span class='ocrx_word' id='word_1_589' title='bbox 2313 2919 2436 2970; x_wconf 81' lang='lat' dir='ltr'><strong><em>domo,</em></strong></span> 
     </span>
     <span class='ocr_line' id='line_1_97' title="bbox 1484 2978 1892 3029; baseline -0.008 -11"><span class='ocrx_word' id='word_1_590' title='bbox 1484 2978 1546 3018; x_wconf 85' lang='lat' dir='ltr'><strong><em>vel</em></strong></span> <span class='ocrx_word' id='word_1_591' title='bbox 1573 2979 1643 3029; x_wconf 84' lang='lat' dir='ltr'><strong><em>qui</em></strong></span> <span class='ocrx_word' id='word_1_592' title='bbox 1666 2989 1792 3028; x_wconf 64' lang='lat' dir='ltr'><strong><em>glenus</em></strong></span> <span class='ocrx_word' id='word_1_593' title='bbox 1821 2980 1892 3016; x_wconf 88' lang='lat' dir='ltr'><strong><em>etc</em></strong></span> 
     </span>
    </p>

    <p class='ocr_par' dir='ltr' id='par_1_33' title="bbox 1487 3037 2439 3272">
     <span class='ocr_line' id='line_1_98' title="bbox 1541 3037 2439 3090; baseline -0.001 -12"><span class='ocrx_word' id='word_1_594' title='bbox 1541 3053 1574 3089; x_wconf 93' lang='lat' dir='ltr'><strong><em>p.</em></strong></span> <span class='ocrx_word' id='word_1_595' title='bbox 1606 3039 1671 3078; x_wconf 87' lang='lat'><strong><em>79.</em></strong></span> <span class='ocrx_word' id='word_1_596' title='bbox 1702 3045 1783 3077; x_wconf 88' lang='lat' dir='ltr'><strong><em>not.</em></strong></span> <span class='ocrx_word' id='word_1_597' title='bbox 1813 3037 1974 3077; x_wconf 83' lang='lat' dir='ltr'><strong><em>Hiantis</em></strong></span> <span class='ocrx_word' id='word_1_598' title='bbox 2010 3038 2241 3090; x_wconf 60' lang='lat' dir='ltr'><strong><em>interregni)</em></strong></span> <span class='ocrx_word' id='word_1_599' title='bbox 2282 3040 2372 3079; x_wconf 88' lang='lat' dir='ltr'><strong><em>add.</em></strong></span> <span class='ocrx_word' id='word_1_600' title='bbox 2402 3043 2439 3078; x_wconf 90' lang='lat' dir='ltr'><strong><em>et</em></strong></span> 
     </span>
     <span class='ocr_line' id='line_1_99' title="bbox 1488 3098 2439 3151; baseline 0.001 -15"><span class='ocrx_word' id='word_1_601' title='bbox 1488 3100 1638 3138; x_wconf 80' lang='lat' dir='ltr'><strong><em>occisus</em></strong></span> <span class='ocrx_word' id='word_1_602' title='bbox 1668 3103 1726 3138; x_wconf 87' lang='lat' dir='ltr'><strong><em>est</em></strong></span> <span class='ocrx_word' id='word_1_603' title='bbox 1751 3098 1883 3151; x_wconf 84' lang='lat' dir='ltr'><strong><em>pridie</em></strong></span> <span class='ocrx_word' id='word_1_604' title='bbox 1902 3098 1997 3138; x_wconf 83' lang='lat' dir='ltr'><strong><em>Idus</em></strong></span> <span class='ocrx_word' id='word_1_605' title='bbox 2024 3099 2180 3148; x_wconf 84' lang='lat' dir='ltr'><strong><em>Junias,</em></strong></span> <span class='ocrx_word' id='word_1_606' title='bbox 2208 3103 2247 3139; x_wconf 90' lang='lat' dir='ltr'><strong><em>et</em></strong></span> <span class='ocrx_word' id='word_1_607' title='bbox 2272 3099 2439 3139; x_wconf 83' lang='lat' dir='ltr'><strong><em>intravit</em></strong></span> 
     </span>
     <span class='ocr_line' id='line_1_100' title="bbox 1489 3159 2435 3212; baseline 0.001 -15"><span class='ocrx_word' id='word_1_608' title='bbox 1489 3160 1723 3199; x_wconf 81' lang='lat' dir='ltr'><strong><em>Gensericus</em></strong></span> <span class='ocrx_word' id='word_1_609' title='bbox 1759 3161 1938 3207; x_wconf 86' lang='lat' dir='ltr'><strong><em>Romam,</em></strong></span> <span class='ocrx_word' id='word_1_610' title='bbox 1963 3163 1998 3198; x_wconf 90' lang='lat' dir='ltr'><strong><em>et</em></strong></span> <span class='ocrx_word' id='word_1_611' title='bbox 2018 3160 2230 3212; x_wconf 86' lang='lat' dir='ltr'><strong><em>praedavit</em></strong></span> <span class='ocrx_word' id='word_1_612' title='bbox 2247 3171 2334 3200; x_wconf 87' lang='lat' dir='ltr'><strong><em>eam</em></strong></span> <span class='ocrx_word' id='word_1_613' title='bbox 2352 3159 2435 3199; x_wconf 88' lang='lat' dir='ltr'><strong><em>dies</em></strong></span> 
     </span>
     <span class='ocr_line' id='line_1_101' title="bbox 1487 3219 2438 3272; baseline 0 -14"><span class='ocrx_word' id='word_1_614' title='bbox 1487 3221 1798 3270; x_wconf 81' lang='lat' dir='ltr'><strong><em>quatuordecim,</em></strong></span> <span class='ocrx_word' id='word_1_615' title='bbox 1821 3223 1857 3258; x_wconf 85' lang='lat' dir='ltr'><strong><em>et</em></strong></span> <span class='ocrx_word' id='word_1_616' title='bbox 1873 3219 2027 3260; x_wconf 85' lang='lat' dir='ltr'><strong><em>levatus</em></strong></span> <span class='ocrx_word' id='word_1_617' title='bbox 2044 3221 2265 3272; x_wconf 86' lang='lat' dir='ltr'><strong><em>Imperator</em></strong></span> <span class='ocrx_word' id='word_1_618' title='bbox 2281 3220 2320 3258; x_wconf 89' lang='lat' dir='ltr'><strong><em>in</em></strong></span> <span class='ocrx_word' id='word_1_619' title='bbox 2342 3219 2438 3259; x_wconf 90' lang='lat' dir='ltr'><strong><em>Gal-</em></strong></span> 
     </span>
    </p>
   </div>
  </div>
 </body>
</html>
