2517 4009
952 205 1240 272 paraus

99 295 274 335 secunda
302 295 394 345 egit.
424 295 499 334 Sed
528 297 758 344 poenituere.
785 299 918 348 paullo
943 303 1058 349 post,

104 358 246 407 illaque
275 357 477 404 Monialis‚
508 357 651 395 deinde
692 358 766 397 An.
801 360 914 399 1130.
946 362 1060 398 Para-

100 419 190 457 cleti
223 419 445 457 Monasterii
471 418 608 457 Ordin.
636 421 674 458 S.
703 421 930 468 Benedicti,
955 421 1060 459 dioe-

97 481 203 520 cesis
249 480 460 518 Trecensis
498 480 687 520 Antistita
733 483 834 521 facta
878 487 968 529 est,
998 482 1060 520 hic

97 552 193 580 vero
222 540 439 580 Monachus
471 542 817 593 Sandionysianus
848 556 966 595 prope
992 545 1061 582 Pa-

99 605 217 642 risios
236 632 244 651 ,
266 607 402 653 postea
425 602 559 642 Abbas
581 605 782 655 Ruyensis
803 607 1060 644 constitutus.

97 665 227 704 Variis
270 675 314 702 se
359 665 560 704 erroribus
607 667 850 717 implicavit,
886 667 991 705 unde
1023 668 1058 704 in

91 727 267 767 Concilio
310 727 590 765 Svessionensi
648 728 724 766 An.
775 729 890 768 1121.
937 730 971 777 a)
1020 733 1060 765 et

94 789 317 827 Senonensi
348 789 421 826 An.
456 790 571 828 1140.
602 792 623 828 a
653 792 920 829 sanctissimis
948 790 1058 842 {Viris

92 849 294 889 Bernardo
323 850 476 889 Abbate
515 851 825 890 Claraevallensi
867 857 907 889 et
945 854 1058 890 Petro

92 912 315 950 Venerabili
337 912 512 951 Abbatae
534 913 788 952 Cluniacensi
818 914 1058 952 condemna-

95 977 163 1012 tus
192 973 292 1012 fuit:
315 973 383 1011 sed
410 975 650 1024 resipiscens
671 975 707 1022 b)
735 986 922 1024 magnum
949 976 1056 1013 vitae

90 1036 331 1074 Monasticae
384 1039 665 1074 ornamentum
721 1037 758 1074 in
815 1039 1055 1075 monasterio

89 1097 343 1136 Cluniacensi
369 1127 377 1144 ‚
401 1108 530 1146 usque.
555 1097 602 1136 ad
629 1099 736 1136 vitae
767 1103 994 1137 extremum
1021 1099 1053 1143 c)

89 1159 233 1196 extitit.
265 1160 432 1209 Scripsit
476 1169 595 1209 opera
641 1171 760 1208 quam
809 1160 977 1210 plurima
1018 1160 1053 1196 in

91 1231 213 1259 unum
247 1220 433 1258 volumen
476 1219 580 1258 edita
611 1220 650 1269 d)
682 1221 813 1259 labore
854 1225 895 1258 et
924 1220 1055 1258 studio

92 1282 354 1320 illustrissimi
387 1282 465 1319 Viri
486 1310 494 1329 ,
519 1281 733 1320 Francisei
758 1280 984 1330 Amboesz'i,
1009 1282 1056 1320 E-

68 1343 236 1392 -quitis,
258 1343 377 1393 Regis
401 1343 440 1380 in
468 1344 655 1382 sanctiori
683 1342 930 1382 Consistorio
953 1343 1056 1381 Con—

92 1405 253 1452 siliarii‚
284 1406 451 1443 Baronis
481 1405 674 1444 Chartrae
704 1411 778 1444 etc.
830 1407 865 1443 in
911 1405 1056 1456 quibus

93 1467 379 1505 continentur:

142 1526 345 1580 Epistolae
369 1529 402 1573 e)
435 1526 554 1568 Petri
580 1527 804 1569 Abaelardi
824 1533 862 1568 et
884 1530 1056 1569 HELOl-

89 1591 168 1628 SAE
190 1619 198 1638 ‚
223 1601 394 1640 quarum
422 1591 579 1641 aliquae
610 1592 818 1630 historiam
851 1592 1056 1630 calamita-

91 1659 174 1692 tum
205 1651 414 1691 Abaelardi
447 1654 774 1704 complectuntur
804 1665 890 1704 pag.
919 1655 953 1692 3.
985 1653 1056 1690 ali-

88 1725 190 1764 quae
219 1715 413 1764 originem
445 1716 648 1767 religionis
679 1716 1053 1755 Sanctimonialium

90 1787 176 1827 pag.
218 1777 281 1814 91.
326 1781 368 1813 et
415 1778 707 1817 institutionem
755 1789 825 1816 seu
865 1777 1056 1828 Regulam

88 1838 306 1878 earundem
339 1850 430 1889 pag.
462 1840 551 1879 130.

145 1898 325 1950 Epistola
346 1899 614 1948 FULCONIS,
640 1901 794 1940 Prioris
813 1901 859 1939 (le
896 1900 1058 1951 Dioyillo

89 1960 143 2000 ad
176 1962 340 2000 Petrum
368 1960 667 2010 Abaelardum‚
698 1975 784 2014 pag.
816 1964 907 2003 217.

79 2075 93 2082 ⁴
144 2022 321 2074 Epistola
344 2023 552 2064 Abaelardi
583 2024 781 2064 adversus
811 2036 874 2065 eos
904 2026 973 2077 qai
994 2036 1048 2062 6:15

98 2193 132 2216 re
155 2193 195 2216 ac
220 2187 409 2225 propinquo
448 2193 487 2216 ex
523 2184 757 2224 indignatione
798 2189 911 2226 postea
949 2185 1054 2218 sactus

83 2234 258 2266 eunuchus
276 2260 286 2272 ‚
324 2234 565 2266 dormituriens
590 2235 742 2275 nihilque
785 2236 851 2267 lale
887 2237 1053 2275 cogitans.

89 2284 168 2315 vide
189 2282 356 2315 Edmundi
385 2286 531 2315 Martene
553 2283 722 2316 Anecdota
747 2291 827 2316 tom.
854 2287 889 2316 V.
907 2294 940 2325 p.
966 2284 1059 2316 1140.

84 2341 154 2373 seq.
177 2333 278 2366 Baelii
299 2334 443 2365 Lexicon
458 2357 468 2371 ,
489 2335 522 2364 in
549 2333 702 2365 Abetard
721 2358 729 2371 ‚
754 2339 787 2365 et
802 2337 896 2366 Vitae
911 2337 1058 2374 scripto-

90 2389 143 2413 res
165 2382 327 2413 Jacobum
350 2382 567 2413 Tliomasium
585 2406 593 2420 ‚
620 2385 653 2414 in
682 2383 741 2414 filii
765 2383 948 2415 Christiani
972 2384 1058 2414 Tho-

86 2429 181 2461 masli
208 2429 285 2461 hist.
310 2432 496 2470 sapientiae
518 2434 551 2461 et
575 2431 737 2462 stultitiae
762 2436 840 2463 tom.
868 2432 881 2462 1
907 2441 982 2472 pag.
1007 2433 1060 2462 75.

87 2486 158 2518 seq.
183 2478 388 2518 Stephanum
414 2480 649 2518 Pasquieriuin
673 2482 708 2511 in
729 2489 828 2520 opere
851 2481 1025 2521 praeclaro
1046 2505 1054 2519 ,

87 2527 284 2559 recherches
305 2526 346 2558 de
369 2530 496 2560 France
517 2528 575 2559 lib.
603 2531 657 2559 Vi.
685 2537 758 2569 cap.
785 2529 824 2560 17
861 2535 894 2561 et
933 2532 1058 2561 Gerva-

82 2579 172 2609 sium
196 2579 230 2608 in
250 2579 318 2609 vita
341 2576 516 2608 Abaelardi
535 2601 544 2617 ,
566 2579 782 2617 diligentiore
806 2578 920 2610 studio
945 2587 1002 2610 sex
1019 2580 1056 2610 li-

79 2627 150 2658 bris
177 2627 301 2658 tradita
329 2626 454 2659 Gallice
477 2628 582 2659 Paris.
612 2628 702 2659 1720.
731 2628 780 2658 12.
811 2628 940 2659 duobus
962 2629 1061 2659 voln-

78 2675 225 2707 minibus
254 2679 333 2707 Acta
357 2676 460 2708 Erud.
491 2674 583 2707 1721.
610 2684 686 2716 pag.
714 2676 789 2708 215.
808 2679 903 2708 Mem.
921 2678 961 2707 de
978 2680 1054 2708 Tre*

81 2733 169 2756 voux
197 2724 288 2755 1721.
316 2732 392 2765 pag.
415 2723 490 2756 941.
515 2725 656 2757 Journal
683 2725 830 2757 literaire
855 2730 935 2757 tom.
956 2728 992 2756 X!
1028 2736 1058 2766 p.

84 2773 158 2807 255.
197 2775 220 2806 C
260 2777 296 2805 Α.
338 2776 527 2806 heumanni
552 2779 634 2807 Aeta
661 2775 940 2816 Philosophorum
964 2781 1056 2816 parte

79 2826 159 2856 XV!-
184 2831 260 2865 pag.
289 2823 366 2856 5-29.
391 2832 462 2863 seq.

140 2873 174 2912 a)
204 2874 283 2905 Vide
308 2875 449 2913 pagium
473 2874 516 2905 ad
539 2877 577 2906 Α.
603 2873 697 2906 1121.
724 2884 744 2906 n
779 2875 826 2906 14.
847 2884 916 2915 seq.

138 2922 176 2961 b)
198 2925 309 2954 Etiam
338 2925 498 2963 injuriam
527 2923 592 2955 sibi
624 2923 748 2956 factam
772 2922 790 2955 ti
825 2924 1059 2956 fervidioribus

77 2972 278 3003 adversariis
297 2993 308 3009 ,
326 2973 452 3011 scripta
475 2972 635 3012 Apologia
649 2996 657 3009 ‚
678 2977 828 3004 testatus.
848 2973 967 3005 Confer
985 2978 1056 3005 Ani<

80 3021 186 3052 boesii
206 3019 442 3060 prolegomena
463 3020 503 3051 ad
523 3023 632 3061 Opera
654 3023 829 3054 Abaelardi
844 3046 854 3061 ‚
879 3027 1060 3061 Quercent-

83 3078 164 3101 num
196 3071 231 3100 in
256 3071 347 3101 notis
378 3069 419 3100 ad
442 3069 520 3101 hist.
547 3071 776 3103 calamitatum
798 3073 994 3105 Abaelartli:
1027 3078 1059 3104 et

81 3118 254 3151 laudatum
281 3119 486 3150 Gervasium.

140 3168 172 3207 c)
198 3167 290 3199 Obiit
313 3166 474 3198 cabilone
491 3171 527 3198 Α.
555 3167 646 3200 1142.

139 3218 174 3254 ‹l›
197 3217 302 3248 Paris.
328 3215 419 3247 1616.
442 3215 474 3247 4.

148 3265 181 3305 e)
198 3265 350 3297 Heloisa
367 3287 376 3302 ‚
398 3266 533 3304 ingenio
551 3269 584 3296 et
600 3266 720 3297 litteris
739 3267 860 3298 nobilis
874 3291 884 3305 ‚
904 3269 1052 3300 Fulberti

81 3318 242 3348 canonici
267 3317 466 3347 parisiensis
485 3318 595 3356 neptis
612 3340 619 3355 ‚
635 3325 674 3348 ex
691 3317 864 3349 Abaelardi
878 3319 1055 3360 discipula,

82 3367 206 3397 amasia
224 3370 255 3397 et
276 3373 376 3397 uxore
392 3390 400 3403 ‚
418 3367 686 3398 sanctimonialis
703 3368 982 3409 Argetitoliensis,
1004 3378 1041 3400 at·

2008 234 2083 271 221

1133 299 1372 338 auctoritate
1404 300 1531 339 Bedae
1564 300 1797 352 presbyteri
1827 313 2000 353 aryzcere
2029 315 2089 342 co-

1134 364 1282 398 nantur
1302 364 1535 413 Dionysium
1559 364 1834 414 Areopagitam
1857 362 1983 416 fuisse
2004 366 2090 404 Dio-

1136 423 1295 471 nysium
1317 452 1324 469 ‚
1348 424 1642 463 Corinthiorum
1667 425 1903 476 Episcopum
1919 457 1930 474 7
1955 430 1992 465 et
2016 438 2090 464 non

1135 483 1262 533 mayis
1271 482 1396 535 faisse
1408 485 1692 524 Atheniensem
1707 487 1986 539 Episcopump.
1999 489 2090 526 221.

1192 544 1317 594 Epist.
1338 549 1479 583 contra
1499 546 1693 597 quendam
1713 548 1955 587 eanonicam
1976 561 2092 601 requ-

1138 604 1262 643 larem
1278 637 1288 654 ‚
1313 606 1385 657 qm·
1405 608 1665 646 Monosticum
1693 608 1880 648 Ordinem
1903 609 2094 663 deprime-

1142 665 1232 714 bat,
1264 670 1301 705 et
1327 678 1444 706 suam
1476 668 1533 706 illi
1562 669 1831 721 anteferebat,
1864 684 1951 723 pag.
1981 674 2071 711 228.

1192 729 1391 767 Ῑηυεσίίυα
1422 729 1460 767 in
1488 730 1682 780 quendam
1728 731 1912 780 ismarum
1957 733 2092 773 Diale-

1134 789 1274 838 ctices,
1305 790 1378 841 qui
1405 794 1535 829 tamen
1563 792 1649 842 ejus
1678 792 1853 831 studium
1882 795 2092 847 reprelien-

1133 849 1272 900 (lebat,
1300 855 1337 890 et
1358 853 1489 890 onmia
1520 853 1604 904 ejus
1630 852 1814 904 cloqmata
1834 855 2006 905 putabat
2028 868 2089 895 so—

1129 912 1334 963 phismata
1365 917 1399 952 et
1428 913 1671 966 deceptiones
1701 928 1786 967 pag.
1818 917 1907 956 238.

1186 973 1327 1026 Eleqia
1365 975 1577 1023 iiiLARn,
1621 974 1843 1016 Abaefflrcli
1880 978 2087 1030 discipali,

1132 1048 1213 1088 qua
1236 1028 1396 1088 planyit'
1433 1048 1634 1076 recessum
1674 1039 1759 1091 ejus
1789 1050 1844 1077 eac
1875 1040 2091 1079 Paraclito.

1134 1109 1220 1149 pag.
1249 1099 1339 1137 213.

1188 1159 1369 1210 Epistola
1414 1161 1621 1200 Abaelardi
1659 1163 1713 1200 ad
1740 1164 1778 1201 S.
1811 1164 2090 1213 Bernarclum,

1137 1220 1329 1259 Abbatem
1357 1223 1718 1263 Claraevallensem
1752 1237 1836 1276 pag.
1866 1226 1956 1264 244.

1184 1282 1428 1321 Eaefzortatz'o
1443 1284 1496 1321 acl
1508 1285 1684 1324 studium
1703 1286 1930 1327 litterarum
1947 1302 1980 1340 p.
2000 1290 2091 1329 251.

1186 1343 1241 1381 De
1266 1343 1380 1382 laude
1401 1347 1439 1383 S.
1463 1346 1650 1397 Stephani
1670 1350 1867 1400 Martyris
1892 1363 1976 1401 pag.
2001 1353 2090 1390 263.

1185 1404 1385 1454 Epistolae
1404 1406 1558 1458 aliquot
1574 1412 1613 1447 S.
1640 1411 1889 1450 BERNARDI
1910 1412 1966 1450 ad
1987 1413 2088 1453 Car-

1133 1464 1285 1505 (linales
1309 1471 1348 1505 et
1370 1469 1637 1509 Innocentium
1665 1472 1715 1508 II.
1750 1473 1899 1523 Papam
1919 1503 1927 1521 ,
1952 1478 2089 1512 contra

1136 1529 1295 1567 Petrum
1325 1529 1603 1571 Abaelardum
1633 1546 1718 1584 pag.
1752 1534 1841 1572 270.

1188 1592 1400 1644 Rescripta
1444 1594 1647 1632 Innocenti
1690 1596 1742 1632 ΙΙ.
1785 1595 1920 1648 Papae
1958 1602 2096 1636 contra

1132 1652 1296 1691 eundem
1335 1666 1420 1705 pag.
1453 1656 1542 1693 299.
1575 1658 1663 1695 301.

1194 1716 1501 1755 ΒΕΒΕΜέ-ΛΗΗ
1549 1717 1842 1766 l'ictaviensis,
1878 1718 2098 1759 Abaelarcli

1136 1775 1328 1828 discipuli
1347 1810 1356 1827 ,
1388 1778 1652 1830 apoloqeticus
1680 1783 1821 1818 contra
1848 1781 1891 1818 B.
1924 1782 2100 1820 Bernar-

1131 1838 1223 1877 dum
1246 1838 1609 1880 Claraevallensem
1631 1841 1886 1881 Abbatem-et
1903 1843 2003 1882 alios
2022 1847 2095 1895 qni

1130 1904 1492 1941 condemnaverant
1503 1904 1809 1955 Praeceptorem
1824 1917 1943 1944 suum
1955 1919 1988 1957 p.
2004 1908 2094 1946 302.

1183 1963 1361 2014 Epistola
1387 1965 1566 2015 ejusdem
1594 1967 1901 2006 BERENGARH
1924 1969 1978 2007 acl
2000 1969 2092 2020 Epi-

1132 2035 1292 2077 scopum
1325 2026 1606 2065 tllimatensem.
1638 2040 1724 2080 pag.
1756 2030 1846 2068 320.

1128 2184 1273 2224 denique
1292 2194 1331 2217 ex
1350 2188 1514 2218 Prior-issa
1533 2187 1621 2219 illius
1646 2189 1829 2229 coenobii,
1847 2191 1962 2223 Ordin.
1981 2194 2100 2223 Benetl.

1128 2234 1303 2266 Abbatissa
1328 2237 1473 2267 oratorii
1499 2237 1655 2268 Paracliti
1682 2240 1771 2277 quod
1795 2242 1828 2271 in
1854 2243 2010 2273 Trecensi
2034 2244 2102 2272 site

1128 2286 1337 2315 'tricassinae
1357 2284 1529 2317 dioceseos
1549 2295 1634 2327 pago
1651 2288 1854 2321 Abaelardus
1880 2291 2073 2322 condiderat
2091 2315 2098 2322 .

1124 2333 1353 2373 probanteque
1372 2337 1572 2367 innocentio
1596 2339 1634 2368 ΙΙ.
1660 2340 1688 2368 ei
1714 2338 1910 2371 donaverat.
1931 2340 2021 2371 Obiit
2042 2343 2100 2370 He-

1128 2382 1209 2413 loisa
1243 2385 1468 2422 Graecarum,
1493 2384 1671 2418 Hebraear.
1696 2391 1727 2419 et
1749 2390 1944 2419 Latinarum
1976 2388 2100 2420 littera-

1124 2440 1196 2462 rum
1222 2435 1327 2472 perita
1348 2457 1355 2470 ‚
1376 2437 1472 2464 Anno
1495 2433 1585 2465 1162.
1615 2435 1693 2466 Vide
1718 2439 1920 2474 Quereetani
1946 2442 2038 2468 notas
2057 2438 2098 2468 ad

1122 2481 1193 2512 Bibl
1240 2482 1494 2513 Cluniaeensem
1518 2491 1592 2523 pag.
1630 2484 1696 2522 149,
1727 2495 1795 2525 seq.
1820 2490 1849 2517 et
1875 2488 2033 2517 Miraeum
2058 2487 2098 2517 ad

1123 2533 1258 2562 Henrici
1284 2531 1480 2563 Gandavens
1510 2541 1583 2572 cap.
1603 2532 1651 2564 16,
1677 2534 1716 2564 de
1735 2537 1764 2565 S.
1789 2538 1825 2565 Ε,
1852 2537 1933 2565 Prae
1957 2534 2096 2566 liberiu-

1124 2579 1220 2610 ribus
1240 2581 1504 2619 Metaphrasibus
1519 2582 1652 2614 Gallicis
1663 2583 1888 2622 Epistularum
1905 2589 2097 2616 mutuarum

1124 2628 1279 2659 ileloisae
1304 2633 1335 2659 et
1356 2630 1524 2660 Aballardi
1545 2654 1554 2667 ,
1578 2639 1660 2670 quas
1680 2634 1731 2662 vel
1756 2636 1888 2664 Bussius
1910 2635 2098 2666 Rabutiuus

1123 2677 1239 2708 Colon.
1261 2677 1351 2708 1695.
1377 2678 1425 2708 vel
1444 2681 1480 2709 P.
1504 2682 1538 2709 F.
1562 2682 1596 2710 G.
1619 2682 1658 2712 ‹le
1676 2682 1903 2722 Beauchamps
1927 2683 2017 2715 dedit
2035 2686 2098 2714 Pa-

1123 2728 1180 2757 ris.
1206 2725 1297 2757 1711.
1319 2732 1351 2757 et
1371 2726 1461 2758 1751.
1478 2727 1526 2759 12.
1554 2729 1756 2762 laudandum
1774 2734 1920 2764 Gervasii
1936 2733 2096 2770 studium,

1126 2778 1184 2815 qui
1207 2778 1311 2808 Paris,
1337 2776 1423 2807 1725.
1443 2777 1479 2806 1-3
1495 2777 1624 2810 duobus
1640 2780 1872 2812 voiuniinibus
1891 2784 2004 2813 Latine
2021 2791 2096 2813 cuni

1134 2825 1292 2865 adjuncta
1314 2828 1463 2865 prosaria
1487 2828 1610 2859 Gallica
1632 2832 1785 2861 versione
1808 2836 1837 2862 et
1861 2832 2023 2871 adspersis
2046 2841 2100 2863 sn-

1128 2875 1232 2905 binde
1266 2877 1354 2907 notis
1385 2876 1554 2908 historicis
1586 2878 1731 2917 vulgarit
1758 2880 1906 2912 Heloisae
1934 2882 2097 2920 Epistola>-

1123 2925 1163 2956 ad
1189 2924 1403 2956 Abailardum
1438 2928 1491 2957 111.
1522 2931 1550 2957 et
1576 2927 1743 2959 Abailardi
1768 2929 1808 2961 ad
1840 2930 2019 2962 Heloissatn
2044 2934 2093 2963 11.

1125 2983 1268 3014 quarum
1295 2978 1393 3007 tertia
1417 2977 1543 3016 amplas
1561 2977 1696 3009 Ordinis
1721 2979 1914 3009 Monialiuni
1933 2987 2096 3021 sexusque

1120 3024 1274 3055 foeminei
1295 3025 1408 3056 laudes
1428 3027 1662 3065 complectitur
1685 3032 1763 3057 toni.
1783 3028 1815 3058 2.
1830 3037 1861 3067 p.
1885 3030 1958 3060 Σοί),
1976 3035 2094 3069 quarta

1119 3074 1277 3113 Regulam
1295 3077 1606 3107 Sanciimonialium
1631 3077 1831 3115 praescribit
1851 3086 1926 3117 pag.
1951 3078 2092 3110 ala-505

1122 3125 1166 3153 De
1179 3123 1281 3154 latina
1299 3124 1526 3156 emendatiore
1539 3125 1688 3156 editione
1698 3127 1921 3165 Epistularum
1933 3128 2093 3162 harumce

1120 3180 1177 3212 per
1209 3173 1412 3204 Ricliardutn
1444 3175 1657 3212 Rawlinson‚
1689 3177 1790 3207 Lond.
1826 3177 1912 3209 1718.
1949 3179 1979 3209 4.
2015 3181 2094 3212 vide

1119 3223 1252 3253 Journal
1272 3222 1417 3253 literaire
1440 3227 1464 3254 t.
1482 3223 1512 3254 4.
1534 3233 1563 3263 p.
1588 3225 1661 3255 575.
1680 3226 1762 3270 nihl.
1782 3230 1946 3260 ancienne
1970 3234 2001 3261 et
2021 3240 2091 3261 ino-

1119 3272 1222 3302 derne
1247 3276 1324 3301 tom.
1344 3271 1374 3301 9.
1401 3279 1474 3310 pag.
1498 3273 1571 3304 54⁸.
1589 3275 1725 3306 Journal
1742 3277 1797 3308 des
1815 3280 1888 3310 Sav.
1919 3279 2007 3311 1718.
2027 3282 2091 3311 No-

1123 3321 1246 3353 vembr.
1276 3328 1338 3359 pag
1364 3320 1436 3352 5259.
