2533 4009
453 228 529 267 3·ῐί

455 303 581 339 tinum
609 297 954 346 tter-bipolensem,
989 293 1060 329 fuit
1092 291 1128 328 in
1160 289 1402 328 Bibliotheca

456 363 553 411 Aug.
585 361 691 405 Quir.
722 356 875 397 nivini,
905 351 1041 390 Medici
1074 351 1300 400 Lipsiensis.

511 424 546 459 8.
569 424 703 458 Cicero
724 417 772 453 ‹le
792 416 955 452 Oratore
977 423 1067 450 cum
1090 412 1210 462 praef.
1230 412 1289 449 .Ιο.
1306 410 1406 449 Blia-

456 486 531 532 gii,
558 481 707 530 Lipsiae
736 477 848 515 1515.
872 474 988 519 solio,
1013 472 1131 523 apud.
1157 472 1294 511 Melch.
1320 473 1406 510 Lot-

457 546 556 581 tber.
589 543 624 578 in
660 539 754 577 Bibl.
783 535 956 575 laudata.

516 606 550 641 9.
569 600 697 659 xPetri
726 598 861 637 Heliae
886 597 1158 635 Grammatica
1183 607 1272 634 cum
1298 595 1411 634 Com-

457 668 568 704 ment.
609 665 667 700 .Ιο.
707 659 979 711 Sommerfeld.
1015 660 1176 709 Argent.
1223 659 1336 696 4499.
1374 658 1407 695 t.

455 737 588 765 crasso
620 723 848 769 volumine,
873 726 934 759 est.
966 723 1001 758 in
1033 720 1114 758 Bibl
1142 719 1411 758 Zwickavien-

458 792 488 827 si
509 821 515 835 .
536 792 637 826 teste
660 786 823 824 Daumio
844 784 968 833 Epist.
994 783 1055 820 71.
1078 781 1124 819 nd
1149 782 1387 819 Reinesium.

511 851 597 888 Fuit
627 854 786 893 autem,
830 850 932 883 teste
977 845 1080 882 llier.
1121 843 1318 889 Wellero7
1353 842 1411 877 vir

458 914 570 963 pius,
601 911 781 953 sobrius,
811 912 946 945 castus
976 911 1015 943 et
1048 903 1257 944 facundus.
1284 901 1402 940 Valde

457 979 656 1025 praeterea
683 970 859 1010 laudavit
883 969 1036 1018 ingenia
1052 967 1282 1017 juventutis
1308 964 1411 1002 Frei-

455 1037 612 1086 bergae.

508 1088 1411 1143 BlffiTlClLS,EpiscopusAugustodunensis

455 1173 488 1198 a.
508 1160 583 1198 313
615 1157 773 1206 scripsit
789 1154 988 1193 adversus
1006 1151 1271 1191 Novatianum
1286 1161 1410 1200 yrun-

455 1220 501 1259 <le
535 1218 741 1265 Velamen,
773 1223 809 1255 ec
841 1213 1176 1255 Commentarium
1207 1212 1246 1250 in
1273 1210 1409 1251 Canti-

455 1293 541 1320 cam
575 1282 841 1320 Canticorum.
874 1279 1142 1327 Hieronymus
1179 1275 1227 1312 de.
1267 1275 1407 1324 Script.

458 1344 564 1383 liccl.
593 1355 624 1381 c.
657 1343 719 1380 82.
760 1341 829 1380 sed
873 1345 1088 1388 utrumque
1119 1348 1218 1388 opus
1250 1337 1407 1374 interiit.

455 1406 567 1445 Adde
591 1405 887 1442 Tillemontium
912 1407 1006 1440 tom.
1030 1402 1088 1439 Vl.
1111 1411 1195 1449 pag.
1219 1397 1282 1436 27.
1305 1397 1409 1435 Guil.

456 1467 656 1518 Cupeium
705 1468 740 1503 in
784 1465 894 1502 Actis
939 1464 1174 1501 Sanctorum
1222 1465 1315 1498 tom.
1349 1459 1408 1497 lV.

457 1529 547 1567 Julii
579 1539 663 1579 pag.
696 1527 786 1566 588.

511 1591 698 1631 ltlAtls,
725 1589 950 1626 Canonicus
974 1587 1176 1625 Caesenas
1205 1596 1267 1623 an.
1296 1584 1408 1622 4335.

461 1655 566 1691 varia
597 1652 753 1699 collegit
777 1649 823 1687 ad
852 1659 916 1686 res
947 1648 1054 1686 urbis
1085 1657 1180 1685 suae
1212 1647 1411 1695 pertinen-

458 1719 547 1760 tes,
579 1717 693 1762 prout
723 1711 862 1759 allegat
896 1710 1046 1748 Auctor
1075 1707 1290 1746 Annalium
1317 1706 1413 1744 Cae-

458 1775 730 1813 senatensium
765 1774 799 1808 in
832 1771 1074 1822 praefatione
1104 1774 1144 1806 et
1174 1768 1221 1806 ad
1263 1777 1411 1805 annum

460 1836 574 1875 modo
603 1835 779 1882 dictum,
812 1838 906 1871 tom.
938 1833 1038 1871 xlv.
1071 1832 1111 1870 S.
1142 1832 1182 1869 [t.
1215 1830 1300 1868 ltal.
1334 1831 1414 1868 Mu-

458 1900 588 1937 ratorii
619 1908 704 1947 pag.
738 1896 838 1934 1089
869 1900 909 1933 et
940 1895 1054 1933 1165.

511 1959 823 2004 ΒΙΟΕΜᾹΙΠΞΞ,
855 1956 1034 2005 Anglus,
1076 1955 1236 2004 Sulgeni
1277 1954 1409 2000 silius,

459 2024 680 2073 Episcopus
698 2020 968 2065 Menevensis,
985 2019 1085 2054 vixit
1101 2018 1202 2054 circa
1220 2017 1309 2054 anst
1323 2016 1410 2054 085.

461 2089 501 2121 et
539 2083 663 2121 Vitam
692 2083 730 2121 S.
763 2079 927 2118 Davidis
956 2077 1142 2128 Episcopi
1165 2076 1413 2116 Menevensis

460 2145 500 2183 in
531 2143 673 2185 Wallia
698 2144 882 2192 scripsit,
907 2152 1026 2190 quam
1054 2145 1281 2189 temporum
1313 2137 1414 2186 inju-

461 2209 514 2245 ria
537 2207 701 2256 periisse
726 2203 895 2242 credidit
919 2204 1099 2241 Usserius
1121 2201 1169 2238 de
1190 2199 1414 2250 primordiis

464 2269 728 2307 Ecclesiarum
747 2265 1059 2303 Britannicarum
1082 2274 1114 2300 c.
1141 2263 1198 2300 44.
1219 2273 1304 2312 pag.
1325 2262 1410 2299 443.

462 2335 550 2381 post
583 2334 716 2367 autem
761 2327 913 2365 invenit
941 2331 981 2365 et
1012 2325 1245 2376 particulam
1289 2323 1414 2361 edidit

467 2392 709 2430 whartonus
729 2394 823 2426 tom.
845 2390 890 2426 ll.
913 2389 1076 2438 Angliae
1099 2389 1241 2426 Sacrae
1264 2399 1300 2437 p.
1326 2386 1417 2424 6143.

465 2465 552 2492 nam
574 2454 695 2490 vitam
715 2453 841 2501 ipsam
872 2462 921 2489 ex
953 2450 1041 2496 illo,
1074 2450 1206 2488 verbis
1223 2450 1340 2487 etiam
1361 2461 1419 2486 re.-

466 2517 587 2553 tentis
605 2545 612 2562 ⁷
631 2517 711 2564 J'am
737 2513 901 2551 dederat
926 2513 1120 2550 Silvester
1140 2511 1325 2550 Giraldus
1352 2511 1421 2548 ibi-

463 2577 553 2615 dem
581 2588 666 2626 pag.
692 2575 779 2613 628.
806 2579 846 2612 et
869 2584 1032 2617 omnes,
1060 2574 1126 2623 qui
1155 2575 1276 2611 vitam
1303 2574 1419 2611 Davi-

463 2639 524 2676 dis
547 2638 744 2688 persecuti
766 2642 888 2683 sunt,
908 2647 956 2674 ex
981 2635 1118 2673 eodem
1143 2635 1418 2685 profecerunt,

465 2702 638 2738 joannes
657 2698 959 2737 Tinmutliensis
982 2699 1018 2735 in
1040 2698 1300 2748 Sanctilogio‚
1322 2699 1421 2747 Cap-

465 2764 626 2812 gravius
657 2761 693 2798 in
728 2760 908 2809 Legenda
942 2771 1070 2798 nova:
1097 2762 1188 2798 item
1221 2759 1419 2808 Anonymi

465 2825 626 2874 Colgani
647 2824 757 2862 Actis
774 2823 1010 2860 Sanctorum
1030 2822 1237 2860 Hiberniae
1256 2826 1294 2859 et
1313 2821 1422 2859 Actis

467 2884 858 2937 AntverpiensibuS,
885 2888 1003 2933 prout
1032 2883 1147 2920 docet
1174 2883 1421 2921 Wbartonus

469 2950 504 2986 in
539 2948 778 2998 praefatione
811 2947 904 2983 tomi
938 2945 981 2983 11.
1014 2956 1101 2994 pag.
1131 2944 1194 2982 25.
1224 2944 1288 2981 26.

522 3009 832 3054 uictiALMUS,
856 3007 987 3045 Abbas
1009 3007 1218 3059 Speciosae,
1241 3004 1361 3043 Vallis
1386 3005 1421 3041 in

473 3073 687 3109 Franeonia
709 3070 803 3109 Ord.
822 3068 1101 3107 Cisterciensis
1119 3098 1128 3115 ,
1149 3078 1228 3106 sec.
1251 3068 1398 3104 incerto
1418 3079 1423 3103 :

474 3136 631 3182 scripsit
663 3131 825 3172 Librum
867 3129 1158 3170 Revelationum
1197 3128 1242 3167 (le
1272 3127 1429 3167 insidiis

473 3199 509 3231 c!
538 3196 722 3234 versutiis
749 3196 981 3234 daemonum
1007 3192 1203 3232 adversus
1234 3191 1428 3238 hommes,

532 3332 564 3369 a)
589 3334 644 3362 Hic
667 3335 723 3363 MS.
742 3338 787 3364 est
809 3338 839 3365 in
861 3335 1065 3366 Piblioilicea
1088 3333 1236 3365 Paullina
1264 3333 1439 3373 Lipsiensi.

1223 219 1661 259 liltlllAlthS

1477 292 1542 340 qui
1573 290 1704 329 editus
1732 295 1793 329 est
1824 294 1859 329 in
1891 293 2006 331 Bern.
2038 295 2111 331 Pez
2142 291 2258 330 Thes.
2291 292 2428 330 novis-

1477 353 1577 389 simo
1620 350 1913 391 Anecdotorum
1956 358 2051 392 tom.
2080 355 2107 392 Ι.
2140 357 2240 404 part.
2276 353 2314 391 2.
2343 363 2429 403 pag.

1478 413 1568 451 373.
1592 411 1703 450 Adde
1727 413 1815 451 Car.
1840 413 1888 452 de
1914 415 2031 454 Viscli
2057 416 2157 454 Bibl.
2181 415 2428 465 Scriptorum

1477 474 1571 514 Ord.
1603 473 1883 512 cisterciensis
1913 487 1999 526 pag.
2029 477 2121 516 285.

1534 536 1819 575 RlCllARDUS
1860 534 2127 586 Adaqom·sta‚
2173 537 2353 587 Augias,
2392 536 2428 574 in

1483 597 1591 636 ltalia
1624 598 1820 635 Bononiae
1857 599 2012 637 Jurium
2050 600 2238 637 scientiae
2271 608 2431 648 operam

1482 658 1615 706 dedit,
1648 664 1900 709 praeceptore
1933 669 2032 698 usus
2062 660 2166 698 Pileo
2194 661 2434 707 Mutinensi,

1484 732 1575 759 cum
1607 731 1684 770 quo
1715 719 1844 769 paullo
1874 724 1962 770 post
1985 719 2033 758 de
2058 720 2290 759 eruditionis
2320 719 2435 760 laude.

1483 781 1699 819 contendit.
1726 781 1831 820 Vixit
1854 793 1916 820 an.
1945 782 2060 820 4240.
2085 786 2125 819 et
2150 781 2308 830 reliquit
2341 782 2436 820 Tra-

1485 845 1631 879 ctatum
1660 854 1780 893 super
1812 843 1998 891 Decreto,
2026 854 2098 881 nec
2128 854 2204 881 non
2231 843 2434 882 Summam

1484 901 1529 940 de
1561 902 1697 941 ordine
1716 903 1974 952 judiciorum.
2007 905 2165 943 Pitseus
2193 903 2242 942 de
2274 903 2444 951 illustri-⁷

1485 963 1558 1001 bus
1587 963 1751 1013 Angliae
1797 965 2056 1016 scriptoribus
2097 977 2132 1004 c.
2175 965 2438 1006 292 Ba1eus

1485 1023 1598 1062 Cent.
1629 1026 1735 1064 Xlll.
1763 1025 1826 1063 77.

1538 1087 1825 1125 RICHABDUS
1855 1086 1901 1126 de
1931 1087 2147 1136 Aldwerd,
2172 1089 2235 1127 alii
2260 1088 2439 1127 scribunt

1484 1148 1529 1187 (le
1550 1148 1750 1187 Acclwerd
1762 1179 1773 1197 ,
1794 1147 1947 1199 Anglus
1964 1178 1972 1197 ,
1991 1151 2252 1200 Dempsterus
2275 1150 2436 1189 Scotum

1486 1216 1625 1258 vocat⁷
1653 1210 1873 1249 monachus
1904 1210 2182 1249 Cisterciensis
2205 1215 2246 1250 et
2266 1211 2438 1250 Sacrista

1485 1275 1520 1311 in
1560 1272 1778 1320 Aldwerd,
1815 1273 2052 1311 monasterio
2088 1271 2206 1323 juxta
2248 1272 2440 1311 Groenin—

1484 1347 1570 1383 gam
1605 1336 1777 1381 Frisiae,
1808 1334 1902 1372 obiit
1926 1333 2001 1374 An.
2028 1335 2143 1374 1266.
2169 1336 2257 1374 Fuit
2280 1345 2438 1385 quoque

1484 1397 1718 1447 'l'beologiae
1761 1398 1946 1446 Magister
1985 1398 2229 1435 Parisiensis.
2274 1396 2439 1447 Scripsit

1487 1459 1644 1496 Librum
1668 1457 1714 1496 de
1733 1458 1957 1497 Harmonia
1975 1487 1983 1505 ‚
2001 1455 2216 1509 Epistolam
2232 1456 2438 1508 prolixam

1487 1532 1519 1557 s.
1550 1522 1681 1570 potius
1711 1521 1940 1558 Tractatum
1966 1519 2013 1559 ad
2039 1519 2284 1571 Religiosum
2314 1531 2439 1572 quen-

1486 1582 1575 1621 dam
1607 1582 1943 1629 Ebirbacensem,
1975 1583 2012 1619 in
2043 1592 2120 1632 qua
2149 1582 2230 1633 agit
2258 1580 2307 1620 de
2337 1593 2439 1621 mar-

1488 1646 1589 1694 tyrio
1620 1645 1654 1682 b.
1685 1644 1848 1682 Gerardi
1879 1643 2043 1682 Abbatis
2074 1643 2405 1682 Claraevallensis
2425 1674 2434 1690 ‚

1486 1707 1535 1745 de
1570 1708 1651 1744 vita
1681 1710 1721 1743 et
1752 1705 1954 1744 miraculis
1979 1705 2016 1743 S.
2043 1704 2192 1743 Silvani
2219 1704 2443 1744 Claraeval-

1489 1769 1615 1806 lensis
1646 1766 1825 1805 monachi
1844 1795 1854 1811 ‚
1884 1770 1924 1804 et
1953 1766 2041 1804 aliis
2075 1765 2314 1815 quibusdam
2343 1766 2441 1804 San-

1489 1831 1565 1868 ctis
1589 1829 1683 1868 Ord.
1710 1828 1990 1867 Cisterciensis
2013 1831 2054 1865 et
2079 1827 2306 1865 monasterii
2332 1827 2443 1866 Ebir-

1486 1892 1676 1931 baccnsis
1695 1919 1703 1938 ,
1726 1894 1820 1927 item
1843 1886 2004 1927 Librum
2029 1886 2336 1926 meditationum.
2358 1889 2446 1928 Car.

1487 1955 1536 1992 de
1558 1952 1679 1991 Visch
1703 1951 1799 1990 Bibl.
1822 1951 2067 2001 Scriptorum
2088 1949 2180 1988 Ord.
2207 1950 2446 1989 Cistercien-

1487 2018 1544 2055 sis
1571 2027 1645 2065 pag
1691 2014 1767 2051 ⁶286
1814 2012 2020 2050 Lelandus
2044 2011 2092 2049 de
2118 2013 2252 2062 script.
2284 2011 2447 2063 Angliae

1487 2089 1520 2116 c.
1553 2076 1639 2116 165.
1680 2076 1821 2114 Baleus
1857 2074 2027 2111 Centur.
2061 2072 2165 2111 Xlll.
2197 2072 2262 2112 70.
2292 2074 2447 2114 Pitseus

1489 2143 1523 2177 in
1556 2137 1736 2189 Append.
1766 2138 1883 2176 (lent.
1921 2136 1988 2174 ΙΙΙ.
2019 2135 2082 2173 93·

1543 2199 1825 2240 RlCllARDHS
1854 2197 1900 2236 de
1930 2198 1971 2236 S.
2001 2195 2176 2247 Anqelo,
2209 2197 2299 2235 vide
2330 2208 2450 2248 supra

1491 2269 1586 2302 tom.
1620 2264 1644 2300 l.
1679 2274 1766 2312 pag.
1798 2262 1860 2299 93.

1545 2324 1828 2364 RlCllARDUS
1854 2326 1973 2371 gent-e
1999 2326 2039 2358 et
2059 2320 2296 2371 cognomine
2316 2318 2450 2370 Anyli-

1492 2398 1587 2432 cus,
1616 2387 1794 2425 Oxoniae
1818 2389 1857 2422 ct
1880 2383 2043 2422 Parisiis
2060 2381 2275 2421 Medicinae
2290 2392 2449 2432 operam

1492 2448 1617 2496 dedit,
1651 2447 1859 2485 itineribus
1879 2455 2039 2495 quoque
2065 2445 2186 2482 variis
2204 2443 2451 2494 perfunctus.

1495 2511 1646 2549 Floruit
1676 2521 1708 2548 a.
1743 2509 1858 2548 4230.
1887 2508 2054 2558 Scripsit
2078 2505 2125 2545 de
2144 2505 2331 2553 Crzsi‚de
2347 2503 2457 2543 Phle-

1497 2572 1664 2612 bonomia
1690 2603 1697 2622 ,
1729 2573 1936 2611 Summam
1966 2569 2012 2608 de
2041 2567 2191 2607 criticis
2219 2565 2381 2613 diebus,
2409 2566 2456 2605 de

1491 2633 1701 2686 pulsibus,
1732 2633 1778 2671 cle
1807 2632 1918 2670 modo
1947 2628 2174 2681 conficiendi
2202 2632 2240 2668 et
2267 2626 2454 2673 medendi,

1496 2696 1542 2735 cle
1566 2697 1697 2734 urinis
1713 2726 1723 2744 ,
1753 2694 1799 2733 de
1823 2693 1974 2745 requlis
2001 2692 2240 2739 urinarum,
2265 2689 2312 2728 de
2333 2689 2457 2740 siquis

1497 2757 1753 2804 morborum,
1784 2763 1817 2804 a)
1850 2755 1896 2794 cle
1924 2755 2050 2805 siquis
2075 2751 2368 2805 proqnostz'cis,
2410 2750 2456 2789 de

1494 2819 1675 2872 febribus
1693 2848 1703 2864 ,
1735 2817 1781 2856 de
1811 2830 1856 2856 re
1883 2816 2060 2864 medica,
2091 2813 2394 2867 Repressz'vam,
2411 2812 2458 2852 de

1496 2881 1620 2931 siym‘s
1649 2879 1848 2932 febrium,
1878 2878 1924 2916 de
1966 2875 2202 2921 Anatomm,
2251 2874 2456 2914 Correcto-

1497 2943 1604 2981 rium
1635 2941 1876 2987 Memmiae,
1909 2936 2118 2991 Speculum
2141 2935 2368 2976 Alchimiae.
2396 2936 2458 2974 Vi-

1500 3005 1548 3043 ‹le
1580 3003 1795 3043 Lelandum
1819 3002 1866 3041 de
1887 3003 2067 3051 scriptor.
2096 3000 2271 3039 Britann.
2302 3010 2323 3037 c
2365 2997 2456 3036 257.

1497 3065 1657 3103 Baleum
1684 3064 1798 3102 Cent.
1829 3063 1893 3100 ill.
1925 3061 1987 3099 92.
2019 3061 2195 3099 Pitseurn
2227 3070 2259 3097 c.
2285 3056 2374 3096 327.
2395 3057 2456 3095 Ex

1502 3125 1688 3176 operibus
1718 3135 1806 3174 ejus
1836 3122 2033 3174 quaedam
2065 3120 2305 3170 Noribergae
2327 3122 2368 3157 et
2386 3120 2458 3158 Ba-

1505 3188 1623 3225 sileae,
1643 3197 1791 3225 excusa
1814 3195 1904 3224 esse
1934 3184 2048 3224 docet
2076 3182 2292 3222 Gesnerus.
2315 3179 2456 3220 Corre-

1502 3329 1620 3361 enerus
1649 3336 1710 3367 pag
1754 3327 1824 3358 252.
