2517 4009
845 235 1256 276 l‘lllLll‘l'US

64 305 231 346 lectione
262 314 426 355 operum
457 305 496 343 S.
525 304 750 354 Hieronymi
795 306 923 344 lucem
953 317 1015 344 se-

62 368 138 407 mel
167 367 391 416 iterumque
432 367 601 417 aspexit.
643 367 896 406 Conveniunt
924 381 1015 407 cru-

61 430 129 470 diti
159 429 352 479 scriptum
384 427 489 466 istud
520 427 647 467 Bedae
690 429 874 480 operibus
911 430 1016 469 adie-

63 496 172 532 ctum
204 491 526 541 interpolationes
556 490 703 530 multas
732 491 780 530 ab
804 493 887 542 ipso
914 491 1016 530 Beda

63 564 133 606 pro
165 563 273 592 more
303 557 495 592 consueto
523 552 690 602 tulisse3
714 554 889 592 vicissim
921 553 1015 593 illud

59 616 161 668 quod
193 616 297 654 inter
319 626 438 666 opera
463 616 501 655 S.
527 617 753 667 Hieronymi
778 617 1014 655 collocatum

58 683 146 728 est,
175 679 377 717 sincerum
404 689 494 717 esse
515 678 678 729 Philippi
701 679 922 730 presbyteri
939 678 1016 717 foe—

58 747 141 781 tum
171 740 427 780 arbitrantur.
458 742 602 781 Verum
633 746 672 779 et
701 740 749 779 de
794 740 868 779 hac
910 751 1016 779 com-

60 804 242 844 mentarii
270 805 501 854 posterioris
539 804 767 842 sinceritate
809 802 1015 853 ambiguos

19 870 24 876 '
57 876 128 905 nos
158 865 337 904 efficiunt
364 870 551 915 excerpta
581 866 710 916 operis
739 864 904 915 Philippi
927 866 1015 903 Pre-

56 928 203 979 sbyteri
233 938 284 965 ex
314 927 407 967 Cod.
437 927 698 966 Ambrosiano
729 926 830 966 4000
876 937 1012 965 annor.

55 1001 76 1030 a
104 989 320 1029 Muratorio
349 990 564 1040 Antiquitt.
594 993 621 1027 t.
653 988 705 1028 111
737 1000 772 1040 p.
802 990 892 1028 845.
923 994 962 1027 et
992 1000 1013 1028 a

54 1052 246 1091 Vallarsio
279 1053 316 1091 in
346 1051 442 1091 edit.
470 1064 579 1103 oper.
608 1052 647 1092 S.
677 1052 904 1102 Hieronymi
942 1051 1015 1090 Ve-

19 1159 22 1163 .
53 1116 211 1154 ronensi
243 1126 328 1166 pag.
359 1115 667 1166 829.·vulgata3
700 1114 762 1153 illa
785 1116 890 1153 enim
920 1126 1012 1154 cum

53 1176 159 1216 Beda
188 1181 230 1216 et
272 1177 449 1228 Philippo
491 1177 653 1228 vulgato
691 1176 858 1223 0011343,
889 1188 1012 1227 quam

55 1240 117 1278 vis
160 1238 359 1278 interdum
406 1240 677 1288 conveniunt,
707 1249 824 1289 saepe
854 1243 1012 1277 tamen-

14 1315 17 1319 >
51 1299 308 1351 discrepant,
338 1306 379 1339 et
408 1311 486 1338 non
517 1311 604 1338 raro
633 1310 797 1339 sensum
825 1300 1011 1339 eumdem

52 1362 186 1402 verbis
213 1361 385 1400 diversis
427 1363 669 1412 exprimunt.
713 1362 844 1408 Quare
885 1363 1013 1401 since-

53 1435 140 1478 rum
172 1435 348 1474 unquam
378 1418 573 1475 prodiisse
602 1434 702 1474 opus
731 1423 895 1474 Philippi
925 1435 1013 1475 pre-

26 1487 216 1538 ”sbyteri
238 1487 305 1525 vix
335 1498 381 1525 30
410 1498 459 1525 ne
489 1488 557 1525 vix
588 1486 750 1537 quidem
780 1487 909 1525 credo.
940 1486 960 1509 ’Κ

106 1549 219 1589 Α1405
258 1550 518 1588 PHILIPPUS
547 1547 767 1601 Presbyter
798 1549 933 1600 Agyrii
974 1551 1010 1588 in

52 1613 205 1662 Sicilia,
235 1612 284 1652 de
307 1623 386 1663 quo
410 1612 507 1651 Acta
532 1612 709 1651 Sanctor.
735 1616 830 1651 tom.
859 1614 896 1651 5.
923 1614 1012 1663 Maji

53 1676 114 1716 42.
145 1686 230 1727 pag.
260 1675 324 1714 26.
354 1685 437 1724 seq.
469 1674 535 1713 ubi
563 1674 662 1713 Acta
692 1673 780 1724 ejus
809 1675 831 1714 e
860 1675 1011 1714 Graeco

52 1738 187 1778 Latine
218 1747 329 1776 versa
353 1738 377 1776 a
402 1736 546 1775 Jacobo
576 1736 799 1776 Sirmondo.

103 1798 358 1840 PHILIPPUS
371 1798 634 1851 Repinytonus
648 1801 733 1838 sive
744 1798 1006 1851 Repindonus‚

4 1912 6 1914 γ
50 1861 222 1902 Lelando
243 1872 329 1912 cap.
355 1861 444 1900 467.
463 1860 748 1912 Rhependunus
770 1893 778 1912 ,
807 1873 857 1900 ex
882 1862 1011 1901 Abba-

51 1930 90 1964 te
131 1924 421 1964 Canonicorum
453 1923 493 1962 S.
521 1923 733 1975 Augustini
765 1924 1005 1975 regularium

48 1987 412 2038 Leycestriensium
452 1987 674 2037 Episcopus
702 1985 748 2025 A.
778 1986 894 2026 4405.
920 1988 1009 2025 Lin-

46 2051 261 2089 colniensis
281 2054 322 2088 et
340 2048 385 2088 A.
412 2047 528 2088 4408,
547 2049 779 2097 Cardinalis,
802 2054 1007 2100 superstes

47 2112 177 2152 adhuc
199 2111 246 2151 A.
270 2111 387 2152 ⁴420.
410 2123 490 2162 quo
518 2122 562 2150 50
591 2112 832 2162 Episcopatu
852 2111 1008 2150 abdica-

48 2175 116 2213 vit.
128 2174 226 2214 Vide
245 2175 383 2214 Franc.
398 2172 663 2214 Goodwinum
689 2173 738 2212 de
754 2173 1005 2224 praesulibus

48 2234 212 2288 Angliae
236 2248 324 2288 pag.
348 2236 438 2276 356.
458 2234 731 2287 Defensorium
759 2233 907 2286 Wiclefi
930 2236 1008 2286 pri—

0 2292 1 2298 ’
48 2309 158 2337 mum
183 2299 393 2349 scripsisse
413 2301 454 2336 et
468 2297 653 2336 Moralem
671 2296 759 2347 ejus
783 2296 1004 2335 doctrinam

0 2362 1 2375 ¹
46 2360 233 2410 singulari
250 2360 471 2399 asseruisse
486 2359 772 2405 lucubratione,
784 2357 851 2397 sed
864 2357 1007 2397 deinde

0 2417 1 2427 ¹
45 2422 239 2461 cecinisse
268 2420 507 2472 palinodiam
531 2420 651 2459 tradit
678 2421 820 2459 Baleus
849 2421 913 2459 VI.
942 2420 1004 2458 90.

49 2483 201 2524 Eodem
232 2485 406 2534 pertinet
440 2482 545 2533 quod
584 2484 607 2521 a
637 2483 764 2520 Pitseo
794 2493 880 2532 pag.
916 2482 1004 2521 586.

48 2545 282 2598 perhibetur
301 2555 465 2584 erronea
481 2545 688 2595 scripsisse
705 2543 880 2593 juvenis,
897 2543 1006 2581 dein-

48 2607 97 2647 de
140 2607 345 2648 Catholica
370 2606 450 2658 jam
481 2607 613 2645 senior
641 2617 687 2645 ac
718 2606 920 2644 maturior.
951 2605 1005 2643 De

43 2668 250 2715 ,saeculari
278 2668 459 2708 dominio.
490 2667 742 2718 Quaestiones
769 2667 1004 2719 disputatas.

52 2731 245 2771 Homilias
267 2743 343 2784 per
365 2743 516 2770 aunum
543 2736 584 2770 et
615 2730 654 2768 in
684 2729 904 2780 Evanyelia
933 2730 1006 2768 Do-

49 2792 262 2833 minio-alia.
307 2794 437 2834 Alium
469 2799 510 2833 et
545 2794 807 2844 antiquiorem
851 2797 1006 2842 oportet

48 2866 137 2896 esse
158 2855 380 2907 Philippum
401 2854 719 2907 Rhependunum
738 2855 774 2892 in
793 2865 911 2904 quem
932 2853 1004 2893 hoc

49 2917 174 2958 fertur
197 2918 395 2958 distichon
420 2917 635 2958 Alexandri
660 2916 850 2956 Nechami
879 2919 913 2966 a)
937 2918 1004 2967 qui

48 2979 94 3020 Α.
125 2981 241 3021 4225.
273 2980 378 3020 diem
407 2980 516 3020 obiit.

62 3049 147 3089 Phi,
171 3054 249 3082 nota
270 3050 406 3083 foetoris
421 3074 432 3089 ‚
453 3050 564 3091 lippus
581 3050 688 3082 malus
712 3050 869 3081 omnibus
893 3048 1002 3087 horis,

52 3100 74 3131 ,Ξ
89 3100 124 3132 hi
150 3099 256 3132 foetor
277 3101 387 3142 lippus
402 3123 412 3141 ,
435 3107 564 3140 semper
586 3100 693 3132 malus
715 3108 793 3139 crgo
819 3099 1009 3139 Philippus.

48 3159 106 3199 Ac
133 3161 298 3211 Philippi
322 3161 526 3211 responsio
544 3172 552 3198 :

65 3230 108 3262 Es
133 3231 228 3269 niger
243 3233 277 3262 et
300 3237 444 3270 nequam
465 3228 576 3261 dictus
600 3230 796 3268 cognomine
819 3228 961 3261 Nccbnm
981 3238 988 3256 :

65 3280 195 3320 Nigrior
219 3287 291 3312 0550
315 3284 408 3320 potes
425 3303 436 3317 ‚
459 3280 600 3319 nequior
618 3287 688 3310 esse
713 3281 842 3317 nequis.

103 3361 136 3399 3)
159 3364 261 3403 Supra
285 3367 363 3396 tom.
391 3362 417 3395 1.
444 3371 520 3402 pag.
545 3362 597 3391 ⁴32⁹.

1963 239 2035 277 281

1148 309 1401 347 PlllLll’l‘US
1430 307 1590 348 Ilibotus
1615 307 1888 348 Gerundensis
1913 310 2047 360 Hispa-

1091 381 1191 418 4405,
1216 373 1398 421 Magister
1424 373 1460 408 in
1487 382 1597 410 sacra
1628 371 1766 422 pagina
1789 376 1830 410 et
1859 372 2046 412 Carmeli·

1090 437 1218 471 tarum
1266 434 1373 472 Prior
1402 433 1682 482 Provincialis‚
1713 434 1942 473 Provinciae
1970 434 2044 473 Ca-

1091 495 1284 543 taloniae7
1336 495 1549 534 defunctus
1600 494 1643 534 Α.
1699 496 1814 535 4394.
1873 497 2044 548 Scripsit

1090 556 1300 607 Speculum
1320 556 1480 596 Ordinis
1501 559 1559 596 sui
1577 587 1586 605 ,
1612 559 1697 596 54νο
1721 557 1770 597 (10
1796 559 2043 598 institutione

1089 624 1129 657 et
1144 621 1267 671 gestis
1290 619 1592 659 Carmelitarum
1618 621 1905 670 peculiaribus,
1924 621 2043 661 libros

1088 682 1138 721 X.
1166 681 1293 720 editos
1323 682 1458 719 Venet.
1492 682 1603 720 4507.
1637 688 1719 722 tum
1751 682 1797 722 cle
1820 684 1926 722 viris
1955 682 2043 722 illu-

1086 741 1238 782 stribus
1265 742 1573 783 Carmelitarum
1601 745 1742 784 librum
1775 746 2041 795 singularem,

1088 804 1359 856 Epistularum
1390 807 1482 844 item
1528 806 1648 844 libros
1678 808 1724 845 11.
1753 813 1792 845 04
1821 809 2041 848 Sermones.

1087 867 1182 905 Vide
1225 869 1305 906 Nic.
1337 868 1552 907 Antonium
1586 870 1651 908 lX.
1683 869 1720 907 7.
1752 870 1928 908 biblioth.
1962 875 2038 908 vet.

1088 931 1281 980 Hispanae
1312 934 1337 967 t.
1369 930 1405 969 2.
1433 942 1469 980 p.
1502 931 1591 970 447.
1621 936 1660 969 04
1690 931 1739 970 (10
1769 932 1928 980 Anglica
1955 944 2041 970 ver-

1086 993 1195 1030 sione.
1218 992 1374 1042 Speculi
1390 1022 1400 1038 ‚
1416 993 1437 1030 a
1456 992 1604 1032 Thoma
1625 995 1794 1044 Sempe,
1812 995 1897 1032 sive
1924 995 2041 1032 Brad-

1086 1053 1170 1092 laeo
1216 1053 1410 1104 Episcopo
1463 1056 1499 1092 in
1545 1055 1727 1094 Hibernia
1776 1057 2038 1094 Dromoriensi

1085 1117 1187 1154 circa
1217 1116 1261 1154 A.
1288 1115 1402 1155 ⁴434.
1426 1117 1610 1156 Vossium
1637 1129 1722 1169 pag.
1749 1118 1837 1156 634.
1867 1122 1906 1155 04
1934 1121 2040 1156 war-

1093 1178 1260 1216 thonum
1291 1177 1338 1216 ad
1370 1178 1562 1217 Caveum.

1142 1241 1397 1279 PHILIPPUS
1426 1240 1646 1292 Scharssius
1669 1243 1892 1281 Canonicus
1920 1242 1967 1280 ad
1999 1243 2038 1279 S.

1086 1302 1454 1349 Bartholomaeum,
1503 1303 1551 1341 de
1595 1304 1711 1341 rebus
1756 1304 2038 1354 Cleropoliticis

1085 1365 1473 1403 Francofurtensium
1502 1365 1551 1403 ab
1579 1365 1623 1404 Α.
1656 1365 1769 1403 4340.
1799 1366 1848 1403 ad
1885 1367 2036 1405 Sacculi

1084 1427 1188 1465 XVI.
1227 1427 1360 1473 initia,
1392 1426 1576 1465 laudatur
1604 1429 1626 1466 3
1656 1427 1842 1466 Goldasto
1872 1428 2035 1478 alisque.

1138 1487 1398 1527 PHILIPPUS
1427 1488 1675 1528 Tarentinus.
1692 1492 1814 1539 Supra
1840 1489 2037 1541 Philippus

1085 1549 1132 1588 cle
1160 1549 1418 1602 Eleemosyna
1449 1552 1615 1590 Cisterc.

1138 1613 1392 1652 PHILIPPUS
1443 1612 1693 1661 Wielandus,
1738 1612 2036 1658 Gandavenris‚

1084 1677 1147 1713 vir
1187 1675 1328 1714 nobilis
1356 1681 1396 1714 et
1428 1676 1546 1714 variis
1579 1675 1838 1726 dignitatibus
1878 1676 2038 1715 functus

1083 1737 1188 1776 diem
1218 1738 1312 1777 obiit
1342 1738 1455 1777 Anno
1493 1739 1608 1777 4549.
1639 1739 1693 1776 De
1724 1749 1769 1776 00
1800 1738 1963 1776 Vossius
2001 1750 2036 1788 p.

1083 1800 1173 1838 639.
1202 1804 1242 1839 et
1269 1799 1468 1840 Antonius
1492 1800 1695 1840 Sanderus
1719 1800 1781 1838 lib.
1803 1800 1840 1838 3.
1871 1799 1919 1837 de
1949 1811 2036 1838 eru—

1083 1862 1176 1901 ditis
1196 1862 1528 1902 Gandavensibus
1547 1875 1632 1914 pag.
1652 1863 1739 1901 445.
1761 1861 1931 1911 Scripsit
1949 1863 2036 1900 Pra-

1080 1926 1222 1963 cticam
1241 1925 1398 1963 civilem
1415 1956 1426 1974 ,
1455 1924 1502 1964 de
1525 1936 1620 1965 novo
1643 1923 1900 1975 Antwerpiae
1923 1922 2034 1961 Anno

1083 1987 1197 2026 4537.
1228 1986 1488 2040 impressam,
1527 1992 1565 2027 el
1591 1986 1641 2026 ab
1665 1988 1831 2027 Antonio
1861 1985 2034 2036 Seoeayio

1080 2050 1116 2087 J.
1147 2050 1190 2090 C.
1220 2050 1472 2102 recoqnitam.
1507 2051 1665 2091 Librum
1691 2052 1784 2088 item
1812 2048 1931 2087 alium
1958 2058 2035 2097 qno

1076 2111 1166 2164 jura
1197 2112 1366 2151 feudalia
1392 2115 1427 2150 in
1454 2114 1660 2152 Flandriae
1682 2115 1803 2152 curiis
1827 2113 2035 2150 observata

1080 2179 1362 2223 continentur,
1397 2179 1562 2227 praeter
1590 2175 1685 2214 haec
1726 2173 2034 2214 consuetudines

1080 2236 1296 2275 Generales
1338 2237 1540 2276 Flandriae
1572 2237 1766 2288 injustos
1812 2237 1949 2276 titulos
1991 2248 2034 2274 ac

1081 2299 1230 2337 classes
1268 2298 1444 2348 redegit,
1479 2298 1550 2350 qui
1577 2297 1676 2336 liber
1705 2299 1803 2350 typis
1839 2309 1905 2336 nec
1942 2297 2035 2335 (lum

1076 2359 1249 2412 prodiit,
1281 2360 1386 2399 sicut
1415 2371 1482 2398 nec
1510 2365 1705 2399 tractatus
1734 2360 1893 2398 Ordinis
1927 2358 2034 2397 Judi—

1080 2423 1186 2461 ciarii
1215 2424 1252 2460 in
1277 2423 1410 2461 causis
1439 2422 1708 2460 criminalibus
1738 2420 1789 2459 ab
1811 2422 1890 2472 ipso
1915 2420 2031 2459 ctiam

1079 2483 1323 2536 compositus.
1347 2485 1552 2522 Historiam
1573 2485 1696 2534 ipsius
1719 2483 2030 2531 manuscriptam

1078 2546 1126 2584 de
1147 2547 1266 2585 rebus
1281 2545 1496 2584 Flandricis
1520 2547 1695 2583 Latinam
1715 2576 1722 2594 ‚
1746 2545 2030 2592 historiamque

1079 2607 1309 2646 Brabantiae
1339 2618 1383 2645 ae
1413 2608 1755 2646 Cameracensium
1779 2607 2028 2655 Principum,

1080 2670 1442 2719 Episcoporumque
1468 2669 1559 2706 olim
1583 2668 1792 2718 llarduyno
1813 2667 2030 2705 communi-

1079 2733 1185 2770 cavit
1204 2730 1332 2769 Gvido
1354 2732 1547 2769 Laui-inus
1564 2731 1877 2769 Watervlictins.
1903 2729 2028 2777 Hujus

1080 2793 1253 2832 meminit
1272 2794 1456 2845 Mcycrus
1488 2793 1526 2830 in
1554 2793 1637 2832 vila
1660 2794 1911 2842 Mamercum
1941 2790 2028 2828 Ma-

1081 2855 1216 2894 leanae
1238 2855 1292 2894 ad
1313 2866 1459 2893 (initum
1486 2856 1600 2894 4384.
1627 2859 1704 2893 lum
1727 2854 1838 2892 etiam
1861 2851 1952 2890 (iliis
1977 2850 2027 2888 Io-

1079 2919 1146 2956 cis.
1169 2918 1328 2958 Certum
1348 2922 1404 2956 est
1426 2916 1590 2969 denique
1608 2917 1724 2968 hujus
1746 2916 1827 2954 viri
1841 2914 2026 2964 insi'ynem

1079 2979 1316 3020 industriam
1354 2978 1571 3031 plurimum
1609 2978 1807 3030 profuisse
1850 2978 2025 3026 Mcyem,

1081 3042 1339 3092 Oicdeqeersio
1363 3054 1410 3080 ac
1432 3041 1676 3081 illarclmnlio
1702 3051 1834 3078 rerum
1864 3036 2025 3076 Flundr.

1077 3104 1284 3143 historicis.
1320 3106 1516 3142 4130404405
1547 3104 1759 3142 sandi-rus.

1130 3165 1444 3204 l'lllLO'l'llEUS
1468 3163 1709 3210 Achilliuus,
1739 3175 1857 3214 supra
1881 3174 1966 3213 pag.
1990 3164 2024 3200 4.

1079 3226 1283 3277 Philippus
1313 3227 1529 3265 Macerius.

1133 3288 1441 3327 l‘lllhii'l‘lllilsss
1486 3287 1720 3326 Monachus.
1751 3288 1864 3338 cujus
1893 3291 2022 3326 exstat

1651 3435 1714 3470 ¹⁸7
