2517 4009
1004 230 1190 272 URSO

97 309 221 350 sticae
253 307 397 347 classis
443 306 654 347 Victoria-m
684 306 730 346 de
772 304 977 345 Friderico
1005 303 1058 342 II.

109 372 288 412 Caesare
333 382 365 409 a.
413 368 516 409 4242
559 369 795 420 descripsit,
837 367 1056 417 eodemque

101 438 228 472 metro
250 430 396 470 librum
417 429 653 483 fabularum
684 430 896 470 moralium
924 434 1060 469 conte-

93 497 193 536 xuit:
219 506 320 546 quae
345 505 462 545 opera
489 495 596 533 MSS.
626 494 729 544 apud
763 494 897 542 plures
925 496 1058 531 custo-

92 557 273 598 diuntur.
302 557 406 597 Haec
452 557 657 607 Sopranus
698 555 747 594 de
791 554 1057 605 scriptoribus

31 659 34 662 .
98 621 278 672 Liguriae
321 631 358 670 p.
399 618 490 659 279.
535 618 729 657 Oldoinus
772 618 812 657 iu
851 616 1057 656 Athenaeo

95 682 296 733 Ligustico
326 693 362 732 p.
394 679 486 720 541.

148 743 288 791 URSO,
319 744 478 793 scripsit
508 741 763 795 Epitaphium
790 741 954 780 Einonis
988 751 1057 780 cu-

90 804 248 856 jusdam
280 804 446 844 Abbatis
475 806 537 843 vel
567 806 766 855 Episcopi,
795 802 898 854 quod
923 808 1057 841 exstat

94 868 134 905 in
156 868 256 906 Pezii
287 872 327 905 et
358 867 524 906 Hueberi
551 867 693 906 Codice
718 867 877 916 diplom.
905 871 1002 916 part.
1026 867 1053 905 I.

95 941 133 980 p.
159 929 197 969 8.
242 930 355 969 Alius
403 931 501 969 Urso
531 932 618 969 sive
666 930 790 969 Ursus
833 929 881 968 de
913 927 1058 967 urinis.

94 993 264 1032 Reinesii
297 995 425 1046 Epist.
468 994 515 1034 ad
559 995 773 1034 Daumium
822 1003 906 1044 pag.
953 991 1056 1040 280,

96 1056 136 1104 2,
161 1057 196 1095 4.

149 1119 187 1158 S.
220 1115 435 1168 URSULA3
464 1120 699 1171 cognomine
731 1118 957 1170 Cynosura,
991 1128 1057 1155 na-

95 1181 202 1220 tione
225 1183 412 1221 Britanna
443 1182 566 1232 patria
597 1180 893 1220 Cornubiensis.
925 1180 962 1217 in
993 1190 1061 1228 op-

96 1244 188 1295 pido
214 1246 411 1283 maritimo
430 1242 708 1282 Tamerworth
727 1247 830 1289 nata,
846 1241 1058 1281 Christiani

97 1307 290 1357 Principis
318 1305 501 1344 Dionothi
539 1306 636 1353 filia,
667 1304 828 1343 tandem
874 1303 1059 1343 Coloniae

97 1379 189 1407 cum
222 1367 482 1407 Undecimilla
512 1369 589 1414 (ex
620 1378 698 1417 qua
730 1366 922 1405 undecies
955 1365 1060 1404 mille

99 1429 276 1479 virgines
302 1429 508 1478 fecerunt)
532 1429 722 1478 martyrio
746 1432 930 1467 coronata
956 1429 1058 1466 circa

98 1502 134 1531 a.
153 1490 244 1531 453.
275 1490 491 1542 Scripsisse
514 1490 660 1529 dicitur
691 1491 931 1529 Documenta
955 1488 1058 1541 fidei,

97 1551 144 1591 de
167 1552 331 1592 arcanis
359 1550 593 1601 visionibus,
623 1557 664 1590 et
696 1551 894 1603 Epistolas
924 1551 978 1590 ad
1000 1551 1058 1590 (li-

95 1624 246 1653 versos.
262 1615 429 1653 Balaeus
453 1615 617 1653 Centur.
640 1615 664 1652 l.
684 1615 746 1653 39.
771 1615 925 1652 Pitseus
943 1625 974 1651 c.
995 1613 1059 1651 36.

99 1676 342 1716 Possevinus
373 1681 480 1714 tomo
509 1677 556 1724 11,
587 1674 814 1726 Apparatus
843 1688 868 1726 p
911 1674 1001 1714 545.

150 1737 323 1786 URSUS‚
353 1738 392 1777 S.
424 1737 469 1776 R.
499 1738 546 1776 E.
575 1739 784 1784 Diaconus,
813 1737 889 1784 vel,
914 1742 956 1775 ut
980 1737 1056 1783 alii,

96 1798 372 1838 Subdiaconus
391 1800 493 1838 circa
520 1811 553 1837 a.
583 1798 674 1837 860.
708 1798 834 1838 Vitam
855 1799 894 1837 S.
918 1797 1062 1836 Basilii

96 1860 304 1900 Caesariae
340 1860 609 1912 Cappadociae
645 1860 734 1911 AEp.
776 1861 825 1899 ab
855 1860 1059 1911 Amphilo-

95 1922 184 1962 chio
215 1923 366 1962 Graece
409 1923 600 1972 scriptam
646 1922 842 1961 latinitate
879 1922 1058 1960 donavit.

96 1985 250 2024 Oldoini
279 1985 532 2024 Athenaeum
578 1986 800 2023 Romanum
840 1995 926 2034 pag.
964 1983 1054 2022 643.

98 2047 196 2087 Acta
225 2047 459 2086 Sanctorum
492 2051 588 2085 tom.
618 2048 666 2085 ΙΙ.
694 2046 797 2084 Junii
832 2057 867 2096 p.
898 2046 988 2083 937.

150 2107 485 2147 Bartholomaeus
511 2105 681 2146 Arnoldi
708 2106 942 2155 USINGUS,
972 2107 1059 2146 sive

99 2169 147 2209 cle
177 2169 420 2219 USINGEN‚
452 2170 672 2209 monachus
708 2169 1056 2220 Augustinianus‚

100 2232 308 2272 Erfurdiae
337 2233 491 2280 docuit,
522 2232 654 2283 ibique
685 2243 790 2272 unus
819 2244 868 2271 ex
901 2242 1058 2282 praece-

99 2295 278 2346 ptoribus
321 2296 481 2336 Lutheri
527 2297 615 2344 fuit,
644 2296 739 2335 obiit
783 2294 978 2345 ilerbipoli
1025 2305 1060 2333 a.

103 2357 218 2398 ⁴532.
247 2358 346 2408 Ejus
375 2363 491 2397 sunt:

155 2419 362 2460 Parvulas
403 2418 680 2472 Philosophiae
707 2417 921 2465 naturalis,
958 2419 1061 2469 Lips.

103 2482 220 2528 4499,
248 2481 286 2520 4.

156 2543 218 2582 De
249 2541 368 2596 falsis
413 2542 620 2596 Prophetis
666 2544 745 2583 lam
791 2544 829 2582 in
865 2553 1061 2595 persona,

103 2617 225 2658 quam
247 2605 429 2645 doctrina
447 2605 633 2646 vitandis.
659 2606 858 2658 Erphurd.
887 2608 900 2645 4
912 2605 1002 2651 526,
1027 2605 1062 2643 4.

157 2667 411 2707 Eoeercilium
440 2668 585 2708 veteris
615 2669 732 2714 artis,
763 2669 881 2708 Basil.
913 2668 1027 2707 4527.

159 2729 440 2782 Compendium
459 2729 735 2782 Philosophiae
760 2729 975 2769 naturalis.
994 2730 1066 2768 Er-

106 2792 203 2832 ford.
225 2795 312 2832 sine
340 2805 457 2832 anno.
479 2792 517 2832 4.
548 2795 787 2844 Dispiciant‚
816 2794 881 2844 qui
908 2803 1066 2842 compa-

107 2866 194 2894 rare
212 2860 393 2906 possunt,
408 2867 457 2895 an
481 2855 584 2895 idem
611 2857 662 2895 sit
681 2867 773 2896 cum
799 2854 965 2906 parvulo
983 2855 1063 2903 Jam

111 2921 344 2956 memorato.

160 2979 299 3019 Sermo
319 2977 366 3018 de
380 2983 520 3019 sancta
540 2979 668 3020 Cruce
688 2978 939 3030 Erphurdiae
957 2987 1066 3028 prae-

107 3040 276 3080 dicatus.
300 3041 421 3092 Erph.
447 3041 562 3090 4524,
586 3043 622 3080 4.

161 3101 279 3142 Liber
303 3103 444 3142 tertius
477 3105 536 3142 Fr.
563 3103 696 3142 Barth.
721 3103 769 3141 ab
799 3103 993 3149 Usingen‚
1027 3098 1066 3136 in

109 3175 185 3216 quo
205 3163 414 3217 respondet
431 3162 584 3204 nebulis
621 3163 845 3205 Culsameri
876 3166 950 3200 etc.
974 3160 1065 3198 ibid.

111 3226 230 3273 4524,
250 3226 288 3266 4.

162 3287 373 3339 Responsio
404 3287 458 3327 acl
483 3285 799 3338 Confutationem
826 3281 1068 3326 Culsameri-

110 3361 198 3390 cam
211 3348 301 3402 plus
316 3361 439 3401 quam
456 3350 663 3401 trayicam.
679 3347 879 3399 Erphurd.
900 3344 1017 3391 1522,
1035 3343 1071 3381 4.

2011 234 2090 275 599

1187 303 1282 343 Vide
1309 305 1448 344 Felicis
1487 304 1651 344 Milensii
1692 305 1959 356 Alphabetum
1998 307 2093 345 Ere-

1133 367 1317 405 mitarum
1346 367 1615 418 &Augustini
1641 380 1675 419 p.
1702 369 1738 408 9.
1765 369 1958 408 Bzovium
1985 367 2032 407 ad
2055 379 2091 407 a.

1135 427 1240 467 1526
1269 441 1302 466 0.
1325 429 1389 469 53.

1188 490 1465 535 USUARDUS‚
1489 491 1650 541 Gallus,
1679 493 1897 532 monachus
1930 492 1968 531 S.
1993 492 2089 532 Ger-

1133 554 1237 590 mani
1277 554 1498 602 pietensis,
1526 559 1567 593 ut
1591 554 1779 603 creditur,
1804 556 1991 605 quamvis
2027 556 2089 594 alii

1132 613 1390 662 Futdensem,
1421 616 1484 654 alii
1525 627 1684 666 quoque
1719 618 1758 656 S.
1799 617 2014 655 salvatoris
2052 618 2089 654 in

1130 676 1312 715 Neustria
1349 678 1588 717 monachum
1617 679 1736 718 fuisse
1773 680 1948 718 tradunt.
1986 680 2091 717 vixit

1133 748 1209 775 non
1237 740 1484 789 temporibus
1513 741 1638 779 Caroli
1670 742 1716 779 M.
1750 746 1792 780 ut
1817 741 1978 791 quidam
2010 742 2093 779 exi-

1131 802 1310 847 stimant⁷
1334 801 1402 840 sed
1423 802 1547 841 Caroli
1567 803 1691 849 Calvi,
1714 805 1774 841 cui
1798 806 1915 841 etiam
1936 803 2092 854 Marty-

1129 862 1322 913 roloyium
1366 863 1589 913 dedicavit,
1631 869 1747 914 prout
1789 864 1932 903 docent
1976 865 2088 903 lladr.

1132 927 1314 966 Valesius
1359 927 1396 964 in
1436 932 1546 977 parte
1589 928 1803 977 posteriore
1845 927 2091 965 Defensionis

1132 989 1435 1039 disceptationis
1452 989 1500 1027 de
1512 988 1955 1036 Basilicis‚)labilionius
1973 989 2092 1037 praef.

1133 1051 1179 1090 ad
1206 1052 1336 1091 Secul.
1371 1052 1432 1090 IV.
1456 1051 1761 1090 Benedictinum
1785 1056 1884 1102 part.
1917 1052 1955 1089 2.
1982 1064 2015 1102 p.
2042 1050 2091 1089 87

1132 1118 1172 1152 et
1193 1114 1432 1153 Bouillartus
1455 1115 1490 1151 in
1514 1113 1756 1164 praefatione,
1777 1113 1823 1151 ad
1851 1113 2093 1152 Usuardum.

1135 1175 1296 1214 Editum
1340 1180 1402 1213 est
1444 1174 1538 1214 illud
1586 1172 1921 1225 Martyrolossz'um
1969 1175 2094 1224 primo

1136 1238 1315 1276 Lubecae
1358 1238 1459 1276 1475
1485 1239 1521 1274 in
1556 1248 1693 1287 opere,
1728 1237 1831 1286 quod
1866 1237 2094 1274 inscribitur

1136 1298 1415 1338 Rurlimentnm
1454 1298 1728 1344 Nwz‘tz‘orum,
1769 1298 1912 1336 deinde
1952 1297 2094 1348 prodiit

1134 1361 1253 1399 editio
1277 1362 1430 1413 Belgica
1459 1362 1616 1400 nomine
1641 1360 1773 1400 Jacobi
1800 1359 1848 1399 de
1878 1360 2092 1410 Voragine,

1137 1423 1254 1462 4480.

1190 1486 1533 1533 (3441Ρ1ονθι1ῐίυε1
1547 1497 1615 1536 per
1624 1485 1876 1524 Franciscum
1893 1482 1940 1522 de
1951 1485 2098 1522 Bonae-

1133 1550 1265 1587 cursis
1295 1559 1330 1587 a.
1365 1548 1482 1588 4486.
1508 1548 1543 1586 4.
1570 1559 1590 1586 a
1616 1547 1782 1596 Georgio
1807 1546 1901 1585 Ant.
1923 1546 2095 1596 Vespuc-

1132 1611 1191 1648 cio
1222 1610 1327 1648 Eccl.
1372 1610 1470 1648 Flor.
1517 1609 1744 1659 Praeposito
1777 1607 1999 1654 emendata,
2031 1607 2093 1645 hic

1134 1683 1210 1709 non
1242 1677 1325 1710 erat
1352 1671 1567 1710 reticenda.
1595 1672 1637 1709 V.
1663 1669 1869 1709 Audifredi
1897 1682 1932 1720 p.
1958 1669 2048 1708 299.

1186 1734 1315 1771 Titulo
1342 1731 1625 1784 Martyi'oloyi't'
1660 1731 1830 1771 Romani
1856 1731 1981 1768 edidit
2012 1730 2099 1768 Bel-

1136 1793 1239 1833 linus
1265 1795 1314 1833 de
1349 1794 1501 1840 Padua⁷
1539 1795 1887 1843 Augustinianus,
1921 1793 2096 1831 Venetiis

1136 1855 1252 1894 4498.
1289 1857 1435 1895 Patavii
1481 1854 1595 1894 1500.
1632 1856 1821 1905 Sequitur
1845 1854 2096 1892 Greveniana

1132 1918 1270 1956 Colon.
1312 1917 1442 1964 1545,
1482 1917 1597 1955 4521.
1647 1917 1688 1954 ln
1733 1926 1851 1954 usum
1892 1915 2093 1954 Ecclesiae

1131 1980 1365 2018 Parisiensis
1389 1990 1409 2017 a
1430 1980 1490 2016 Jo.
1511 1979 1740 2025 Munerato,
1766 1977 1963 2027 Theologo
1989 1977 2092 2015 Pari-

1133 2043 1233 2082 sino.
1251 2041 1299 2079 de
1318 2052 1396 2091 quo
1419 2041 1623 2079 Fabricius
1646 2045 1780 2078 noster
1798 2050 1920 2089 supra
1962 2039 2005 2076 T.
2031 2036 2096 2076 lV.

1133 2115 1172 2154 p.
1193 2103 1285 2143 391.
1311 2105 1436 2142 Paris.
1465 2102 1582 2141 4536.
1614 2103 1788 2149 Lovanii,
1819 2113 1910 2140 cum
1934 2100 2099 2138 additio-

1134 2166 1250 2204 nibus
1271 2170 1310 2204 et
1333 2165 1628 2204 annotationibs
1651 2164 1711 2202 Jo.
1737 2164 1890 2212 Melani7
1907 2162 2094 2212 Theologi

1135 2228 1420 2272 [ον-00190515,
1454 2227 1583 2272 1568,
1615 2226 1737 2272 4573,
1768 2226 1804 2263 8.
1834 2225 2097 2274 Antverpiae,

1135 2302 1204 2341 per
1225 2291 1285 2328 Jo.
1305 2290 1477 2337 Hessels,
1500 2290 1565 2338 qui
1588 2287 1706 2337 jussu
1728 2289 1869 2327 Curiae
1894 2288 2095 2324 Romanae

1136 2351 1332 2402 quaedam
1358 2352 1506 2398 omisit,
1536 2350 1654 2396 1583.
1682 2351 1705 2388 8
1742 2350 1879 2388 eodem
1918 2359 2022 2386 anno
2054 2348 2092 2385 in

1138 2414 1378 2453 Collectione
1415 2414 1551 2451 Renati
1581 2413 1779 2451 Laurentii
1805 2410 1852 2448 de
1879 2411 1912 2448 la
1951 2411 2095 2457 Barre,

1137 2488 1238 2526 quae
1265 2476 1492 2514 inscribitur
1522 2473 1699 2513 Historia
1729 2471 1960 2512 Christiana
1993 2470 2095 2508 Vete-

1137 2549 1228 2576 rum
1257 2539 1439 2584 Patrmn,
1480 2537 1602 2575 Paris.
1623 2535 1752 2574 Editio
1780 2533 1976 2572 Bouiliaiti
2000 2542 2098 2581 quo-

1137 2612 1214 2650 que
1245 2599 1385 2649 prodiit
1417 2599 1585 2645 Parisiis,
1618 2603 1657 2634 et
1688 2595 1846 2634 taudem
1886 2595 1942 2631 Jo.
1985 2594 2096 2641 Bapt.

1138 2661 1327 2699 Sollerius
1356 2659 1668 2698 emendatiorem
1696 2657 1804 2695 dedit
1834 2655 2095 2704 Antverpiae‚

1142 2723 1240 2761 1714
1274 2723 1336 2761 fol.
1357 2734 1449 2761 cum
1477 2722 1716 2772 praefatione
1743 2725 1804 2758 sat
1828 2717 2026 2757 luculenta
2053 2720 2094 2753 et

1139 2785 1306 2831 orudita‚
1323 2785 1438 2837 cujus
1460 2789 1646 2823 contenta
1666 2782 1786 2820 habes
1809 2783 1844 2818 in
1868 2780 1975 2818 Actis
1993 2777 2094 2816 Eru-

1139 2847 1310 2886 ditorum
1339 2850 1442 2898 Lips.
1469 2846 1571 2886 4715
1597 2858 1631 2895 p.
1657 2843 1745 2883 473.

1192 2910 1418 2948 Auctoritas
1456 2908 1544 2958 ejus
1584 2905 1844 2954 Martyroiogii
1887 2907 1945 2941 est
1982 2902 2095 2950 longe

1143 2973 1313 3009 maxima
1340 2982 1407 3020 per
1432 2980 1570 3008 omnes
1594 2969 1672 3006 fere
1707 2967 1905 3004 Ecclesias
1927 2964 2094 3007 Galliae,

1140 3033 1243 3083 quod
1268 3033 1507 3070 testimoniis
1528 3029 1834 3080 quamplurimis
1853 3029 1888 3064 in
1916 3024 2091 3063 medium

1142 3094 1344 3144 productis
1372 3093 1487 3131 docet
1516 3094 1574 3129 Jo.
1609 3089 1807 3140 Laurffljus
1843 3091 1877 3126 in
1913 3088 2008 3125 libro
2042 3086 2091 3124 de

1139 3156 1366 3194 discrimine
1408 3156 1509 3191 inter
1534 3153 1763 3201 Dionysium
1798 3150 2094 3199 Areopagitam,

1141 3223 1180 3256 et
1197 3218 1425 3266 Dionysium
1445 3217 1704 3253 Parisiensem
1727 3213 1976 3262 Episcopum.
1994 3210 2093 3260 Opp-

1144 3285 1250 3318 tomo
1275 3280 1318 3316 1Ι.
1345 3290 1379 3328 p.
1405 3277 1480 3316 499
1506 3288 1535 3314 5.
1564 3278 1610 3314 l-jt
1637 3280 1767 3312 tamen
1799 3286 1832 3312 0.
1869 3274 1966 3312 1670
1998 3273 2091 3309 insi-

1148 3353 1236 3393 gnis
1256 3341 1303 3378 dc
1327 3341 1387 3378 ilia
1414 3341 1646 3378 auctoritate
1669 3337 1939 3374 controversia
1960 3335 2092 3373 obnita
