2517 4009
863 230 1338 273 VlCTORlNUS

107 303 242 339 nostro
287 298 545 339 tribuendum
593 302 669 350 sit,
711 303 942 355 ambiguum
967 309 1060 352 pest.

93 364 302 403 Praeterea
328 363 486 402 Caveus
510 363 546 400 in
574 362 678 402 Ilist·
702 365 758 403 lit.
787 378 822 417 p.
851 367 903 407 95
940 368 1064 406 edidit

101 426 331 464 Tractatum
357 424 546 464 Victorini
564 426 610 465 cle
631 426 808 468 Fabi-ica
830 430 976 478 mundi,
995 433 1060 481 qui

98 501 403 541 αποσπατματις
427 501 477 527 ex
502 490 798 530 Commentario
825 495 861 530 in
889 494 1061 532 Genesin

107 551 171 590 vel
191 550 459 602 Apocalypsin
483 562 571 590 esse
592 555 727 602 possit,
747 553 814 591 sed
833 553 880 592 de
902 560 1063 593 auctore

97 613 192 652 nihil
219 614 481 664 pronunciare
506 614 637 654 audet.
665 616 775 654 Adde
800 618 1062 657 Possevinum

100 680 208 714 tomo
235 676 282 714 11.
307 676 534 726 Apparatus
561 689 594 728 p.
622 678 711 718 523.

153 736 456 778 VICTORINUS
504 740 728 790 Episcopus
777 741 910 779 nescio
958 741 1061 791 quis.

98 802 223 842 Extat
250 799 338 850 ejus
363 800 546 853 Epistola
569 814 649 841 una
673 803 719 841 ad
747 804 955 842 Ruricium
994 805 1064 842 Lc-

99 864 368 910 movicenum‚
388 865 491 903 sicut
509 869 548 903 et
574 866 610 903 in
635 864 754 916 hujus
781 866 966 916 Epistolis
985 879 1062 906 una

98 927 146 968 ad
177 927 423 968 Victorinum
451 927 632 968 habetur.

151 989 439 1039 VICTORIUS,
466 990 712 1041 Aquitanus,
734 1003 853 1042 quem
885 992 1046 1030 Lemovi

99 1059 262 1089 oensem
297 1050 416 1100 vulgo
455 1050 658 1098 credunt,
699 1051 880 1090 Clericus
918 1052 1064 1090 Romae

101 1113 176 1152 fuit
197 1116 237 1150 et
253 1111 560 1151 Mathematicus
584 1114 748 1164 insignis
767 1124 847 1151 sec.
863 1111 910 1151 V.
933 1114 1064 1160 Quum

102 1175 179 1213 illis
218 1174 464 1224 temporibus
502 1174 551 1212 de
591 1175 692 1213 festo
731 1175 935 1214 Paschatis
963 1176 1066 1214 cele-

99 1236 251 1276 brando
298 1237 447 1289 multae
491 1242 630 1276 essent
669 1239 994 1286 controversiae,
1035 1239 1066 1276 is

97 1297 216 1350 jussu
233 1299 365 1337 Hilarii
383 1298 660 1338 Archidiaconi
682 1302 844 1339 Romani
866 1301 1067 1340 Cononem

106 1359 337 1401 Pas-chalem
359 1363 614 1413 conscripsit,
642 1375 763 1414 quem
787 1364 964 1402 Ecclesia
991 1365 1063 1402 Oc-

103 1423 312 1463 cidentalis
337 1429 472 1475 postea
511 1431 649 1464 secuta
676 1430 752 1464 est.
782 1425 919 1465 Edidit
958 1427 1068 1465 illum

105 1486 289 1538 AEgidius
335 1487 582 1537 Bucherius,
625 1488 821 1540 Antverp.
864 1488 968 1528 1634
1008 1490 1071 1528 fol.

107 1562 199 1591 cum
243 1551 551 1590 Commentario.
591 1551 736 1591 Confer
776 1556 933 1603 praeter
974 1552 1071 1590 alios

109 1613 308 1654 Auctores
341 1615 440 1654 Hist.
466 1614 663 1654 literariae
693 1615 866 1654 Gallicae
902 1620 998 1654 tom.
1024 1617 1071 1655 11.

108 1689 147 1729 p.
170 1677 263 1717 4211..
286 1679 384 1718 Acta
406 1679 642 1718 Sanctorum
661 1684 756 1718 tom.
782 1681 808 1718 l.
828 1682 916 1719 Jan.
935 1693 968 1731 p.
993 1680 1070 1719 351»

109 1740 146 1779 le
177 1741 317 1780 Cointe
356 1746 461 1780 tomo
482 1742 510 1780 1.
537 1753 572 1791 p.
598 1742 676 1781 588
697 1747 793 1780 tom.
829 1743 889 1782 lV.
918 1756 953 1793 p.
979 1744 1068 1782 878.

109 1803 378 1843 Mabillonium
405 1803 453 1843 de
491 1803 636 1844 studiis
662 1805 897 1844 monasticis
931 1817 965 1856 p.
993 1806 1062 1846 391

108 1865 203 1904 edit.
227 1866 414 1905 Gallicae.

163 1930 276 1970 Alius
312 1930 507 1970 Victorius
531 1930 670 1969 eodem
707 1931 840 1970 seculo
875 1933 912 1970 in
949 1932 1073 1971 Gallia

109 1996 228 2034 Poeta
254 1995 420 2044 insignis
455 1994 539 2042 fuit,
576 2006 696 2043 quem
737 1994 923 2034 Sidonius
956 1995 1074 2046 Apol-

109 2058 246 2097 linaris
263 2057 451 2096 celebrat.
475 2056 571 2096 Vide
597 2055 700 2095 Hist.
736 2057 950 2096 literarium
975 2060 1071 2097 cita-

109 2125 189 2161 tam
213 2126 313 2159 tom-
339 2121 440 2170 lI.-p.
466 2113 557 2159 419.

163 2185 202 2224 S.
217 2183 751 2234 VlCTfflClUSAEpiscopus
769 2184 1075 2235 Rotomagensis

110 2247 186 2288 sub
218 2248 339 2288 finem
361 2247 485 2286 seculi
524 2247 587 2286 IV.
615 2247 771 2286 amicus
810 2248 972 2285 Paullini
1003 2250 1076 2287 No-

108 2312 201 2360 lani,
225 2310 342 2361 cujus
374 2309 423 2349 ad
450 2309 560 2348 illum
582 2314 744 2348 exstant
778 2311 979 2360 Epistolae
998 2311 1075 2349 ali—

111 2378 220 2426 quot:
238 2373 367 2414 Vitam
385 2371 473 2423 ejus
489 2373 649 2422 scripsit
669 2375 730 2411 Jo.
753 2375 864 2424 Bapt.
890 2374 923 2412 le
950 2375 1072 2423 Brun,

109 2448 212 2489 quae
247 2438 285 2475 in
322 2427 434 2476 Actis
472 2435 709 2475 Sanctorum
755 2436 817 2475 die
841 2436 880 2475 2.
903 2437 1072 2487 Augusti

111 2501 278 2551 repetita
315 2500 471 2552 legitur.
508 2501 720 2540 Tractatus
757 2499 840 2551 ejus
873 2499 921 2539 de
955 2499 1072 2540 laude

111 2565 370 2611 Sanctorum,
390 2565 597 2604 occasione
625 2566 865 2616 receptionis
890 2565 1073 2616 reliquia-

111 2640 200 2669 rum
227 2627 488 2680 ⁴quarundam
519 2640 566 2668 ex
607 2629 720 2668 Italia
759 2630 996 2676 missarum,
1022 2641 1070 2668 ex

110 2693 190 2733 MS.
219 2693 259 2732 S.
294 2692 393 2731 Galli
419 2691 553 2731 editus
579 2696 642 2731 est
666 2693 716 2731 ab
746 2691 900 2732 Abbate
928 2692 1076 2731 Lebeuf

112 2757 151 2795 in
174 2755 273 2796 llbro
304 2755 472 2794 Gallico:
507 2754 667 2794 Reoueil
699 2754 745 2794 cle
783 2754 918 2795 divers
954 2754 1074 2795 coriis

106 2830 216 2871 pour
245 2816 379 2858 servir
401 2816 780 2857 d'eclaircissement
815 2819 842 2857 ὰ
881 2816 1076 2856 ίἸιίείοῖνσ

113 2881 161 2922 de
186 2881 351 2920 France.
371 2882 491 2920 Paris.
511 2880 613 2920 1739
645 2882 719 2920 sub
754 2882 873 2920 finem
914 2887 939 2920 t.
960 2883 1002 2920 11.
1025 2882 1072 2934 (a)

167 2944 437 2991 VlGELLUS,
460 2944 551 2983 vide
576 2955 697 2995 supra
719 2944 912 2996 Nz'yellus.

168 3006 518 3057 VIGILANTOES,
565 3008 668 3046 inter
707 3008 928 3047 haereticos
963 3007 1079 3057 vulgo

113 3069 291 3120 habitus,
315 3069 458 3112 Gallus
478 3071 651 3119 natione,
678 3083 754 3109 non
775 3073 988 3122 Hispanus,
1013 3081 1081 3108 cu-

112 3132 180 3186 jus
195 3134 357 3185 scripta,
369 3144 472 3184 quae
489 3133 605 3173 hodie
623 3145 700 3173 non
717 3135 889 3185 amplius
906 3137 1081 3179 exstant,

115 3195 266 3236 refutat
300 3197 591 3248 Hieronymus,
625 3208 701 3237 non
739 3198 826 3236 sine
863 3197 1079 3236 affectuum

173 3335 222 3378 (a)
245 3336 429 3379 Leipzioer
450 3338 600 3380 yelebr'te
631 3339 823 3380 Zeitunyen
859 3339 939 3368 1740
974 3345 1006 3377 p.
1031 3338 1083 3368 53.

119 3387 308 3423 Memmi-es
329 3389 369 3422 de
396 3389 558 3423 Trevoux
585 3393 676 3423 1740.
704 3390 784 3422 Dec.
809 3397 841 3428 p.
865 3390 960 3420 2521.

2020 240 2097 282 587

1137 305 1446 355 depravatorum
1487 307 1641 347 indicio.
1670 310 1711 348 In
1743 321 1864 361 quam
1906 323 1988 351 rem
2015 323 2108 352 con-

1140 368 1300 407 ferenda
1336 374 1394 407 est
1435 369 1594 427 dissert.
1633 371 1690 411 JO.
1719 374 1860 412 Clerici
1900 373 1948 412 de
1989 387 2106 426 argu-

1141 435 1275 468 mento
1320 432 1368 469 ab
1413 433 1557 471 invidia
1597 437 1734 484 petito.
1772 438 1986 488 Presbyter
2032 439 2106 478 fuit

1139 494 1465 543 Barcinonensis,
1493 501 1532 533 et
1571 497 1618 535 ab
1646 498 1839 549 Episcopo
1866 511 1958 549 suc,
1996 502 2101 553 quod

1137 554 1252 593 docet
1278 557 1450 605 Caveus,
1476 559 1594 597 etiam
1623 559 1793 600 durante
1819 566 2105 613 controversia,

1137 621 1420 657 communione
1448 632 1523 658 non
1553 623 1746 662 exclusus
1774 625 1858 664 fuit.
1884 626 1980 665 Vide
2005 627 2109 665 Gen—

1139 681 1299 718 nadium
1324 680 1371 718 de
1395 683 1487 720 viris
1508 684 1627 722 illust.
1644 697 1677 723 c.
1695 686 1760 725 35.
1777 688 1855 725 Nic.
1878 689 2100 729 Antonium

1137 742 1235 780 Bibl.
1258 744 1428 793 Hispana
1454 746 1537 784 Yet.
1557 747 1600 785 11.
1626 750 1666 787 11
1702 760 1738 786 n.
1766 748 1847 788 462
1872 762 1903 789 s.
1932 753 2099 790 llistoire

1138 805 1308 843 literaire
1347 805 1395 845 de
1437 808 1469 845 la
1507 810 1656 848 1³rancc
1697 815 1790 849 tom.
1831 814 1876 852 ll.
1910 826 1944 864 p.
1985 815 2035 854 57
2076 826 2108 853 s.

1137 868 1313 907 Baelium
1338 871 1374 907 in
1405 871 1559 919 Lexieo,
1583 873 1743 922 Pagium
1777 875 1824 912 ad
1851 887 1884 913 a.
1911 876 1999 915 406.

1192 930 1430 976 Vicimus,
1453 933 1664 981 Diaconus,
1688 941 1776 985 post
1798 937 2109 980 Archidiaconus

1140 991 1370 1043 Romanus,
1407 994 1487 1044 jam
1520 1007 1552 1033 a.
1596 997 1664 1036 531
1712 1009 1732 1036 a
1773 1000 1970 1040 Bonifacio
2007 1005 2107 1054 Papa

1139 1066 1349 1095 successor
1385 1057 1683 1098 denominatus,
1720 1067 1855 1111 postea
1900 1064 2101 1114 rejectus,

1139 1117 1300 1156 tandem
1320 1131 1387 1169 per
1408 1120 1568 1159 fraudes
1590 1123 1758 1162 Silverio
1777 1125 1929 1174 dejecto
1944 1127 1991 1177 [b]
2008 1128 2110 1167 sedit

1141 1181 1189 1219 ab
1210 1192 1242 1218 a.
1285 1181 1476 1222 538-555.
1513 1185 1649 1223 Variae
1676 1186 1781 1225 illius
1816 1188 2014 1239 Epz'stolae
2043 1192 2110 1230 ha-

1141 1243 1288 1282 hentur
1315 1245 1419 1295 apud
1446 1247 1657 1285 Baronium
1685 1248 1732 1286 ad
1755 1261 1789 1287 a.
1809 1250 1886 1289 5:38
1911 1263 1947 1289 n.
1968 1252 2029 1299 14,
2058 1253 2111 1292 ‘22

1143 1306 1188 1344 ad
1213 1318 1245 1344 a.
1273 1307 1351 1345 520
1393 1320 1432 1345 n.
1460 1308 1520 1355 1-1,
1554 1308 1606 1348 23
1649 1310 1694 1348 ad
1734 1324 1766 1349 a.
1804 1312 1880 1351 5⁷44
1919 1326 1956 1352 n.
1990 1315 2031 1355 11
2064 1317 2113 1355 ad

1144 1381 1293 1408 annum
1325 1369 1402 1408 545
1429 1382 1468 1407 n.
1495 1372 1530 1419 3,
1556 1373 1593 1420 7,
1618 1373 1640 1409 8
1676 1373 1722 1410 ad
1749 1386 1781 1412 a.
1810 1377 1886 1420 546
1909 1389 1945 1415 n.
1973 1379 2037 1426 61,
2063 1381 2113 1418 65

1145 1432 1192 1471 ad
1228 1445 1262 1471 a.
1289 1433 1366 1472 550
1406 1445 1443 1471 n.
1481 1434 1518 1481 2,
1542 1435 1580 1482 9,
1620 1436 1668 1474 16
1706 1441 1745 1474 et
1783 1449 1895 1489 seqq.
1930 1453 2003 1480 nec
2034 1454 2111 1481 non

1147 1500 1240 1534 tom.
1283 1497 1327 1535 11.
1364 1497 1634 1537 Conciliorum
1683 1499 1877 1539 Harduini
1926 1515 1962 1554 p.
2009 1505 2111 1543 4429

1147 1564 1242 1597 tom.
1271 1560 1336 1598 111.
1359 1571 1383 1610 p
1422 1561 1457 1607 3,
1487 1561 1550 1605 602,
1579 1561 1655 1600 475
1677 1573 1774 1613 seqq
1814 1564 1904 1603 ⁶213.

1202 1624 1488 1674 F7·a9meiztzcn1
1513 1624 1712 1676 Epz'stolac
1741 1626 1867 1678 Vi'qilii
1886 1628 2019 1681 Papae
2045 1642 2113 1669 ex-

1146 1691 1225 1725 stat
1258 1687 1360 1736 apud
1389 1688 1593 1725 Baluzium
1623 1689 1731 1728 Misc.
1771 1695 1864 1728 tom.
1893 1691 1934 1729 V.
1960 1704 1994 1742 p.
2020 1692 2112 1732 1161.

1146 1750 1356 1788 Decretum
1380 1761 1464 1788 slve
1493 1750 1728 1790 Constantio
1762 1751 1896 1803 Vz'yiliz'
1917 1754 1962 1793 cle
1985 1754 2114 1795 tribus

1149 1811 1346 1863 Capitulis
1366 1818 1500 1850 exstat
1521 1818 1614 1852 tom.
1643 1815 1706 1852 111.
1728 1815 1993 1855 Concilioruni
2020 1820 2116 1857 llar-

1147 1875 1255 1925 duini
1300 1888 1335 1926 p.
1373 1875 1433 1923 10,
1473 1876 1563 1914 217.
1599 1876 1698 1926 Ejus
1735 1880 1894 1916 nomine
1937 1880 2114 1931 Epistola

1148 1940 1316 1988 scripta,
1338 1950 1458 1989 quam
1486 1941 1644 1990 impiam
1671 1941 1898 1980 Harduinus
1938 1956 2113 1994 pronun-

1148 2003 1243 2046 ciat,
1269 2005 1444 2040 occurrit
1471 2003 1506 2040 in
1536 2004 1736 2042 Breviario
1765 2006 1931 2044 Liberati
1958 2019 1992 2045 c.
2017 2008 2081 2047 22.

1202 2064 1313 2103 Adde
1354 2067 1486 2115 Prosp.
1528 2066 1717 2104 Mandosii
1764 2068 1862 2106 Rihl.
1897 2071 2112 2110 Romanam

1151 2128 1263 2167 Cent.
1289 2129 1368 2167 Vll.
1390 2128 1454 2167 76.
1478 2129 1571 2168 Lud.
1589 2130 1719 2168 Jacobi
1740 2143 1760 2169 a
1787 2132 1824 2170 S.
1850 2132 1990 2171 Carolo
2016 2135 2115 2174 Bihl.

1152 2191 1395 2229 Pontificiam
1443 2204 1478 2242 p.
1525 2192 1615 2230 ⁶220.
1661 2192 1817 2232 Oldoini
1856 2194 2111 2237 Athenaeum

1151 2253 1371 2291 Romanum
1396 2266 1429 2304 p.
1457 2255 1548 2293 636.

1204 2314 1422 2355 VlGlLlUS
1448 2318 1644 2357 Dias-onus
1670 2321 1773 2359 circa
1796 2331 1830 2359 a.
1859 2321 1934 2360 430
1958 2324 2119 2374 scripsit

1149 2377 1337 2429 Reyzclam
1371 2379 1673 2427 lilonaclzorum,
1709 2387 1812 2422 teste
1837 2383 2042 2423 Gennadio
2067 2385 2116 2425 de

1148 2444 1281 2492 script.
1322 2443 1613 2482 Ecclesiastieis
1651 2456 1684 2483 c.
1716 2446 1780 2485 51.
1821 2447 1935 2485 Edita
1974 2453 2036 2486 est
2075 2452 2112 2487 in

1147 2505 1386 2544 Collectione
1432 2508 1676 2559 Regularum
1730 2508 1955 2558 Holstenii,
2005 2513 2113 2551 Paris

1147 2569 1263 2616 4663,
1291 2570 1311 2607 1
1335 2574 1436 2621 part.
1462 2571 1494 2609 l.
1519 2583 1554 2622 p.
1580 2571 1645 2610 89.

1202 2634 1418 2674 VlGlLlUS
1439 2634 1644 2685 Tapsensz's
1665 2636 1701 2672 in
1723 2634 1856 2674 Africa
1878 2637 2112 2687 Episcopus,

1148 2700 1183 2737 in
1213 2698 1412 2749 provincia
1447 2699 1656 2747 Byzacena
1690 2699 1791 2737 cirea
1833 2710 1865 2737 a.
1909 2698 1997 2740 482.
2022 2700 2117 2751 Epi-

1149 2772 1313 2811 scopum
1343 2761 1589 2799 Brixiensem
1613 2760 1723 2799 multi
1747 2766 1948 2807 statuunt.¹
1968 2764 2115 2813 quibus

1149 2823 1416 2874 adstipulatur
1456 2822 1683 2861 Leonardus
1716 2824 1954 2864 Cozzandus
1982 2827 2017 2863 in
2056 2827 2114 2864 Li-

1151 2887 1274 2925 braria
1302 2887 1509 2924 Bresciana
1538 2898 1578 2936 p.
1602 2886 1694 2935 ⁶202,
1720 2887 1809 2925 ⁶205.
1844 2888 1918 2926 Sed
1949 2888 2110 2928 historia

1153 2949 1305 2987 illorum
1332 2953 1556 2998 temporum
1583 2949 1655 2987 alia
1677 2950 1845 2998 quaevis
1866 2949 1991 2988 docet:
2020 2951 2110 2990 vide

1154 3011 1267 3051 modo
1300 3010 1555 3049 Sir-mondum
1583 3015 1689 3048 tomo
1720 3012 1783 3049 111.
1809 3011 1908 3062 Opp.
1936 3024 1969 3063 p.
1997 3012 2115 3052 1013.

1154 3076 1436 3115 Tilemontium
1464 3078 1569 3111 tomo
1601 3074 1703 3112 xvi.
1728 3085 1767 3124 p.
1804 3072 1882 3112 Gl'.
1917 3085 2029 3126 seqq.
2068 3076 2116 3115 U·

1155 3138 1272 3191 ghelli
1296 3138 1447 3176 ltaliam
1471 3147 1624 3175 sacram
1652 3140 1758 3174 tomo
1776 3137 1839 3175 1v.
1864 3149 1900 3188 p.
1923 3136 2001 3177 528
2021 3149 2113 3178 cum

1154 3206 1288 3241 annot.
1329 3199 1522 3239 Caleardi.
1561 3201 1690 3251 Opera
1726 3200 1829 3239 illius
1864 3200 2111 3251 conjunctim

1213 3280 1259 3319 (h)
1286 3279 1383 3312 Cous.
1418 3278 1568 3310 Goltlieh
1602 3279 1834 3310 Wornsdorfii
1857 3280 1935 3320 jun.
1962 3280 2048 3311 Diss.
2073 3283 2114 3313 de

1157 3330 1300 3364 silverio
1323 3335 1356 3362 et
1382 3330 1503 3371 vigilio
1525 3331 1587 3362 1‘1‘.
1614 3330 1699 3362 MM.
1723 3330 1869 3362 wanoh.
1894 3340 1925 3362 a.
1955 3332 2034 3362 1730
2058 3334 2114 3373 qui

1157 3382 1292 3414 [latonii
1315 3383 1356 3414 du
1380 3382 1430 3413 his
1455 3386 1666 3415 {narrationes
1693 3382 1867 3421 expendit.
