2533 4009
446 290 498 327 80
1004 252 1007 253 ⁷
1196 273 1697 314 MOGUN'rlNAS

501 359 623 394 Tomo
652 349 820 391 secundo
850 350 1013 385 exstant
1037 346 1282 389 jesuitarum
1307 344 1408 383 Ant-

446 416 754 466 wcrpicnsium.
787 412 807 447 ξι
837 407 985 458 quibus
1024 406 1122 445 Acta
1166 407 1404 444 Sanctorum

446 480 646 520 eduntur,
676 480 715 511 ct
743 471 907 509 Joannis
936 469 1146 507 mabillonii
1167 499 1176 514 ‚
1208 480 1256 506 cx
1298 469 1408 506 Actis

446 540 533 589 ojus
562 535 830 576 Benedictinis
855 531 1138 570 Commentarii
1164 530 1338 567 historici
1361 529 1408 567 de

447 601 603 640 Sanctis
632 593 1030 640 Moguntinensibus,
1062 592 1298 638 Crescente,
1324 591 1407 628 Au-

452 673 518 699 reo
543 646 584 696 St
606 656 764 696 Justina
781 687 789 703 ,
816 654 967 694 Albano
983 687 993 704 ,
1018 653 1128 694 Lullo
1144 680 1157 702 ,-
1185 651 1345 692 Rabano
1371 658 1409 691 et

447 723 620 759 Bar-one.

500 782 700 830 Anonymi
734 780 906 818 narratio
936 778 984 816 dc
1013 778 1134 816 caede
1155 776 1410 816 ArnoldiAr-

445 845 686 894 chivpiscopi
742 843 959 893 Moguntini
1006 841 1080 879 An.
1127 841 1242 878 4460.
1275 851 1413 890 perpe-

447 911 565 952 trata,
597 907 731 944 Latine
752 914 946 942 conversa
971 903 1019 940 ab
1043 902 1192 939 editore
1218 912 1266 938 ex
1289 901 1413 938 Chro-

449 970 536 1007 nico
561 968 796 1006 Germanico
815 967 1008 1004 Manuscr.
1027 963 1411 1012 Augustinianorum

448 1031 830 1081 Moguntinensium.
869 1021 1226 1069 CONRADlssive
1272 1022 1414 1062 CHRI—

451 1092 623 1132 STIANI
654 1089 818 1128 secundi
852 1089 996 1137 potiuS,
1021 1085 1318 1135 Arcliiepiscopi
1336 1086 1414 1122 Mo-

447 1156 603 1206 guntini
648 1153 874 1190 chronicon
909 1149 957 1186 de
1003 1159 1081 1197 quo
1111 1147 1263 1185 dictum
1295 1157 1415 1196 supra

449 1222 544 1254 tom.
577 1216 612 1252 1.
643 1225 728 1262 pag.
762 1212 851 1250 407.
882 1209 1084 1249 prodierat
1117 1208 1208 1247 illud
1241 1208 1274 1255 a)
1304 1209 1414 1246 Basi-

447 1279 530 1316 leae
563 1276 678 1314 4ἓ332.
705 1272 820 1312 4537.
847 1272 911 1310 fol.
937 1276 976 1309 et
1003 1272 1117 1309 4555.
1145 1271 1179 1307 8.
1206 1274 1246 1307 et
1271 1281 1320 1307 ex
1346 1271 1414 1307 Pe-

444 1340 492 1377 tri
513 1337 662 1376 Pithoei
682 1335 857 1373 editione
879 1345 971 1373 cum
993 1333 1152 1373 Othone
1171 1332 1412 1381 1⁴⁴1·isingensi

447 1406 488 1439 ct
518 1401 604 1439 aliis
636 1401 648 1437 4
663 1399 751 1436 569.
783 1398 845 1435 fol.
879 1401 918 1434 ct
949 1400 1044 1433 tom.
1077 1397 1112 1433 4.
1145 1395 1299 1433 Urstisii
1326 1404 1412 1443 pag.

449 1463 537 1501 565.
570 1466 609 1499 ct
642 1462 677 1498 in
721 1460 889 1498 Reuberi
936 1458 1088 1507 sylloge
1118 1468 1207 1507 pag.
1252 1457 1338 1493 450.
1370 1467 1415 1494 ac

448 1526 621 1573 ‘lenique
652 1534 701 1560 ex
732 1522 888 1566 Georgii
932 1519 1141 1558 llelwichii
1181 1519 1414 1556 recensione

449 1598 540 1625 cum
573 1585 660 1634 ejus
692 1585 797 1622 notis
827 1584 904 1621 Frf.
937 1583 1048 1622 1630.
1076 1582 1111 1619 8.
1135 1592 1255 1631 quam
1285 1590 1414 1618 novus

449 1648 578 1686 editor
607 1654 670 1685 est
702 1650 880 1684 secutus.

499 1708 661 1759 Georqii
685 1706 893 1745 Helwiclzzi
909 1736 917 1753 7
935 1706 1189 1754 Moguntinae
1205 1704 1407 1742 Ecclesiae

445 1772 576 1809 vicarii
598 1799 605 1816 ‚
638 1770 808 1807 narr-atio
824 1768 872 1805 de
888 1768 1086 1816 Moguntia
1105 1767 1310 1804 occasione
1328 1763 1407 1802 dis-

445 1833 531 1870 sidii
564 1833 665 1868 inter
693 1830 793 1868 duos
822 1829 1149 1878 Arcliiepiscopos
1174 1826 1404 1865 Dietherum

445 1899 484 1932 ct
507 1893 733 1944 Adolphurn
760 1892 996 1930 Nassovium
1021 1890 1179 1928 devicta
1197 1889 1271 1926 An.
1292 1887 1409 1927 4462.

445 1968 493 1993 ex
524 1955 616 1993 edit.
648 1954 826 1992 Francos.
859 1953 973 1992 4626.
1006 1953 1045 1990 8.
1132 1989 1135 1992 .

500 2014 643 2054 Jacobz·
658 2014 800 2054 Manlii
814 2015 992 2063 (Mennel)
1009 2014 1286 2061 Friburgensis
1304 2041 1312 2057 ,
1333 2013 1410 2050 Ma-

453 2079 645 2118 ximiliani
679 2080 707 2116 I.
738 2089 758 2116 a
790 2077 1002 2125 Consiliis,
1040 2076 1202 2114 historia
1245 2074 1409 2112 collatae

446 2141 522 2179 An.
555 2140 669 2178 4518.
700 2138 977 2178 Cardinalitiae
1007 2137 1211 2187 dignit-atis
1235 2137 1257 2174 a
1281 2136 1410 2173 Leone

447 2205 496 2242 X.
529 2204 566 2239 in
599 2202 808 2240 Albertum
839 2201 1143 2250 Moguntinum‚
1174 2210 1220 2236 ex
1248 2196 1409 2235 Freheri

449 2271 554 2302 tomo
586 2262 762 2302 secundo
794 2273 927 2300 rerum
958 2262 1143 2299 German.
1190 2270 1275 2309 pag.
1320 2255 1408 2295 397.

452 2327 559 2375 (edit.
589 2337 716 2363 novae
747 2324 853 2372 709.)

504 2386 667 2436 Georyii
704 2385 914 2424 Helwichii
956 2385 1150 2423 elenchus
1189 2379 1409 2419 nobilitatis

452 2447 803 2499 Moquntinaefflx
849 2446 943 2484 edit.
986 2447 1164 2495 Mogunt.
1213 2444 1327 2482 4623.
1374 2443 1408 2480 4.

452 2511 639 2559 Syllabus
672 2507 957 2547 Praelatarum
996 2519 1040 2545 ac
1085 2505 1408 2552 canonicorum,

449 2572 811 2622 Suffraqaneorum
842 2573 879 2607 et
909 2568 1164 2607 Vicariorum
1211 2566 1411 2616 Mogunti-

451 2635 634 2672 norisium
667 2643 808 2670 recens
838 2632 1045 2669 confectus
1074 2634 1113 2669 et
1143 2629 1189 2668 ad
1216 2637 1409 2679 praesens

454 2706 581 2743 usque
611 2699 771 2743 tempus
803 2693 1035 2743 perductus.

508 2756 775 2793 Ecclesiarum
807 2755 1079 2804 Collegialium
1110 2752 1327 2802 Moguntin.
1371 2751 1411 2788 S.

457 2818 591 2863 Petri,
622 2818 660 2855 S.
693 2815 906 2865 Stephani,
940 2816 1017 2862 (ubi
1051 2816 1172 2852 etiam
1204 2813 1252 2851 de
1283 2813 1413 2861 capite

455 2880 494 2918 S.
526 2877 661 2915 Annae
692 2876 781 2914 huic
810 2876 1013 2913 Ecclesiae
1045 2875 1180 2912 furtim
1210 2872 1414 2910 subtracto

457 2942 496 2980 S.
534 2938 697 2977 Victoris
717 2967 724 2984 ,
755 2938 796 2974 B.
816 2936 971 2975 Mariae
993 2935 1163 2985 Virqz'm's
1180 2933 1234 2971 acl
1246 2932 1414 2982 qraslus,

459 3004 499 3041 S.
532 2999 703 3047 Crucis,
735 3000 774 3038 S.
804 2998 970 3035 loannis
989 3027 998 3043 ‚
1029 2998 1067 3035 S.
1100 2992 1292 3033 Mauriciz·
1320 2995 1354 3029 el
1374 2992 1413 3030 S.

460 3061 636 3113 Gcmyolfi
665 3061 858 3100 Chronica
892 3068 1033 3097 recens
1063 3056 1307 3094 continuata.

515 3123 674 3174 Georyz'i
702 3120 910 3161 Helwe'cliii
929 3120 1156 3158 Chronicon
1174 3112 1414 3159 Monasterii,

457 3187 538 3237 jam
571 3185 808 3232 Collegiatue
841 3182 1052 3233 Equestris
1073 3179 1122 3218 ad
1145 3179 1182 3217 S.
1203 3176 1416 3221 Albanum,

463 3249 511 3286 ab
541 3247 689 3283 editore
722 3246 965 3283 illustratum
997 3243 1100 3281 notis
1117 3245 1157 3278 et
1175 3238 1414 3290 perductum

518 3388 551 3426 a)
567 3386 763 3419 Jo.uubneri
780 3385 860 3416 Bibl.
879 3385 956 3416 hist.
976 3382 1093 3415 llamb.
1110 3383 1247 3413 Centur.
1267 3378 1278 3408 1
1300 3386 1331 3416 p.
1350 3375 1423 3406 ³266.

1480 344 1526 382 ad
1558 353 1749 394 praesens
1778 346 1947 393 tempus.
1976 344 2140 384 ‚loannis
2154 343 2316 384 Antonii
2334 344 2431 387 Wit-

1480 405 1590 444 tz'clziz'
1615 404 1831 453 Catalogus
1875 405 2072 445 Abbatum
2113 405 2350 444 Monasterz‘i
2382 407 2430 445 D.

1481 468 1619 507 Jacohz·
1647 467 1685 505 in
1715 466 1842 505 Monte
1876 467 2070 517 specioso,
2109 480 2201 507 cum
2245 470 2350 507 notis
2392 473 2433 508 et

1482 531 1781 570 continuatione
1803 528 1981 567 editoris.

1538 592 1728 642 Ejusdem
1761 591 1925 629 editoris
1953 591 2096 630 breves
2132 592 2434 631 dissertationes

1484 654 1532 692 dc.
1563 656 1710 704 origine
1730 685 1740 701 ‚
1780 654 1870 692 fatis
1893 681 1900 698 ‚
1931 657 2118 702 statuque
2143 653 2311 694 Coenobi
2332 653 2434 693 Car-

1485 715 1762 754 thusz'anorum
1779 745 1786 752 .
1822 712 2155 762 Carmelitarum,
2177 713 2434 765 Auyuscinia-

1485 788 1628 815 norum
1645 809 1653 823 ,
1672 776 2028 816 Domz'nicanorum
2047 803 2055 822 ‚
2073 774 2434 815 Franciscanorum

1486 842 1524 876 et
1552 838 1880 888 Capucmorum,
1912 840 2023 875 extra
2054 839 2095 873 et
2139 835 2238 874 intra
2279 837 2433 876 moenia

1486 901 1745 949 Moguntina‚
1794 903 1835 937 et
1879 897 2179 937 Parthenonum
2223 897 2262 933 in
2299 898 2432 945 Urbe,

1485 958 1673 998 albarum
1698 961 1964 998 Dominarum
1985 959 2030 997 D.
2058 956 2229 1006 Clarae,
2249 958 2295 996 D.
2311 958 2436 1010 Aque—

1488 1022 1563 1069 tis,
1594 1023 1788 1061 Sororum
1818 1021 1863 1059 de
1893 1019 2014 1058 tertia
2042 1020 2081 1058 S.
2125 1019 2335 1058 Francisci
2373 1033 2436 1059 re-

1483 1082 1601 1133 qula,
1619 1086 1654 1121 et
1672 1081 1998 1133 Confsreqationis
2017 1081 2061 1120 B.
2076 1079 2232 1120 Mariae
2252 1079 2436 1131 Vz'ryinis.

1540 1144 1774 1183 Additiones
1790 1143 1838 1183 ad
1855 1144 1900 1183 G.
1931 1143 2122 1182 Helvichii
2152 1147 2192 1181 et
2211 1143 2286 1181 alia
2309 1142 2438 1193 plera-

1487 1219 1564 1257 que
1596 1208 1633 1245 in
1664 1207 1736 1245 hoc
1761 1206 1937 1245 secundo
1960 1204 2171 1244 Volumlnc
2195 1205 2355 1253 scripta.

1541 1270 1787 1318 Scriptorum
1812 1269 2005 1307 Historiae
2030 1265 2321 1316 Moguntinensi
2342 1275 2434 1304 cum

1489 1332 1660 1369 maxime
1695 1330 2001 1367 inservientium
2032 1332 2167 1366 tomus
2195 1336 2321 1365 ‘novus
2350 1327 2435 1364 sive

1491 1393 1633 1432 tertius
1664 1393 1844 1431 Francos.
1876 1390 1994 1431 4727.
2022 1390 2087 1429 fol.
2117 1389 2195 1428 luci
2225 1388 2372 1438 datus,
2398 1389 2435 1426 in

1488 1467 1565 1506 quo
1587 1455 1685 1493 haec
1710 1455 1980 1493 continentur.

1542 1518 1577 1565 4)
1609 1515 1771 1566 Georqiz‘
1796 1514 2008 1554 Helwichii
2034 1514 2250 1563 Moguntini
2280 1513 2437 1559 Vicarii,

1487 1580 1662 1618 defuncti
1694 1578 1767 1616 An.
1801 1578 1918 1616 4632.
1952 1576 2215 1625 antiquitates
2250 1574 2433 1614 Coenobii

1487 1640 1861 1687 Laurishamensis‚
1891 1649 1940 1676 ex
1970 1637 2063 1676 edit.
2102 1636 2278 1675 Francos.
2316 1636 2433 1674 4634.

1483 1705 1516 1742 4.
1550 1715 1637 1753 pag.
1670 1704 1683 1741 4
1721 1712 1814 1740 cum
1843 1701 1995 1750 aliquot
2011 1698 2237 1738 tabularum
2255 1701 2439 1736 veterum

1483 1764 1700 1816 appendice
1730 1773 1872 1801 recens
1902 1761 2056 1811 adjecta
2087 1771 2176 1810 pag.
2207 1760 2296 1798 409.

1537 1827 1577 1875 2)
1606 1827 1652 1864 Jo
1686 1823 1883 1865 Maurico·
1911 1821 2090 1870 Gudeffl,
2123 1821 2286 1859 historia
2302 1820 2442 1859 Erfur-

1485 1890 1614 1928 tensis
1644 1888 1755 1926 libris
1785 1887 1830 1925 V.
1860 1897 1947 1935 pag.
1966 1880 2444 1923 ⁴2⁴.Duderstad.⁴675.

1484 1950 1649 1989 Auctor.
1681 1947 1944 1988 Consiliarius
1974 1943 2231 1995 Moguntinus
2259 1943 2353 1981 obiit
2394 1941 2440 1981 A.

1488 2013 1605 2051 4688.

1540 2075 1575 2122 3)
1607 2074 1652 2110 D.
1682 2072 1740 2109 J0.
1773 2070 1957 2110 Andreae
1987 2067 2196 2109 Schimidii
2212 2098 2223 2117 ,
2253 2067 2302 2106 de
2341 2066 2444 2105 Con-

1485 2135 1584 2174 ciliis
1613 2133 1860 2183 Moguntinis
1889 2131 2123 2170 dissertatio
2140 2129 2292 2168 auctior
2307 2126 2444 2165 editio-

1485 2208 1534 2234 ne
1565 2196 1729 2234 Holmst.
1764 2193 1878 2233 4743.
1912 2193 1947 2230 4.
1976 2203 2066 2231 curn
2098 2191 2204 2229 notis
2233 2201 2320 2240 pag.
2344 2189 2437 2228 284.

1484 2257 1585 2296 adde
1614 2261 1709 2293 tom.
1740 2255 1775 2293 2.
1803 2254 2016 2293 introduct.
2041 2252 2305 2303 Sagittariana
2330 2251 2367 2287 in
2394 2250 2437 2287 H.

1484 2321 1533 2358 E.
1562 2330 1649 2369 pag.
1682 2317 1925 2356 4488-4204.

1540 2382 1573 2429 4)
1604 2379 1768 2418 Joanm‘s
1800 2375 2018 2425 Huttichiz',
2049 2375 2125 2414 An.
2157 2374 2272 2414 4544.
2302 2372 2444 2411 defun-

1485 2443 1538 2480 cti
1569 2442 1818 2480 collectanca
1849 2439 2148 2488 Antiquitatum
2180 2437 2216 2473 in
2249 2434 2345 2473 urbe
2386 2437 2445 2472 at-

1485 2515 1563 2554 que
1593 2513 1685 2552 agro
1710 2501 1938 2551 Moguntino
1962 2503 2210 2549 repertarum
2238 2507 2326 2547 pag.
2351 2495 2442 2534 315.

1484 2576 1533 2604 ex
1564 2564 1658 2603 edit.
1687 2565 1859 2613 Mogunt.
1887 2561 2003 2601 4520.
2029 2565 2071 2599 et
2093 2559 2142 2599 ad
2167 2559 2317 2598 calcem
2343 2561 2443 2595 vett.

1487 2624 1794 2674 inscriptionum
1818 2621 1920 2659 Petri
1939 2620 2093 2670 Apiani⁷
2108 2615 2309 2668 lngolstad
2325 2613 2440 2654 4534.

1488 2686 1551 2724 fol.
1581 2697 1673 2724 cum
1703 2684 1832 2722 tribus
1862 2680 2172 2726 additamentis,
2203 2678 2238 2726 a)
2268 2676 2317 2715 de
2362 2686 2444 2714 mo-

1489 2748 1524 2785 le
1554 2745 1806 2797 glandiformi
1836 2755 1886 2782 ex
1921 2743 1984 2780 W.
2015 2742 2059 2780 E.
2090 2738 2282 2778 Tentzelii
2323 2736 2445 2775 dialo-

1489 2811 1550 2860 gis
1579 2809 1652 2847 An.
1685 2806 1800 2845 4698.
1833 2816 1920 2854 pag.
1953 2802 2043 2840 669.
2061 2801 2097 2849 b)
2118 2798 2327 2849 Pyramide
2344 2799 2445 2836 Dru-

1489 2871 1589 2908 siin
1621 2879 1713 2917 agro
1758 2865 1988 2914 Moguntino
2031 2863 2064 2911 c)
2109 2859 2444 2910 Inscriptionibus

1489 2928 1741 2980 quibusdam.
1759 2925 1870 2965 Adde
1885 2925 2100 2964 Christiani
2112 2921 2445 2961 Gotthelf.Blum-

1490 2991 1595 3040 bergi
1615 2986 1849 3026 Eichelstein
1866 2985 1961 3024 oder
1975 2985 2144 3024 Neronis
2158 2982 2313 3023 Claudii
2328 2983 2445 3020 Drusi

1492 3053 1793 3089 monumentum
1807 3048 2052 3098 descriptum
2060 3045 2295 3085 Germanice.
2303 3043 2445 3082 Chem-

1494 3114 1563 3150 nit.
1596 3112 1717 3149 4698.
1753 3111 1814 3149 42.
1841 3115 1881 3147 et
1912 3108 2026 3148 4700.
2057 3119 2104 3147 ex
2137 3107 2274 3145 Latino
2305 3105 2420 3144 4690.

1545 3174 1580 3221 5)
1611 3174 1870 3211 Monumenta
1901 3169 2169 3220 sepulchralia
2209 3166 2282 3205 An.
2329 3163 2445 3204 4744.

1492 3236 1712 3285 Mogimtiae
1742 3238 1881 3281 eruta,
1907 3243 1998 3272 cum
2027 3229 2187 3270 scholiis
2209 3225 2347 3267 Caroli
2368 3225 2446 3264 Gu-
