2517 4009
899 219 1188 258 PETRUS

57 292 151 331 Bibl.
175 292 328 330 Petrina
349 288 468 340 hujus
487 289 601 328 Urbis
616 300 706 328 cum
727 289 844 328 editis
868 295 1006 329 contu-

56 353 101 392 lit
153 359 286 392 noster
327 351 600 402 Staphorstius
646 357 739 390 tom.
787 354 824 391 3.
863 354 1004 391 Histor.

54 415 207 454 Eccles.
243 414 552 464 Hamburgensis
576 425 661 465 pag.
686 415 776 454 203.
800 427 882 465 seq.
915 415 1002 453 425.

21 527 26 531 .
55 477 131 516 Sed
155 487 254 527 quas
274 487 322 515 ex
339 475 476 514 eodem
496 478 650 527 putavit
674 488 716 515 se
736 477 829 515 dare
849 481 1001 527 septem

54 538 248 587 ineditas,
274 537 386 577 video
412 539 513 577 inter
537 540 719 589 vulgatas
744 544 927 577 exstare:
958 542 1000 577 ut

53 601 82 638 Ι.
109 611 197 650 pag.
225 599 315 639 242.
345 604 406 638 est
437 601 538 638 intcr
567 600 693 639 editas
719 601 780 638 94.
806 605 846 639 et
871 601 938 638 Ill.
964 611 997 650 p.

52 661 141 701 246.
171 665 234 700 est
262 663 349 701 434.
380 667 419 700 et
449 663 509 700 lv.
540 674 626 713 pag.
657 663 748 702 224.
785 663 998 702 instructio

50 722 158 762 Fidei
186 723 234 763 ad
264 723 478 763 Soldanum
510 726 668 763 nomine
692 724 906 763 Alexandri
933 725 996 762 ΙΙΙ.

48 789 183 825 exstat
211 790 306 825 tom.
337 787 399 826 24.
433 787 528 825 Bibl.
560 788 719 825 Patrum
755 785 873 836 Lugd.
906 797 991 836 pag.

51 847 142 887 224.
171 853 212 887 et
240 848 320 888 Vll.
352 860 388 899 p.
418 849 508 887 228.
542 850 643 886 inter
671 848 798 887 editas
828 853 890 886 est
935 849 996 888 44.

51 909 255 961 Epistolae
283 911 328 949 V.
354 911 402 949 ad
420 910 575 949 Siculos
597 909 700 961 apud
717 909 762 948 Jo
779 911 997 960 Baptistam

53 972 262 1012 Carusium
292 977 385 1010 tom.
417 974 431 1011 4
483 972 580 1010 Bibl.
624 972 832 1010 historicae
875 973 998 1022 Regni

21 1053 24 1058 ·
50 1034 205 1073 Siciliae
234 1039 330 1073 sunt
359 1035 462 1073 inter
490 1034 618 1073 editas
649 1034 709 1072 40.
742 1034 802 1071 46.
836 1034 898 1071 66.
931 1034 992 1072 90.

48 1096 104 1136 Ρ2
132 1097 237 1136 Duas
267 1095 547 1135 veroineditas
568 1095 1000 1146 vulgavitEdmundus

48 1159 223 1198 Martene
251 1163 345 1197 tom.
377 1160 391 1197 4
429 1157 651 1197 anecdotor.
684 1169 769 1207 pag.
788 1158 876 1195 639.
894 1159 1001 1196 Prior

49 1221 88 1258 in
115 1231 282 1271 persona
311 1219 696 1270 ArchiepiscopiAn.
721 1220 835 1258 4494.
854 1220 1001 1269 scripta

52 1282 213 1331 incipit:
250 1279 376 1320 Silere
405 1280 640 1328 decreram,
676 1291 723 1317 ne
761 1278 998 1318 insolentiae.

46 1344 241 1382 Posterior
264 1343 311 1382 ad
343 1344 386 1382 C.
405 1343 680 1393 Moguntinum
698 1341 880 1391 Archiep.
899 1341 1001 1390 Quia

46 1405 278 1458 quandoque
307 1405 347 1444 in
375 1403 625 1444 scholaribus
656 1405 802 1442 castris
815 1402 1003 1442 militavi-

45 1479 145 1508 mus.
187 1469 468 1520 Fragmentum
508 1467 707 1517 Epistolae
756 1466 804 1505 de
845 1467 1001 1504 silentio

47 1530 246 1570 servando
265 1534 398 1570 exstat
414 1534 508 1568 tom.
525 1529 694 1569 24 Bibl.
706 1531 865 1568 Petrum
881 1528 1001 1578 Lugd.

50 1603 138 1644 pag.
166 1593 282 1633 4267.
309 1594 398 1644 Ipse
427 1591 588 1642 quidem
632 1593 773 1630 Petrus
817 1591 1002 1642 Epistola

55 1654 119 1693 92.
147 1655 202 1694 ait
231 1666 273 1694 se
302 1653 481 1706 eoeemplo
496 1652 596 1693 Julii
610 1654 800 1694 Caesaris
822 1655 857 1703 a)
881 1664 1004 1705 quar-

15 1727 17 1729 ’
53 1719 133 1755 tam
161 1716 281 1756 simul
304 1716 521 1768 Epistolam
542 1719 582 1754 et
594 1715 746 1754 dictare
760 1715 1003 1754 etscribere.

47 1778 196 1818 Ibidem
225 1779 402 1818 defendit
430 1790 474 1818 se
502 1783 640 1817 contra
669 1778 818 1817 Zoilum
838 1808 846 1827 ,
863 1778 928 1828 qui
949 1778 1004 1814 vi-

0 1850 3 1854 *
47 1842 100 1880 tio
126 1841 289 1881 dederat
315 1841 420 1892 quod
450 1841 702 1879 historiarum
747 1840 942 1890 exemplis
965 1843 1005 1878 et

48 1904 275 1955 Scripturae
304 1915 438 1943 sacrae
468 1907 538 1942 aut
565 1903 733 1941 aliorum
776 1906 984 1941 auctorum

48 1965 166 2004 dictis
194 1966 403 2006 coufirmat
417 1977 519 2017 quae
539 1965 688 2004 scribit.
707 1966 886 2015 Epistola
908 1965 997 2004 44-0.

51 2026 520 2068 Transsubstantiationis
537 2028 727 2066 vocabulo
743 2028 997 2078 utitur,quod

48 2095 141 2129 ante
169 2101 261 2130 eum
293 2090 520 2142 Stephanus
549 2089 926 2140 Augustodunensis
956 2090 994 2139 b)

45 2151 190 2203 aliique
218 2152 448 2192 adhibuisse
467 2157 701 2191 noscuntur.
715 2151 876 2191 Obitum
896 2153 998 2190 Hen-

48 2215 115 2253 rici
144 2215 190 2253 ΙΙ.
220 2215 384 2266 Angliae
411 2215 529 2266 Regis
558 2214 632 2252 An.
664 2215 780 2253 4489.
819 2213 998 2265 deplorat

45 2277 172 2328 Epist.
201 2277 288 2317 467.
318 2281 360 2316 et
387 2277 540 2316 obitum
569 2275 755 2315 Friderici
786 2276 997 2315 Barbaros—

49 2349 117 2378 sae
145 2339 399 2390 Imperatoris
427 2338 502 2377 An.
534 2338 651 2377 4490.
681 2338 858 2388 Epistola
883 2337 972 2377 427.

99 2401 308 2440 Sermones
328 2401 524 2451 quosdam
554 2402 577 2439 a
605 2401 757 2438 Busaeo
788 2400 996 2451 vulgatos,

45 2462 376 2502 Gussanvillaeus
391 2463 583 2513 comperit
599 2462 744 2500 PETRI
759 2460 997 2500 Comestoris

45 2536 160 2573 esse,
190 2527 323 2576 itaque
352 2526 390 2563 in
421 2536 493 2564 sua
521 2523 695 2562 editione
716 2524 994 2573 praetermisit.

98 2588 257 2628 Librum
293 2586 340 2626 de
371 2585 609 2639 praestiyiis
641 2583 851 2637 fortunae,
881 2584 997 2633 cujus

44 2651 170 2702 Epist.
194 2649 259 2688 77.
282 2651 317 2699 c)
342 2651 490 2689 mentio
505 2679 516 2696 ,
537 2648 850 2698 Manuscriptum
876 2657 918 2684 se
941 2648 997 2683 vi-

44 2711 152 2752 disse
169 2717 340 2752 testatur
355 2711 549 2751 Oudinus.
564 2712 844 2760 Fragmentum
865 2713 997 2747 exstat

47 2781 144 2814 tom.
172 2775 238 2815 24.
269 2773 531 2813 Bibliothecae
555 2774 715 2811 Petrum
754 2770 874 2822 Lugd.
912 2782 995 2822 pag.

48 2837 163 2878 4267.
189 2849 274 2888 seq.
296 2837 345 2876 ab
367 2837 452 2875 aliis
477 2833 660 2874 Anselmo
689 2836 966 2873 Cantuariensi
988 2865 996 2882 ,

45 2902 69 2940 a
95 2900 255 2940 Barthio
290 2899 405 2938 Petro
428 2897 608 2937 Auselmo
632 2898 818 2937 tribuitur
845 2902 886 2935 ut
915 2896 995 2935 dixi

46 2968 142 3002 tom.
167 2964 203 3002 4.
238 2973 323 3013 pag.
358 2961 444 3001 440.
471 2962 682 3000 Tractatus
712 2958 849 3011 quales
879 2962 995 3008 sunt,

45 3037 134 3078 pag.
154 3024 270 3065 4248.
289 3025 338 3063 de
354 3024 468 3063 malis
485 3024 690 3074 Episcopis
707 3024 995 3071 (querimoniam

44 3100 208 3141 gravem
224 3088 513 3138 complectitur.
534 3086 588 3123 De
611 3083 868 3123 Eucharistia
886 3116 893 3135 ,
913 3096 998 3123 car-

45 3164 138 3192 men
152 3156 277 3191 metro
286 3150 513 3188 hexametro
530 3147 861 3197 rhythimicopag.
879 3148 993 3187 1270.

105 3243 138 3282 a)
163 3240 246 3274 Vide
273 3238 419 3271 Plinium
440 3238 498 3269 lib.
514 3238 583 3267 vii.
605 3237 689 3267 nist.
714 3242 786 3274 cap.
803 3234 855 3267 ⁶:¹5.

101 3292 138 3332 b)
163 3294 267 3332 supra
284 3296 364 3324 tom.
382 3289 413 3321 5.
440 3297 514 3328 pag.
541 3285 611 3318 ¹171.
627 3285 703 3316 ⁹240.

100 3344 133 3381 c)
151 3344 226 3386 Eyo
243 3344 281 3374 in
299 3341 391 3374 libro
410 3340 450 3370 cle
469 3336 679 3379 praestigiis
697 3335 882 3375 fortunae,
903 3340 1003 3368 actus

1951 223 2031 263 235

1082 290 1198 330 4278.
1225 291 1334 329 Liber
1351 291 1397 330 cle
1411 292 1588 331 amicitia
1607 292 1838 333 Christiana
1861 305 1899 344 p.
1916 294 2032 333 4209.

1078 354 1263 403 integrior
1287 366 1403 404 quam
1428 357 1530 394 inter
1553 355 1850 395 CASSIODORI
1874 356 2002 408 Opera
2022 387 2029 403 ,

1076 427 1168 454 cum
1186 421 1356 455 tractatu
1373 417 1419 455 de
1445 417 1653 467 Charitate
1681 418 1776 456 DEI
1800 422 1837 457 et
1852 420 2033 470 proximi

1075 476 1274 516 dilectione
1298 490 1382 528 pag.
1405 480 1520 518 4218.
1542 481 1583 518 In
1607 480 1801 519 invectiva
1826 481 1866 519 in
1888 480 2033 532 depra-

1074 542 1250 577 vatorem
1266 551 1426 590 operum
1443 552 1607 579 suorum
1623 554 1695 593 pag
1720 545 1732 582 4
1748 544 1834 582 485.
1853 543 2026 594 plurium

1072 601 1391 641 lucubrationum
1417 614 1580 642 suarum
1608 607 1815 643 meminit:
1846 606 1887 643 ln
1921 617 2028 644 som-

1068 662 1210 713 penclio
1236 675 1322 702 meo
1347 675 1469 715 super
1491 664 1589 708 Job,
1622 666 1662 703 in
1693 666 1881 719 Epistolis
1906 667 2027 712 meis.

1072 727 1113 763 in
1129 724 1229 764 libro
1253 726 1575 766 exhortationum
1593 740 1773 767 mearum
1792 760 1799 776 ,
1819 731 1858 768 in
1876 730 2030 781 dialoyo

1071 799 1153 826 meo
1176 788 1230 826 ad
1257 791 1398 839 Reyem
1422 790 1655 838 Henricum,
1683 790 1721 828 in
1745 795 1921 830 tractatu
1947 804 2027 831 meo

1072 849 1118 888 cle
1134 851 1498 902 Hierosolymitana
1507 853 1824 903 peregrinatione
1842 884 1850 900 ,
1866 856 1904 891 in
1927 853 2028 893 libro

1071 924 1152 951 meo
1168 912 1214 951 cle
1224 914 1453 965 praestzyii's
1471 914 1671 966 fortunae,
1695 919 1733 953 et
1754 915 1792 953 in
1815 929 1929 967 opere
1947 930 2028 955 meo

1071 974 1217 1014 novello
1232 1007 1243 1024 ,
1261 975 1306 1014 de
1329 977 1546 1015 assertione
1561 977 1686 1015 Fidei.
1710 978 1747 1016 in
1764 977 1863 1015 libro
1890 983 2028 1017 contra

1069 1037 1278 1088 perfidiam
1299 1037 1567 1084 ludaeorum.
1595 1039 1632 1076 in
1658 1038 1758 1077 libro
1782 1040 1828 1078 (le
1859 1040 2022 1092 Confes-

1070 1099 1177 1137 sione
1200 1103 1237 1137 et
1253 1100 1487 1150 poenitentia
1504 1132 1513 1148 ,
1531 1104 1569 1139 et
1592 1101 1630 1138 in
1654 1114 1695 1139 eo
1720 1102 1790 1153 qui
1813 1103 1947 1141 Canon
1972 1103 2024 1140 E-

1066 1161 1279 1213 piscopalis
1305 1161 1560 1204 inscribitur.
1587 1167 1624 1201 et
1646 1164 1684 1201 in
1708 1163 2021 1214 quamplurimis

1073 1222 1164 1262 aliis
1193 1224 1354 1274 scriptis
1379 1225 1474 1263 meis
1503 1227 1643 1275 Reyem
1664 1230 1841 1264 vestrum
1865 1231 1903 1265 et
1922 1226 2025 1265 alios

1075 1289 1206 1322 terrae
1242 1287 1472 1335 Maynates,
1502 1285 1574 1324 ubi
1600 1289 1770 1326 materia
1799 1300 1840 1327 se
1883 1290 2023 1339 offert,

1071 1344 1186 1396 plena
1213 1344 1391 1384 libertate
1414 1347 1612 1398 redaryuo
1633 1354 1707 1387 etc.

1128 1408 1183 1445 De
1213 1409 1507 1446 continuatione
1538 1411 1736 1448 INGULFI
1761 1414 1795 1459 a)
1835 1411 2025 1450 historiae

1074 1467 1104 1506 Α
1113 1466 1267 1506 bbatiae
1279 1468 1587 1520 Croylanclensis
1603 1472 1702 1510 abA.
1722 1475 1735 1511 4
1746 1473 1894 1512 oet-ad
1916 1476 2024 1513 1118.

1076 1542 1178 1581 quae
1194 1531 1242 1569 ab
1261 1531 1479 1570 editoribus
1495 1545 1658 1583 operum
1680 1535 1782 1572 Petri
1805 1534 2028 1575 dcsiderata

1076 1593 1217 1643 prodiit
1247 1594 1423 1633 Oxoniae
1452 1596 1566 1634 4684.
1597 1597 1658 1634 fol.
1684 1596 1766 1635 dixi
1788 1608 1907 1647 supra
1932 1602 2027 1637 tom.

1076 1656 1138 1694 IV.
1168 1667 1252 1706 pag.
1285 1657 1374 1695 322.

1130 1719 1322 1758 PETRUS
1357 1719 1701 1768 Bloumenuenna,
1745 1722 1844 1761 infra
1890 1724 2030 1762 Petrus

1072 1779 1284 1819 Leidensis.

1131 1844 1324 1882 PETRUS
1352 1845 1518 1884 Boerius
1541 1848 1626 1884 sive
1657 1846 1848 1886 Boherius
1886 1848 2032 1887 Narbo-

1077 1908 1218 1944 nensis
1249 1905 1412 1956 Gallus,
1442 1910 1701 1948 Decretorum
1746 1911 1888 1949 Doctor
1917 1916 1956 1949 et
1984 1923 2034 1949 ex

1072 1968 1226 2008 Abbate
1257 1970 1296 2008 S.
1326 1971 1469 2010 Aviani
1507 1972 1546 2011 S.
1590 1973 1715 2010 Pontii
1761 1974 2033 2012 Tomeriarum

1073 2030 1289 2081 dioecesis,
1331 2033 1426 2073 Ord.
1472 2034 1509 2072 S.
1548 2034 1777 2081 Benedicti,
1807 2036 2029 2086 Episcopus

1074 2094 1355 2135 Urbevetanus
1384 2097 1570 2149 (Orvieto)
1603 2097 1651 2136 ab
1690 2097 1805 2136 Anno
1836 2098 1936 2137 4364
1978 2097 2028 2136 ad

1074 2156 1187 2196 4387.
1218 2157 1266 2196 de
1297 2170 1375 2209 quo
1405 2164 1560 2209 praeter
1590 2160 1852 2198 Trithemium
1882 2172 1915 2199 c.
1942 2161 2031 2198 630.

1072 2217 1120 2257 de
1146 2220 1185 2258 S.
1213 2221 1260 2259 E.
1290 2226 1330 2258 et
1360 2221 1501 2259 illustr.
1534 2221 1763 2259 Benedictin
1795 2223 1839 2260 ll.
1874 2222 1960 2261 «13⁷4.
1987 2229 2027 2260 ct

1074 2281 1335 2321 possevinum
1367 2285 1403 2321 in
1437 2288 1656 2335 apparatu,
1682 2284 1882 2322 Arnoldus
1914 2285 2028 2323 Wion

1073 2346 1167 2380 tom.
1201 2345 1235 2383 4.
1267 2345 1360 2395 ligni
1392 2346 1503 2384 Vitae
1533 2357 1619 2396 pag.
1652 2345 1742 2383 373.
1771 2350 1810 2383 et
1836 2345 2025 2395 Ughellus

1074 2409 1168 2444 tom.
1201 2408 1235 2445 4.
1267 2407 1402 2446 Italiae
1433 2419 1568 2446 sacrae
1600 2420 1635 2458 p.
1669 2407 1781 2446 4474.
1821 2418 1903 2457 seq.
1932 2409 2029 2446 Eius

1074 2469 1218 2518 scripta
1252 2469 1397 2508 inedita
1428 2469 1557 2508 adhuc
1599 2469 1787 2520 pleraque
1817 2474 1857 2507 et
1887 2470 1923 2506 in
1968 2470 2028 2506 Bi-

1071 2529 1207 2567 blioth.
1239 2531 1574 2581 Sangermanensi
1607 2531 1730 2570 Codd.
1763 2531 1836 2569 454
1867 2537 1906 2569 et
1939 2530 2027 2569 664.

1071 2591 1237 2641 aliisque
1263 2592 1403 2630 obvia:
1437 2594 1483 2630 In
1506 2592 1707 2643 speculum
1732 2592 2023 2630 Monachorum.

1071 2652 1118 2690 In
1135 2652 1329 2704 Requlam
1347 2655 1386 2693 S.
1405 2654 1606 2693 Benedicti
1626 2654 1838 2704 explicatio
1862 2654 2024 2706 duplus.

1073 2715 1109 2752 in
1150 2716 1295 2766 quibus
1339 2719 1591 2764 sententias,
1632 2717 1813 2766 dogmata
1830 2749 1839 2764 ,
1879 2718 2022 2765 verba,

1071 2779 1231 2816 consilia
1274 2784 1313 2817 et
1357 2784 1564 2830 praecepta
1607 2780 1756 2817 confort
1803 2790 1892 2818 cum
1929 2781 2024 2818 Jurc

1076 2840 1280 2879 Pontificio
1305 2847 1344 2879 et
1377 2843 1588 2880 sententiis
1613 2847 1839 2880 sanctoruni
1866 2843 2024 2881 Pati-uin

1072 2903 1117 2940 In
1147 2903 1438 2942 Beneclictinam
1468 2904 1669 2943 Benedicti
1702 2906 1824 2954 l'apae
1850 2905 1954 2942 Xlll.
1981 2906 2024 2942 In

1076 2965 1278 3016 speculum
1300 2966 1592 3006 Monachorum.
1619 2967 1672 3004 Dc
1709 2966 1830 3017 siquis
1869 2965 2025 3003 locutio-

1073 3040 1177 3065 num.
1206 3030 1271 3066 llis
1297 3029 1582 3067 llendreichius
1605 3028 1712 3066 addit
1737 3031 1849 3066 notas
1875 3027 1913 3064 in
1947 3028 2024 3065 Da-

1074 3088 1410 3140 masiPontislcale
1422 3091 1454 3129 la
1463 3091 1600 3130 udaias
1610 3095 1618 3125 i
1628 3091 1792 3139 lvorgioi
1805 3089 1959 3128 :assand
1967 3102 2018 3128 ro.

1124 3151 1142 3172 *ἓ
1174 3152 1275 3188 Petri
1307 3146 1425 3190 huius
1454 3153 1606 3202 glossas
1636 3151 1681 3189 ad
1714 3151 1925 3190 chronicon
1948 3153 2022 3191 Da-

1067 3239 1213 3274 Domini
1230 3239 1330 3277 Regis
1354 3237 1503 3276 Anytiae
1530 3237 1675 3268 Henrici
1695 3237 1840 3267 secundi·
1861 3245 1926 3276 pro
1949 3246 2024 3267 mea

1066 3291 1246 3333 parvitate
1269 3289 1455 3328 maym'fice
1479 3292 1543 3318 etc.

1128 3342 1159 3377 a]
1183 3338 1331 3371 Nouvell.
1357 3346 1412 3377 rep
1440 3337 1526 3370 leur.
1549 3342 1584 3370 Α.
1612 3337 1700 3370 losa.
1725 3346 1800 3377 pag.
1823 3338 1894 3369 589.
1918 3345 1990 3374 scu.
