2517 4009
947 229 1232 269 vernus

77 308 116 346 S.
148 302 365 354 Sthcphani
410 300 459 338 ab
502 299 588 337 eod.
632 299 735 339 dicta
776 306 815 338 et
847 302 1039 352 impressa

79 368 252 406 vetustis
283 363 391 413 typis
420 362 506 399 sine
539 361 620 399 loco
647 367 687 400 et
708 374 824 402 anno.
855 365 960 402 Prior
985 364 1042 401 in-

76 430 194 479 cipit.
212 422 456 466 Horrendus
477 422 540 461 ille
560 423 819 463 tenebrarum
840 425 1043 477 princeps.

77 491 211 529 Altera
242 498 362 526 vero:
386 484 512 537 plura
541 485 649 524 mibi.
703 488 843 525 Patres
874 485 1044 538 Amplis-

77 550 170 590 simi
190 550 312 588 altera
339 549 426 586 eius
450 548 578 586 oratio
605 549 640 586 in
668 549 807 588 funere
833 549 1041 587 lllustriss.

76 611 303 661 Hieronymi
342 610 706 649 Forocorneliensis
736 616 775 648 ot
807 611 1045 649 Forolivien—

76 675 133 712 sis
161 673 328 713 Comitis
360 673 395 710 in
430 673 462 709 4.
496 673 582 709 sine
614 673 696 711 loco
728 679 768 710 et
797 683 913 711 anno.

130 736 187 774 De
217 735 337 774 Paulo
367 745 462 772 vero
490 736 618 772 Marso
643 735 758 773 cuius
791 736 827 771 in
859 734 930 771 hoc
962 734 1045 784 ipso

79 796 326 848 paragrapho
361 797 544 834 meminit
578 795 804 842 Fabricius,
827 794 1047 833 adiicienda

79 859 278 898 succurrit
307 858 440 897 habita
456 858 505 896 ab
531 858 613 907 ipso
643 856 770 894 oratio
788 856 850 894 die
867 867 944 906 qua
978 867 1046 906 pro

78 921 331 959 solemnitate
375 919 484 958 urbis
529 931 636 958 more
678 920 825 957 Romae
869 918 1047 957 natalitia

77 993 100 1020 a
134 981 344 1020 sodalitate
374 981 547 1020 literaria
590 981 792 1020 celebrata
822 985 944 1028 sunt,
974 981 1048 1018 Ro-

80 1055 168 1082 mae
199 1043 274 1082 An.
305 1043 407 1082 1483
437 1042 499 1081 die
529 1043 734 1082 Dominica
764 1044 840 1081 XX
885 1041 1046 1092 Aprilis.

77 1105 175 1144 Vide
205 1104 339 1144 Jacobi
371 1105 614 1143 Volaterrani
659 1105 834 1144 Diarium
874 1104 922 1142 ad
951 1115 1049 1142 eun-

80 1166 172 1205 ilem
205 1177 371 1205 annum.
401 1165 422 1188 *

135 1229 332 1268 PETRUS
359 1229 544 1279 Martyr,
575 1228 624 1267 ab
653 1228 867 1278 Angleria,
897 1229 933 1276 a)
973 1228 1050 1265 Me-

81 1289 338 1336 diolanensiS,
350 1291 649 1328 protonotarius
661 1290 930 1340 Apostolicus‚
943 1289 1050 1327 Prior

80 1351 461 1402 Archiepiscopatus
475 1350 752 1399 Granatensis,
770 1356 892 1401 atque
909 1353 930 1390 a
948 1352 1050 1390 Con-

80 1414 179 1453 siliis
209 1424 344 1452 rerum
374 1412 604 1451 Indicarum
631 1414 854 1463 Hispanicis
898 1415 1049 1464 Regum

82 1474 322 1515 Ferdinandi
360 1479 401 1513 et
437 1474 720 1523 Elisabethae,
750 1479 791 1513 et
834 1475 1048 1514 liberorum

83 1539 298 1589 Regiorum
350 1538 568 1588 Magister,
613 1538 730 1576 cuius
778 1535 1050 1589 Epistularum

89 1597 186 1639 libri
205 1599 414 1639 XXXVIII.
444 1600 579 1650 scripti
611 1598 660 1638 ab
688 1599 733 1638 Α.
760 1600 863 1638 1488
881 1598 928 1638 ad
947 1599 1051 1638 1425

88 1661 291 1713 Compluti
321 1661 510 1700 viderunt
541 1661 671 1699 lucem
704 1662 818 1700 1530.
846 1661 909 1699 fol.
931 1666 971 1699 et
1001 1672 1051 1699 ex

87 1724 251 1763 meliore
280 1723 453 1769 editione
483 1723 738 1762 Elzeviriana
768 1723 898 1761 Amst.
931 1722 1049 1763 4670.

86 1787 152 1826 fol.
183 1786 410 1826 subiunctis
439 1784 692 1824 Ferdinandi
717 1784 764 1823 de
789 1784 937 1836 Pulyar
957 1786 1052 1836 Epi-

86 1848 200 1887 stolis
229 1848 305 1887 sub
333 1848 472 1887 eadem
503 1853 684 1898 tempora
715 1848 874 1898 scriptis
915 1849 1051 1887 Latine

86 1911 150 1950 vel
181 1911 389 1962 Hispanice
419 1921 512 1949 cum
550 1910 654 1947 notis
681 1908 838 1948 Juliam'
874 1909 1053 1960 Mayonis

86 1972 229 2011 etlibri
256 1972 390 2011 itidem
416 1972 624 2023 Hispanice
649 1972 697 2011 ab
720 1972 858 2011 eodem
886 1973 1053 2024 Pulgaro

87 2034 134 2074 ad
166 2035 356 2085 Reginam
385 2034 660 2073 Elisabetham
689 2033 737 2072 de
770 2034 888 2072 claris
917 2035 1069 2084 llispa-'

89 2098 176 2136 niae
205 2097 320 2135 Viris.
350 2097 403 2136 Et
444 2108 578 2135 rerum
623 2097 817 2135 varietate
847 2100 887 2135 et
917 2097 1054 2135 dictio-

87 2161 150 2197 nis
178 2158 290 2198 cultu
319 2169 365 2197 ac
397 2159 522 2196 nitore
552 2169 596 2196 se
625 2157 912 2197 commendant
951 2160 1053 2197 Petri

88 2221 302 2271 Epistolae,
328 2221 432 2259 sicut·
455 2224 495 2259 et
519 2220 605 2258 libri
630 2221 718 2269 ejus
742 2221 939 2271 octoginta
966 2222 1053 2258 sive

90 2281 269 2321 Decades
297 2285 379 2321 octo
409 2281 457 2320 de
485 2280 608 2320 rebus
652 2282 855 2321 Oceam'eis
883 2287 922 2321 et
950 2280 1054 2320 Orbe

89 2355 188 2383 novo
217 2345 336 2382 Paris.
369 2345 486 2384 1536.
516 2344 580 2382 fol.
608 2348 649 2382 et
680 2345 795 2383 1587.
824 2345 858 2382 4.
890 2349 935 2383 ut
972 2344 1055 2383 edi-

92 2406 220 2444 tiones
249 2405 445 2444 decadum
476 2407 596 2444 trium
618 2407 792 2456 priorum
815 2408 975 2458 saepius
997 2418 1056 2445 re-

90 2468 237 2518 petitas
266 2471 538 2518 praeteream,
570 2478 620 2505 ex
651 2468 798 2518 quibus
844 2469 1056 2507 nonnullae

84 2530 263 2580 junctim
309 2529 458 2568 habent
503 2528 645 2567 librum
677 2528 723 2568 de
759 2529 902 2569 insulis
930 2542 1058 2582 nuper

89 2590 260 2630 inventis
289 2594 327 2630 et
347 2590 568 2629 incolarum
593 2590 788 2630 moribus.
811 2593 929 2631 Basil.
955 2593 1057 2631 4533

91 2653 158 2692 fol.
180 2653 318 2692 Colon.
345 2652 460 2692 1573.
485 2654 520 2691 8.
555 2651 669 2691 Libri
692 2657 772 2692 tres
796 2653 841 2692 de
867 2653 1058 2704 leyatione

90 2713 334 2767 Babylonica
363 2726 412 2754 ex
445 2715 542 2754 urbe
567 2715 740 2754 Granata
766 2716 813 2754 ad
840 2716 1055 2756 Soldanum

91 2777 406 2827 Babylonicum,
456 2777 638 2828 prodiere
682 2780 853 2828 primum
909 2779 1056 2828 llispali

96 2839 211 2878 1500.
245 2839 308 2878 iol.
340 2851 430 2879 cum
464 2851 596 2879 rerum
618 2840 905 2880 Oceanicarum
932 2843 1058 2891 prima

94 2900 270 2949 decade,
299 2905 340 2940 et
368 2902 630 2951 carminibuS,
661 2914 763 2952 quae.
793 2908 889 2942 sunt
918 2903 1057 2951 danus,

93 2961 269 3001 Inachus
284 2993 296 3011 ,
321 2961 434 3002 Pluto
456 2961 621 3015 furens,
644 2963 779 3015 hymni
799 2970 839 3003 et
863 2964 1060 3016 epiyram-

95 3027 206 3062 mata
233 3029 400 3063 curante
429 3026 533 3064 AElio
575 3026 748 3065 Antonio
796 3027 1058 3067 Nebrissensi.

96 3085 233 3125 Italica
258 3087 391 3125 versio
422 3088 646 3139 Legationis
676 3089 951 3140 Babylonicae,
989 3090 1061 3128 Ca-

151 3251 186 3292 a)
209 3252 291 3285 Vide
313 3254 402 3286 Petri
428 3255 582 3294 Martyris
605 3257 715 3296 Epist.
740 3256 816 3288 248.
839 3260 870 3287 et
893 3255 967 3289 725.
987 3257 1067 3287 Fra-

91 3303 152 3381 tris¹
175 3304 305 3382 aggi-lo.
323 3306 494 3344 Baptistae
516 3305 646 3338 obitum
671 3310 732 3339 An.
753 3306 845 3337 1517.
877 3305 965 3338 dolet
992 3309 1067 3346 Epi-

89 3355 139 3383 sto
154 3359 173 3383 a
262 3377 266 3383 .

2001 222 2080 262 253

1117 300 1199 338 rolo
1231 301 1349 337 Fasso
1382 299 1598 348 interprete
1629 297 1768 334 Venet.
1811 294 1926 333 1564.
1957 294 1992 331 8.
2024 293 2081 330 in-

1116 362 1326 400 scribitur:
1360 359 1458 398 (lelle
1500 370 1586 398 cose
1628 355 1794 397 notabili
1834 354 2079 405 dell'EfJitlo.

1117 424 1286 462 Carmen
1319 422 1593 472 extemporale
1627 420 1665 458 in
1702 417 1888 458 bellantes
1919 428 1970 455 ex
2012 416 2083 453 im-

1112 483 1287 537 perandi
1308 482 1502 534 cupidine,
1526 483 1671 533 legitur
1691 480 1866 532 Epistola
1887 479 1975 518 556.
1996 479 2081 517 Alia

1118 548 1245 597 Epist.
1277 547 1366 585 581.
1398 550 1437 583 et
1469 547 1558 584 611.
1592 546 1644 582 no
1676 544 1748 582 hoc
1780 543 1896 580 Petro
1925 546 1962 581 et
1995 541 2083 590 ejus

1119 610 1277 659 scriptis
1307 608 1538 658 diligentius
1570 618 1661 657 prae
1691 606 1861 644 caeteris
1896 604 2084 642 tractavit

1118 671 1339 709 Niceronus
1371 673 1466 706 tom.
1498 669 1560 707 23.
1595 669 1876 706 memoriarum
1908 665 1956 703 (le
1982 665 2084 703 Viris

1120 731 1289 769 eruditis
1319 741 1405 781 pag.
1437 731 1526 768 202.
1550 741 1632 779 seq.
1661 730 1831 767 Possunt
1856 728 1973 765 etiam
1992 737 2085 765 con-

1121 794 1196 832 suli
1227 795 1368 831 levius
1400 804 1485 844 pag.
1518 792 1607 831 306.
1638 791 1738 841 elog.
1777 790 1962 828 Nicolaus
2004 788 2085 827 An·

1121 857 1255 894 tonius
1288 860 1382 893 tom.
1414 855 1451 892 2.
1483 853 1664 893 Biblioth.
1696 855 1853 903 llispan.
1880 863 1965 902 pag.
1994 851 2083 890 362.

1122 929 1205 968 seq.
1238 917 1404 956 Vossius
1437 929 1521 967 pag.
1553 916 1645 955 671.
1675 916 1898 954 Morlierius
1925 915 1960 950 in
1988 914 2084 951 libro

1122 981 1183 1019 cui
1215 980 1384 1018 titulus:
1420 980 1555 1017 Essais
1585 978 1634 1017 dc
1668 979 1888 1016 litterature
1920 981 2013 1014 tom.
2046 976 2083 1013 2.

1122 1055 1160 1092 p.
1192 1042 1283 1080 228,
1314 1052 1399 1091 seq.
1431 1042 1634 1092 Philippus
1667 1040 1877 1078 Picinellus
1909 1040 1945 1076 in
1977 1038 2087 1075 thea-

1123 1109 1183 1142 tro
1231 1103 1480 1142 eruditorum
1525 1103 1878 1142 Mediolanensium
1925 1101 2085 1150 vulgato

1125 1166 1284 1213 Italice,
1317 1165 1576 1204 Chevraeana
1609 1170 1702 1203 tom.
1738 1166 1773 1203 1.
1804 1176 1889 1214 pag.
1918 1164 1978 1201 40.
2010 1166 2086 1200 cte.

1179 1228 1373 1266 PETRUS
1404 1228 1572 1278 Martyr
1603 1227 1829 1273 VermiliuS,
1863 1230 1982 1264 natus
2005 1225 2088 1262 Flo-

1127 1290 1278 1328 rentiae
1310 1289 1387 1327 An.
1420 1290 1535 1328 1500.
1566 1300 1708 1339 magno
1739 1288 1871 1327 studio
1908 1287 2088 1325 incubuit

1128 1353 1164 1388 in
1197 1352 1353 1401 linguas
1385 1351 1593 1398 Latinam,
1624 1350 1815 1388 Graecam
1847 1355 1887 1388 ct
1931 1349 2088 1388 llebrai-

1125 1424 1211 1451 cam
1236 1441 1244 1460 ,
1274 1417 1395 1463 atque
1419 1412 1726 1463 Augustinianis
1749 1423 1891 1449 nomen
1914 1423 2004 1450 cum
2021 1411 2088 1449 de-

1125 1474 1281 1522 disset,
1313 1474 1448 1514 docuit
1477 1474 1654 1520 Patavii,
1679 1472 1839 1522 Neapoli
1862 1473 2028 1524 aliisque
2052 1474 2087 1510 in

1125 1537 1246 1575 locis:
1278 1548 1371 1574 mox
1401 1537 1570 1574 lectione
1602 1535 1637 1584 b)
1678 1535 1914 1584 scriptorum
1962 1535 2091 1572 Zwin-

1125 1598 1218 1649 glii,
1250 1598 1392 1636 Ruceri
1422 1602 1461 1636 et
1483 1598 1643 1636 Erasmi
1670 1600 1875 1647 permotus
1901 1607 2102 1649 magnum

1128 1661 1231 1698 inter
1260 1660 1509 1699 Reformatos
1540 1660 1730 1697 Doctores
1775 1657 1994 1707 Theologos
2025 1668 2093 1694 no-

1129 1734 1219 1761 men
1240 1723 1314 1762 fuit
1329 1754 1339 1771 ,
1358 1722 1611 1775 Argentorati
1635 1722 1806 1772 primum
1826 1718 1969 1757 deinde
1990 1718 2094 1756 Oxo-

1127 1787 1177 1823 nii
1200 1815 1208 1829 ,
1239 1784 1411 1835 denique
1443 1784 1604 1834 Tiguri,
1637 1783 1700 1822 ubi
1729 1782 1831 1820 idem
1857 1782 1953 1819 obiit
1976 1782 2093 1819 Anno

1132 1848 1248 1887 1562.
1280 1848 1411 1886 Vitam
1442 1848 1529 1885 eius
1559 1847 1718 1896 scripsit
1747 1846 1876 1883 Josias
1901 1844 2094 1883 Simlerus

1127 1914 1285 1960 praeter
1314 1920 1434 1959 quem
1465 1908 1574 1947 adire
1595 1907 1754 1958 juvabit
1776 1906 1987 1957 imprimis,
2012 1905 2096 1943 lau-

1127 1971 1266 2010 datum
1297 1971 1542 2010 Niceronum
1569 1975 1662 2008 tom.
1690 1971 1753 2009 23.
1780 1980 1867 2020 pag.
1894 1969 1981 2007 216.
2009 1978 2091 2017 seq.

1127 2033 1176 2072 de
1207 2035 1369 2084 scriptis
1400 2034 1522 2072 etiam
1553 2032 1674 2071 huius
1720 2033 1822 2070 Petri
1869 2031 2094 2069 accuratius

1128 2099 1471 2135 commentantem
1503 2107 1591 2146 pag.
1621 2094 1712 2133 232.
1743 2106 1826 2144 seq.
1875 2095 1951 2132 Nec
1981 2093 2095 2131 deest

1130 2169 1301 2208 magnus
1333 2168 1528 2196 numerus
1557 2158 1724 2195 aliorum
1747 2158 1814 2207 qui
1836 2156 1884 2194 de
1907 2156 1979 2194 hoc
2010 2157 2095 2193 viro

1128 2219 1408 2263 tradiderunt,
1438 2219 1634 2257 Thuanus
1663 2218 1711 2257 ad
1744 2220 1817 2256 An.
1846 2218 1960 2257 1562.
1983 2223 2023 2256 et
2045 2217 2093 2256 acl

1127 2281 1216 2331 ejus
1240 2281 1365 2331 elogia
1391 2280 1594 2318 Antonius
1620 2280 1886 2318 Teissierius:
1909 2279 2095 2318 Melchior

1128 2343 1271 2382 Adami
1293 2344 1331 2380 in
1355 2343 1449 2380 vitis
1469 2341 1759 2392 Theologorum
1778 2371 1786 2389 ,
1808 2340 1980 2379 Jacobus
2002 2341 2093 2378 Ver·

1130 2404 1287 2455 heyden
1319 2405 1356 2442 in
1388 2403 1594 2454 effigiebus
1637 2403 1928 2453 praestantium
1969 2401 2096 2439 Then-

1130 2467 1310 2517 logorum
1330 2496 1338 2503 .
1370 2466 1450 2504 Nic.
1484 2467 1717 2504 Reusnerus
1744 2466 1779 2501 in
1803 2463 1986 2502 iconibus
2011 2474 2098 2513 pag.

1132 2529 1221 2566 246.
1249 2540 1333 2578 seq.
1356 2540 1442 2579 pag.
1470 2529 1559 2565 165.
1585 2527 1838 2565 Christianus
1873 2524 2097 2563 Junckerus

1132 2590 1185 2628 im
1229 2589 1429 2628 Gulclenen
1466 2588 1549 2626 und
1577 2586 1785 2627 Silbernen
1816 2585 2096 2624 Ehren-Gecla-

1134 2652 1260 2692 clztnzs
1288 2652 1445 2690 Lutheri
1472 2663 1557 2701 pag.
1591 2650 1678 2689 177.
1710 2661 1793 2699 seq.
1827 2649 1973 2688 Paulus
2004 2650 2096 2687 Fre-

1134 2716 1256 2754 herus
1288 2716 1324 2752 in
1373 2714 1529 2752 theatro
1559 2714 1755 2751 clarorum
1801 2714 1975 2750 virorum
2009 2723 2094 2762 pag.

1136 2779 1224 2818 191.
1256 2777 1444 2816 Nicolaus
1475 2778 1709 2815 Comncnus
1742 2774 1972 2824 Papadopoli
2004 2779 2030 2811 t.
2060 2775 2093 2812 2.

1134 2842 1227 2879 hist.
1252 2840 1460 2889 Gymnasii
1494 2840 1670 2877 Patavini
1704 2849 1789 2888 pag.
1824 2837 1910 2874 211.
1951 2836 2096 2874 Paulus

1135 2903 1385 2942 Colomesius
1418 2903 1452 2938 in
1487 2901 1596 2939 ltalia
1628 2899 1817 2938 Orientali
1850 2911 1884 2949 p.
1911 2899 1972 2935 96.
1996 2898 2098 2936 Tho-

1135 2976 1222 3004 mas
1254 2964 1434 3003 Fullerus
1467 2964 1503 3000 in
1535 2963 1657 3000 Abclc
1691 2961 1867 2998 redivivo
1892 2971 1978 3010 pag.
2004 2959 2094 2998 205.

1134 3027 1331 3066 Antonius
1363 3019 1486 3063 Wood
1518 3029 1612 3063 tom.
1642 3026 1673 3062 vl.
1698 3022 1945 3060 Athenarum
1967 3023 2095 3060 oxon.

1138 3100 1223 3140 pag.
1257 3089 1343 3127 138.
1378 3088 1545 3125 Lexicon
1577 3085 1852 3129 cruditorum,
1883 3089 1923 3121 ct
1955 3085 2095 3121 erica

1192 3256 1228 3294 b)
1255 3255 1372 3287 coutet
1406 3258 1443 3286 D.
1475 3255 1544 3286 val.
1574 3256 1705 3286 Ernesti
1728 3253 1903 3286 Loescheri
1928 3251 2101 3283 historiam

1131 3311 1288 3339 motuum
1307 3310 1386 3337 tom.
1405 3306 1435 3336 5.
1452 3314 1484 3344 p.
1504 3305 1552 3337 15.
1574 3304 1643 3336 157.
1666 3312 1735 3343 seq.
