2533 4009
479 233 558 270 372².

474 302 703 339 stolicarum
732 295 1032 335 concessionum
1055 293 1286 339 Censorem⁷
1307 292 1423 330 Colo-

479 363 704 408 niensisque
729 356 929 394 Ecclesiae
945 354 1296 401 Archidiaconuin,
1321 354 1425 404 Apo-

478 424 574 472 logia
600 416 772 457 secunda
804 417 844 453 R.
887 417 925 453 P.
961 414 1092 454 Jacobi
1135 415 1423 461 llochstraten,

475 487 608 520 contra
629 477 899 515 defensionem
925 476 1124 526 quandam
1166 477 1202 514 in
1247 477 1422 514 favorem

473 541 634 580 Joannis
659 537 847 576 Reuchlin
874 539 1091 576 novissime
1117 539 1154 575 in
1177 538 1306 577 lucem
1343 537 1425 575 edi-

472 609 563 640 tam.
589 599 771 639 Coloniae
795 597 911 637 4548.
937 599 972 637 4.

522 650 581 700 Ad
611 661 917 699 sanctissimum
945 661 988 698 D.
1014 661 1055 699 N.
1083 662 1252 699 Leonem
1279 661 1423 711 Papam

471 725 518 762 X.
548 733 593 761 ac
622 723 666 760 D.
696 721 1007 760 Maximilianum
1040 723 1138 773 Imp.
1164 721 1349 772 Apologia
1381 723 1422 760 R.

474 786 510 821 Ρ.
541 782 672 821 iacobi
717 781 1007 828 lloehstraten,
1037 787 1171 820 contra
1218 781 1422 831 Dialogum

468 845 632 894 Georgio
662 844 849 893 Benigno.
879 843 1122 894 Archiepisc.
1153 843 1355 880 Nazareno
1386 843 1423 879 in

469 917 589 945 causa
618 905 782 943 Joannis
811 904 1000 942 Reuchlin
1033 904 1307 954 adscriptum,
1339 903 1426 954 plu-

473 968 664 1017 ribusque
696 966 896 1005 erroribus
940 970 1160 1004 scatentem
1184 996 1192 1014 ‚
1217 970 1257 1004 et
1287 965 1351 1004 hic
1379 965 1427 1004 de

472 1029 592 1067 verbo
622 1028 668 1066 ad
701 1028 866 1066 verbum
900 1026 1067 1065 fideliter
1092 1028 1359 1078 impressum,
1387 1029 1423 1065 in

470 1102 547 1141 qua
573 1089 732 1140 quidem
759 1088 945 1139 Apologia
974 1089 1182 1139 inquisitor
1213 1090 1295 1139 ipse
1327 1089 1428 1127 mul-

468 1154 520 1189 tis
549 1150 822 1190 occasionibus
847 1149 929 1200 jam
961 1150 1123 1188 demum
1145 1155 1319 1197 coactus,
1340 1155 1425 1189 tum

471 1213 716 1252 catholicam
749 1213 989 1256 veritatem,
1021 1216 1106 1250 tum
1137 1212 1426 1262 Theologorum

472 1275 661 1312 honorem
693 1285 762 1323 per
792 1272 938 1311 solidas
968 1276 1188 1324 scripturas
1218 1275 1428 1312 verissime

474 1340 621 1374 tuetur.
653 1334 840 1372 Coloniae
872 1336 986 1373 4548.
1019 1335 1053 1372 4.

527 1397 625 1435 Acta
655 1395 897 1435 Judiciorum
938 1397 1040 1434 inter
1070 1397 1096 1434 F
1138 1396 1328 1435 Jacobum
1360 1398 1432 1435 110-

475 1459 679 1496 ehstraten
724 1458 1005 1507 Inquisitorem
1049 1457 1345 1496 Coloniensium
1391 1463 1431 1496 <t

474 1522 666 1557 Joannem
698 1518 888 1556 lleuchlin
917 1520 988 1557 Η..
1018 1520 1224 1557 Doctorem
1246 1550 1252 1567 ‚
1278 1531 1334 1559 εει)
1362 1522 1433 1559 Re-

471 1580 602 1630 91‘slro
623 1578 781 1630 publico
796 1611 805 1626 ‚
828 1579 1025 1617 autentico
1049 1583 1086 1618 et
1108 1579 1279 1630 siyillato
1312 1583 1433 1632 llage-

474 1653 583 1687 noae,
610 1644 645 1678 in
671 1641 836 1679 aedibus
861 1641 1032 1679 Thomae
1058 1642 1286 1688 Anshelmi,
1314 1644 1427 1682 4548.

473 1704 506 1739 4.
537 1707 576 1739 et
607 1703 642 1738 in
670 1703 801 1739 llerm.
829 1713 903 1739 von
930 1701 1000 1739 der
1026 1701 1147 1740 llardt
1174 1704 1318 1740 Histor.
1343 1704 1430 1742 lite-

470 1764 569 1801 raria
601 1763 903 1800 Reformationis
933 1767 1045 1813 parte.
1075 1763 1119 1801 11.
1153 1775 1189 1813 p.
1221 1764 1282 1802 94.

524 1822 710 1862 Bilibaldi
738 1821 1046 1875 Pirckheymerz·
1075 1823 1251 1874 Epistola
1289 1823 1433 1876 Apolo-

466 1886 594 1936 9eticn
621 1897 695 1936 pro
735 1884 960 1924 Reuclzlino.
998 1886 1278 1936 Nurenbergae
1318 1886 1433 1925 4547.

475 1948 619 1985 ibidem
648 1958 683 1996 p.
711 1948 797 1986 430.
823 1951 862 1983 et
886 1958 987 1996 quac
1012 1947 1085 1985 alia
1113 1947 1160 1985 ibi
1191 1951 1430 1996 sequuntur.

520 2008 540 2031 ³⁸*
572 2010 611 2046 ln
638 2008 948 2058 diligentissimo
971 2019 1134 2058 operum
1158 2008 1433 2046 Reucliniano-

468 2082 554 2108 rum
581 2070 757 2120 catalogo
796 2080 913 2108 suuni
956 2070 1096 2106 merito
1137 2074 1272 2108 tuetur
1303 2070 1431 2108 locum

472 2131 629 2169 libellus
652 2132 724 2169 iste
762 2143 810 2168 ex
850 2130 1024 2180 catalogo
1059 2130 1238 2168 Biblioth.
1274 2131 1434 2169 Civicae

469 2191 786 2229 vindobonensis
813 2191 904 2229 mihi
932 2193 1102 2241 primum
1132 2196 1250 2229 notus
1282 2192 1433 2243 Episto-

469 2252 530 2290 lae
551 2254 671 2290 trium
692 2251 909 2291 illustrium
941 2253 1123 2291 virorum
1158 2250 1212 2290 ad
1242 2253 1435 2291 Herman-

468 2326 560 2352 num
580 2314 766 2354 Comitem
785 2313 1044 2352 Nuenarz'um.
1065 2313 1249 2352 Eiusdem
1273 2325 1435 2364 respon-

467 2376 620 2421 sorine⁷
642 2387 723 2413 una
747 2375 801 2413 ad
828 2375 1015 2413 Joannem
1040 2374 1202 2414 Reuclin
1221 2407 1228 2424 ,
1247 2374 1435 2414 etaltera

467 2437 521 2474 ad
546 2438 755 2475 Lectorem.
789 2435 960 2475 Libellus
984 2439 1260 2476 accusatorius
1300 2437 1341 2475 F.
1366 2438 1435 2475 Ja—

470 2497 558 2536 cobi
585 2500 819 2537 Hoeslraten
857 2501 996 2537 contra
1035 2498 1195 2537 oculare
1232 2497 1434 2550 speculum

465 2561 629 2600 ,Ioannis
647 2560 819 2599 Reuclz'n.
852 2560 1151 2611 Diffamationes
1167 2560 1341 2600 eiusdem
1360 2561 1433 2599 .Ια-

466 2621 563 2660 cobi.
591 2623 687 2660 Item
712 2621 892 2674 Defenszo
926 2634 1029 2661 nova
1067 2623 1232 2661 loannis
1270 2621 1433 2661 Reuclin

467 2696 522 2722 ex
539 2683 633 2722 orbe
643 2686 762 2723 Roma
773 2683 897 2722 allata
907 2683 945 2722 in
958 2685 978 2722 4
1003 2683 1152 2735 absque
1170 2683 1250 2722 loco
1267 2691 1304 2722 et
1317 2695 1432 2722 anno.

514 2747 612 2784 ltem
632 2745 694 2783 hic
711 2746 812 2783 alius
829 2745 926 2783 liber
942 2756 1013 2784 seu
1034 2747 1164 2796 potius
1182 2747 1254 2783 tria
1272 2745 1429 2783 diversa

467 2807 666 2845 volumina
692 2806 834 2845 ibidem
857 2811 1014 2845 servata
1033 2819 1041 2855 3
1063 2805 1204 2844 Jacobz'
1220 2805 1430 2845 Hoclzstra-

468 2872 527 2907 ten
550 2867 730 2919 apoloqia
765 2872 905 2906 contra
930 2867 1137 2918 Dialoqum
1164 2867 1330 2917 Geor92·0
1361 2869 1430 2904 Be-

468 2928 901 2979 m'ssnoArclziepzscopo
919 2928 1134 2966 Nazareno
1160 2928 1199 2966 in
1223 2939 1347 2966 causa
1367 2929 1426 2965 .Ιο.

468 2989 625 3028 Reuclin
646 2990 868 3040 ascriptum
892 2989 931 3027 in
953 2990 991 3027 4.
1015 2990 1201 3028 Coloniae
1228 2989 1342 3027 1518.

517 3050 658 3090 Jacobi
670 3051 929 3091 Hoclislraten
944 3049 1131 3103 Apoloyia
1145 3049 1319 3090 secunda
1338 3061 1427 3089 con-

523 3227 555 3255 a)
581 3223 692 3254 Manlii
718 3227 849 3257 Lusatin
873 3228 940 3257 vn.
964 3228 991 3259 ί.
1009 3227 1086 3258 Abr.
1107 3225 1270 3258 Frencelii
1292 3228 1432 3257 Nomen-

464 3267 566 3299 clator
590 3272 740 3305 Lusatiae
763 3277 937 3316 utriusque
959 3286 995 3317 p.
1013 3277 1066 3308 25.

526 3317 545 3346 l»
584 3319 671 3351 Hier.
690 3322 842 3354 Wellcins
858 3326 890 3355 ln
913 3326 1038 3358 Libello
1058 3326 1128 3365 (bic
1144 3327 1234 3358 enim
1251 3328 1299 3357 est
1314 3323 1430 3356 titulus

1306 222 1640 263 RHAGIUS

1499 288 1564 322 tra
1586 283 1846 335 defensionem
1871 285 2085 337 quomdam
2123 285 2162 322 in
2192 283 2374 336 favorem
2398 285 2457 323 .Ιο.

1499 343 1661 384 Rcuclin
1686 346 1724 384 4.
1748 344 1932 385 Coloniae.
1959 349 2076 386 4549.

1551 404 1693 444 Jacobi
1730 405 1984 446 Hochstraten
2012 407 2225 447 destructio
2261 404 2462 447 Gabbalae

1499 477 1569 505 seu
1595 465 1887 506 Cabbalisticae
1905 468 2097 519 perfidiae
2120 482 2145 508 a
2159 471 2216 508 .Ιο.
2237 465 2462 508 Ηευοήἱίηἱο

1490 528 1580 579 jam
1592 527 1746 579 pridem
1763 529 1802 566 iu
1820 527 1943 566 lucem
1959 528 2088 568 editae
2104 532 2141 569 4.
2153 530 2413 570 Coloniael5l
2424 530 2461 568 9.

1555 589 1688 628 Libelli
1714 589 1763 628 de
1789 590 1910 628 verbo
1929 590 2092 628 mirilico
2108 591 2322 630 editionem
2342 590 2460 629 aliam

1500 650 1642 689 ibidem
1675 651 1968 697 animadverti,
1992 662 2094 701 quae.
2118 657 2180 690 est
2216 653 2254 691 in
2294 652 2357 692 fol.
2392 650 2462 690 sed

1499 711 1650 761 absque
1675 711 1759 750 loco
1786 712 2069 762 impressionis.

1553 774 1631 812 Viri
1651 772 1770 812 huius
1787 773 1890 811 docti
1908 778 1970 812 est
1988 775 2108 812 etiam
2129 773 2259 812 versio
2275 784 2324 812 ex
2342 772 2464 812 Grae.-

1499 844 1544 871 co
1575 835 1754 884 opusculi
1797 836 2046 885 Hippocratis
2081 834 2131 873 de
2168 834 2465 886 praeparatione,

1502 894 1672 933 hominis
1689 895 1734 933 ad
1755 896 2022 934 Ptolomaeum
2042 897 2201 946 Regem.
2220 896 2358 946 Dirigit
2371 906 2466 946 opu-

1502 956 1658 993 sculum
1686 956 1758 995 hoc
1783 968 1901 996 suurn
1928 958 2067 996 loanni
2094 956 2286 996 Stocharo
2310 955 2466 995 Medici—

1504 1027 1576 1054 nae.
1601 1017 1755 1055 Doctori
1781 1017 1987 1056 Archiatro
2006 1018 2196 1057 Ulmensi.
2215 1016 2377 1057 Editum
2402 1020 2465 1055 est

1503 1077 1705 1128 Tubingae
1730 1078 1775 1117 A.
1803 1079 1918 1118 4542.
1945 1079 1982 1116 in
2010 1080 2046 1117 4.
2069 1078 2090 1102 ⁴*

1559 1140 1938 1188 REVERENTlUS,
1990 1141 2077 1178 sive
2129 1138 2466 1178 Reverentionus:

1504 1201 1557 1239 ita
1588 1212 1794 1251 perperam
1832 1206 1938 1240 tomo
1970 1202 1996 1240 1.
2027 1201 2291 1241 Conciliorum
2324 1199 2466 1239 Labbei

1507 1274 1544 1313 p.
1572 1263 1660 1302 454.
1684 1262 1844 1310 dicitur,
1867 1264 1934 1313 qui
1959 1274 2055 1302 vere
2079 1267 2143 1302 est
2166 1260 2467 1308 RAVENNIUS,

1508 1323 1556 1362 de
1587 1334 1665 1373 quo
1695 1324 1827 1374 paullo
1857 1328 1965 1362 ante.

1561 1383 1733 1424 lacobus
1778 1385 2063 1425 REUTELIUS
2080 1413 2089 1426 .
2132 1384 2468 1436 Harzgerodensis

1509 1446 1779 1494 Anhaltinus,
1811 1457 1890 1485 sec.
1936 1446 2037 1485 XVl.
2071 1446 2144 1485 fuit
2185 1446 2299 1485 Verbi
2344 1446 2466 1485 divini

1508 1509 1688 1547 Minister
1717 1507 1820 1558 apud
1853 1508 2175 1558 Goettingenses,
2194 1507 2469 1554 Hardesianos,

1509 1570 1793 1614 lluxariensis,
1819 1568 1981 1607 demum
2013 1580 2049 1607 a.
2081 1568 2198 1608 4567.
2227 1568 2331 1619 apud
2362 1569 2470 1607 Eim-

1508 1631 1740 1669 beccenses.
1783 1631 1952 1680 Scripsit
1996 1629 2218 1670 Chronicon
2262 1628 2467 1668 Hillesliei·

1507 1703 1637 1731 mense
1679 1692 1728 1730 de
1771 1692 1890 1730 rebus
1920 1692 2006 1730 scil.
2034 1693 2319 1742 Episcoporum
2350 1690 2468 1729 Hille-

1508 1753 1789 1800 hcimensium,
1808 1752 1912 1803 quod
1943 1758 2103 1803 propter
2122 1753 2357 1791 concinnam
2379 1752 2467 1791 bre-

1508 1816 1676 1853 vitatem
1709 1813 1917 1861 laudatur,
1949 1813 2101 1853 editum
2133 1814 2169 1850 in
2204 1813 2466 1864 Syntagmate

1508 1878 1655 1914 Rerum
1678 1875 2005 1915 Germanicarum
2029 1874 2174 1914 Christ.
2197 1875 2332 1914 Franc.
2357 1874 2468 1914 Paul-

1510 1937 1575 1975 lini
1609 1948 1694 1987 pag.
1726 1938 1775 1975 69

1562 1999 1734 2037 loannes
1764 1998 1996 2037 RHAGIUS.
2026 1999 2151 2037 Natus
2180 2002 2243 2036 est
2271 1997 2468 2037 Summer-

1509 2059 1638 2112 felcloe
1664 2061 1699 2097 in
1726 2061 1883 2099 Lusatia
1916 2060 2126 2107 inferiore,
2152 2058 2256 2098 unde
2277 2069 2321 2097 se
2344 2057 2468 2097 AEsti-

1510 2122 1763 2173 campianum
1792 2122 1964 2159 vocavit.
2003 2119 2113 2166 Quod
2144 2130 2234 2158 cum
2269 2121 2470 2158 nescii-‘ent

1510 2184 1716 2222 Gesnerus
1745 2188 1785 2220 et
1815 2182 2036 2228 Simlerus,
2061 2193 2108 2219 ex
2138 2191 2215 2220 uno
2239 2180 2340 2219 duos
2370 2180 2471 2219 fece·

1511 2249 1630 2293 runt,
1655 2245 1715 2282 J0.
1741 2243 1936 2295 Rhayz‘um
1959 2241 2318 2293 AEslicampianum
2347 2245 2388 2279 et
2409 2241 2469 2279 .Ιο.

1509 2305 1781 2358 Sommerfeld.
1812 2307 1961 2344 Nomen
1987 2304 2134 2355 gentile
2161 2304 2234 2353 ipsi
2261 2303 2333 2341 fuit
2356 2299 2467 2350 nale,

1512 2368 1616 2419 quod
1649 2368 1832 2406 Sorabice
1864 2367 2066 2406 Cancrum
2095 2364 2282 2412 denotat,
2311 2375 2359 2403 ex
2389 2375 2468 2414 quo

1515 2431 1577 2469 ille
1608 2428 1810 2480 Rlzciyium
1840 2429 1943 2475 lecit,
1964 2429 2048 2475 sic,
2079 2431 2122 2466 ut
2152 2437 2294 2464 nomen
2325 2436 2467 2464 verum

1511 2493 1575 2529 vix
1607 2501 1799 2542 agnoscas
1828 2491 1875 2539 a).
1905 2491 2030 2530 Natus
2059 2493 2122 2527 est
2144 2499 2207 2527 an.
2235 2486 2351 2526 4460.
2374 2487 2467 2537 quia

1510 2555 1547 2592 in
1579 2553 1789 2603 Epitaphio
1820 2553 1963 2602 legitur
1991 2562 2052 2589 an.
2087 2550 2202 2590 4520.
2232 2548 2375 2588 aetatis
2404 2558 2464 2586 sc-

1511 2617 1713 2665 xagesimo
1743 2613 1983 2652 decessisse.
2027 2614 2082 2651 De
2123 2610 2338 2661 juventute
2377 2607 2466 2658 ejus
2508 2609 2518 2622 ‘

1509 2688 1647 2727 parum
1692 2680 1875 2721 constat,
1907 2675 1981 2712 nisi
2020 2672 2124 2723 quod
2171 2671 2265 2711 Phil.
2310 2669 2466 2709 Beroal-

1506 2738 1601 2776 dum
1627 2740 1662 2775 in
1688 2737 1796 2775 ltalia
1814 2735 2022 2774 docentem
2041 2734 2106 2773 diu
2127 2735 2225 2772 satis
2241 2730 2395 2771 audivit
2409 2730 2461 2778 b).

1505 2801 1645 2838 Docuit
1687 2798 1810 2835 bonas
1854 2797 2007 2835 litteras
2051 2807 2120 2846 per
2161 2804 2289 2834 annos
2317 2792 2461 2832 XXlll.

1503 2859 1605 2909 quod
1638 2863 1839 2897 testantur
1868 2857 1986 2895 verba
2011 2855 2237 2906 Epithaphii
2268 2854 2373 2893 illius
2401 2850 2460 2903 c):

1497 2928 1712 2965 Rhetoricen‚
1726 2926 1897 2965 Sephiam,
1913 2929 2025 2957 vatum
2049 2927 2266 2955 monumenta
2289 2922 2468 2964 professus,

1544 2978 1649 3007 Annis
1675 2977 1783 3014 vigint
1819 2975 1934 3015 plusve
1958 2975 2110 3005 minusve
2136 2973 2254 3004 tribus.

1495 3026 1670 3060 Danubius
1687 3049 1696 3063 ,
1725 3025 1860 3056 Rhenus
1885 3027 2048 3060 testatur,
2072 3027 2105 3054 et
2127 3023 2256 3060 Odere,
2279 3025 2312 3053 et
2335 3020 2449 3059 Albis,

1537 3076 1725 3114 spiraque,
1754 3081 1831 3104 cum
1856 3071 1955 3104 docta
1978 3072 2131 3111 sequana
2155 3070 2266 3102 Gallus
2290 3077 2388 3110 aqua.

1495 3219 1652 3261 Opusculi
1672 3227 1690 3250 a
1705 3218 1802 3250 Mich.
1819 3217 2079 3258 llempelossLips.
2099 3215 2191 3248 1580.
2206 3215 2235 3248 8.
2250 3215 2346 3254 editi)
2362 3224 2395 3256 p.
2409 3214 2461 3247 71.

1553 3279 1581 3305 ο,
1606 3271 1720 3300 Exstat
1741 3267 1829 3307 apud
1865 3269 2030 3299 Menciurn
2067 3266 2123 3298 lib.
2147 3265 2178 3296 ⁹2.
2204 3273 2277 3306 pag.
2305 3264 2355 3296 18.
2378 3266 2458 3297 Sue-

1496 3327 1574 3351 vum
1597 3322 1628 3350 et
1651 3320 1850 3349 senncrtum
1879 3318 1912 3348 in
1938 3315 2040 3349 Acad.
2064 3314 2196 3347 witteb.
