2533 4009
435 192 510 230 ¹³75

430 273 469 299 se
500 253 735 297 moderanda
767 249 982 288 come'tleret
1001 277 1007 284 .
1029 245 1170 295 de'ynus
1189 276 1196 293 ,
1218 245 1285 283 cul
1300 249 1384 282 tan-

428 331 546 372 quam
577 314 708 355 Helias
727 310 781 348 act
799 317 972 358 superna
1002 305 1250 354 mfiqraturus
1282 304 1386 344 Heli-

428 393 518 420 3050
546 371 734 423 (ligr-sputo
761 368 926 420 palli'ntn
955 366 1117 417 pietatis
1147 369 1188 403 et
1225 366 1386 416 yrate'ae

428 452 475 477 ac
495 448 599 488 praei
617 434 705 470 lura
731 430 962 468 meritorum
994 427 1222 466 indumenta
1253 426 1385 466 trade-

427 505 559 536 «νει-(ἰ,
589 499 624 532 et
654 494 691 530 in
720 504 761 530 se
790 489 1022 540 angyenrlns,
1062 492 1097 526 et
1131 488 1168 526 in
1207 488 1286 539 filio
1316 487 1386 525 dn—

422 555 653 609 plicomlns.
679 553 820 603 dt'ssnns
853 552 1014 602 inquam
1047 549 1107 588 hic
1125 549 1268 588 cm'ille
1289 549 1387 600 piis-

427 620 704 667 si'mns.paler
761 615 984 651 Honoratus
1044 615 1204 667 tanqam
1261 610 1386 649 Moise

420 678 546 730 primi
586 675 724 727 populi
768 674 925 725 primns
964 673 1152 725 princeps
1197 670 1389 710 (luctandi

421 751 497 790 per
525 739 719 776 desertum
754 735 916 775 Israelis
957 734 1075 785 leyen}
1112 734 1315 778 traderet,
1353 737 1390 770 et

426 801 544 852 qnasi
568 799 787 850 fortissimo
811 798 906 835 Jcset
933 796 1043 834 Nave
1062 795 1131 846 pia
1155 796 1249 832 iura
1281 798 1390 831 tran-

425 861 656 912 ssnnderet,
700 858 816 897 electo
846 858 984 908 ulique
1013 869 1060 895 ac
1090 856 1188 894 satis
1223 854 1389 906 probato

425 922 496 973 qni
522 934 683 959 sacrum
715 920 768 958 ad
794 919 993 971 promissa
1026 918 1208 956 caelestia
1233 929 1393 968 promo-

425 987 536 1023 veret
557 1013 564 1029 ,
595 995 642 1020 ac
670 984 912 1034 peren-{seret
940 980 1160 1018 erm-citum
1184 983 1254 1017 etc.
1276 980 1393 1034 Dina-

430 1047 534 1084 niius
560 1046 751 1083 Patricius
776 1044 824 1080 de
851 1044 931 1079 vila
970 1044 1008 1079 S.
1039 1042 1197 1080 Maximi
1222 1069 1229 1086 ‚
1261 1043 1394 1077 tantus

428 1118 523 1144 vero
570 1104 707 1155 fervor
738 1104 776 1141 in
807 1115 848 1141 eo
885 1103 1042 1151 extitit,
1095 1106 1140 1139 ut
1179 1105 1391 1152 antequam

431 1167 688 1204 monasticam
735 1164 895 1204 vivendi
935 1163 1113 1214 re‘qularn
1163 1162 1394 1214 compleoeus

433 1233 533 1266 esset
562 1227 625 1266 vel
652 1227 819 1278 mystica
849 1226 1055 1271 instituta,
1078 1226 1159 1263 iam
1182 1235 1395 1263 conversa-

437 1290 536 1327 tione
562 1289 808 1340 praecipuus
844 1288 1074 1335 videretur,
1105 1298 1153 1325 ac
1187 1285 1325 1325 clezncle
1354 1287 1394 1324 S.

431 1353 631 1390 Ilonorato
663 1350 863 1388 decessori
888 1361 959 1387 suo
988 1349 1153 1387 summis
1177 1345 1395 1386 vzrtntibus

430 1411 713 1457 ornatissimo,
758 1410 830 1461 qni
871 1409 951 1448 illic
994 1408 1128 1448 Abbas
1166 1408 1328 1460 fuerat,
1362 1412 1399 1446 et

432 1471 576 1510 honore
617 1471 843 1510 succederet
886 1475 921 1509 ct
957 1471 1107 1509 meritis
1150 1473 1395 1521 aequaretur

433 1537 502 1571 etc.
530 1534 611 1580 Ego
637 1535 816 1571 llinamio
841 1532 986 1571 accedo
1011 1538 1050 1570 et
1075 1543 1168 1570 cum
1193 1544 1238 1570 eo
1262 1532 1397 1569 home-

433 1595 524 1632 liam
553 1594 600 1631 (le
626 1596 663 1631 S.
686 1596 853 1632 Maximo
876 1623 886 1640 ,
916 1595 955 1632 S.
980 1595 1123 1631 Fausto
1152 1594 1293 1631 tribuo.
1326 1595 1394 1631 Ba-

433 1657 569 1693 ronius
596 1657 630 1691 in
659 1656 904 1704 Martyrolng.
937 1655 979 1692 V.
1007 1655 1088 1692 Kal.
1106 1654 1335 1691 Decembris
1356 1655 1393 1692 S.

432 1716 628 1754 Eucherio
665 1716 921 1765 Lugdunensi
961 1727 1099 1765 parum
1131 1715 1394 1753 considerate.

435 1777 508 1822 Qui
535 1780 639 1813 enim
667 1777 747 1815 [ieri
772 1782 929 1826 potest,
953 1781 995 1814 ut
1019 1778 1208 1826 Prospero
1238 1787 1398 1814 succes-

436 1840 532 1876 serit
566 1840 783 1881 Maximus,
817 1843 856 1875 ct
887 1838 935 1875 de
974 1839 1143 1876 Maximo
1187 1837 1396 1876 homeliam

439 1899 576 1936 fecerit
603 1899 851 1942 Eucherius,
881 1910 972 1936 cum
1005 1899 1230 1937 Eucherius
1261 1900 1400 1936 obierit

436 1960 712 1998 Valentiniano
739 1960 804 1997 lll.
824 1965 862 1996 et
884 1961 1073 1997 Martiano
1092 1959 1398 2008 lmperantibus.

438 2021 671 2059 Gennadius
695 2032 727 2058 e.
770 2020 831 2057 03.
865 2019 913 2057 de
939 2022 1034 2057 viris
1073 2020 1254 2057 illustrib.
1289 2021 1401 2057 Pros-

438 2093 533 2132 pero
576 2087 615 2119 et
654 2083 821 2120 Maximo
864 2082 1160 2132 superstitibus.
1208 2082 1400 2119 Bai-onius

440 2155 475 2182 a.
498 2144 644 2182 Clu-isti
670 2143 760 2181 1466.
781 2148 820 2180 et
844 2140 1095 2181 Marcellinus
1127 2145 1162 2179 in
1194 2142 1399 2180 Chronico.

494 2206 581 2242 XX.
620 2203 683 2241 Ait
720 2203 933 2252 sororium)
969 2203 1057 2241 add.
1094 2208 1134 2241 et
1170 2204 1194 2241 l.
1221 2204 1255 2240 6.
1281 2214 1313 2240 c.
1337 2203 1398 2241 31.

443 2265 648 2304 Saresber.
673 2265 850 2314 Policrat.
883 2265 907 2302 l.
938 2265 972 2302 6.
1003 2276 1036 2303 0.
1069 2266 1131 2303 18.
1161 2264 1398 2302 Gervasium

441 2327 763 2365 Tilleberiensem
789 2326 813 2364 l.
837 2327 873 2365 2.
911 2337 945 2365 0.
979 2326 1041 2364 31.
1075 2331 1115 2364 et
1139 2325 1309 2364 Aimoini
1333 2336 1401 2375 ap-

438 2388 541 2439 pend
569 2388 631 2426 lib.
657 2388 694 2426 5.
715 2398 750 2425 0.
775 2388 813 2425 8.

493 2451 599 2489 XXI.
625 2461 661 2500 p.
688 2450 777 2488 168.
813 2455 896 2488 not.
923 2448 1162 2499 Narbonem)
1189 2450 1280 2488 add.
1306 2449 1398 2487 milii

442 2511 597 2562 plaudo,
624 2511 728 2561 quod
759 2512 1014 2561 coniecturae
1042 2524 1152 2550 meae
1187 2511 1404 2562 adstipula-

442 2580 504 2612 tor
531 2573 693 2612 accedat
725 2574 900 2623 Scaliger
929 2573 1130 2612 animadv.
1163 2575 1200 2611 in
1238 2565 1400 2613 Eusebii

442 2635 587 2674 chron.
620 2636 911 2674 lDCCCXCYI.

497 2698 641 2735 XXlll.
663 2698 756 2736 ΞΜ.
779 2698 952 2748 Piusque
973 2697 1173 2749 princeps)
1198 2698 1287 2736 add.
1315 2700 1405 2737 Pro-

444 2770 534 2809 sper
563 2759 695 2809 Aquit.
726 2759 775 2797 de
803 2759 991 2809 praedict.
1022 2761 1089 2798 Dei
1127 2765 1228 2810 part.
1255 2762 1290 2799 3.
1317 2771 1406 2811 pro-

447 2822 558 2858 miss.
588 2821 652 2859 38.

620 2883 671 2920 Et
701 2882 798 2921 haec.
829 2883 989 2932 quidem
1022 2883 1232 2922 hactenus.

503 2943 762 2983 SlFFfflDUS
791 2943 838 2982 (le
853 2944 1000 2991 Arena,
1019 2946 1155 2992 ltalus,
1173 2944 1268 2984 Ord.
1294 2946 1407 2983 Prae-

451 3004 682 3051 dicatorum,
709 3006 851 3044 claruit
876 3018 910 3045 a.
949 3007 1064 3045 4270.
1090 3012 1130 3044 ct
1160 3007 1320 3056 scripsit
1343 3017 1408 3044 su-

448 3075 524 3113 per
549 3069 628 3103 tres
652 3070 865 3106 nocturnos
891 3067 1084 3107 Psalterz'i
1105 3072 1141 3106 et
1161 3078 1282 3119 super
1307 3068 1409 3107 Can-

458 3131 577 3163 licum
594 3128 831 3178 ‚llassni'ficat
852 3133 932 3168 lac.
956 3131 1092 3176 Quetif
1118 3131 1167 3168 de
1204 3131 1410 3180 Scriptori-

454 3184 528 3222 bus
556 3187 649 3224 Ord.
681 3191 997 3231 l’raedioatorum
1024 3197 1117 3231 tom.
1158 3194 1183 3230 l.
1208 3203 1294 3242 pag.
1320 3193 1410 3231 259

459 3244 658 3284 Altamura
692 3262 726 3297 p.
758 3251 821 3288 25.

1181 173 1662 226 sionnanTus

1512 241 1779 287 SIFFRlDUS,
1804 243 1922 294 vulgo
1952 244 2161 294 presbyter
2192 243 2412 291 Misnenszs‚

1461 305 1603 343 melius
1643 302 1863 342 monachus
1891 305 2115 353 Misnensis,
2147 307 2263 354 prout
2299 314 2416 343 voca-

1460 371 1525 403 tur
1556 367 1594 402 in
1633 364 1778 403 Codice
1818 364 1894 403 MS.
1932 365 2170 404 Academiae
2201 365 2417 414 Lipsiensis

1461 430 1563 463 toste
1588 425 1773 474 Catalogo
1798 425 2013 465 Felleriano
2041 439 2078 477 p.
2109 427 2198 465 314.
2237 426 2418 464 Possevi-

1463 499 1538 526 nus
1562 487 1735 526 eundem
1759 486 1886 524 ordini
1927 488 2248 526 Praedicatorum
2279 496 2420 525 accen-

1461 554 1548 597 set3
1579 552 1686 589 recte
1716 547 1891 598 quidem.
1928 549 2024 586 Nam
2051 550 2088 586 in
2115 549 2211 588 urbe
2242 549 2418 594 misena,

1463 610 1568 650 unde
1600 621 1744 647 nomen
1776 610 1924 659 regioni
1969 611 2181 656 Misnicae‚
2221 614 2421 648 monaste-

1463 674 1564 710 rium
1591 670 1713 719 hujus
1733 670 1883 709 ordinis
1907 671 2006 719 fuit,
2029 670 2135 720 quod
2159 670 2276 709 hodie
2301 670 2423 710 Scho-

1463 734 1521 772 lae
1551 732 1770 783 oppidanae.
1811 733 1992 769 inservit.
2033 732 2199 782 Scripsit.
2236 732 2424 782 Compen-

1464 794 1574 832 ‹lz'nm
1596 793 1861 832 historiarum
1885 805 1911 831 a
1931 795 2128 831 creatione
2147 791 2286 831 mundi
2298 803 2423 843 usque

1465 855 1519 893 ad
1537 866 1686 893 animm
1709 855 1826 893 1307.
1852 854 1986 894 Codex
2012 853 2087 892 MS.
2105 857 2238 892 exstat
2261 855 2298 892 in
2325 853 2423 893 Bibl.

1467 918 1584 967 Regia
1620 916 1848 964 Dresdensi,
1888 921 1970 954 tres
2005 916 2069 954 alii
2092 916 2129 953 in
2166 915 2340 954 Paullina
2364 916 2423 954 Li-

1466 980 1641 1030 psiensis
1668 989 1759 1016 nam
1785 989 1886 1028 opus
1908 978 2038 1028 ipsum
2083 977 2160 1016 huc.
2205 987 2332 1026 usque
2366 981 2429 1027 ty-

1468 1043 1529 1091 pis
1561 1051 1800 1090 expressum
1833 1050 1909 1077 non
1941 1044 2016 1078 est.
2049 1038 2252 1091 Epitomen
2280 1050 2330 1077 ex
2365 1038 2429 1077 illo

1468 1103 1516 1141 ab
1547 1114 1583 1140 a.
1609 1102 1651 1140 C.
1677 1101 1768 1140 1258.
1793 1101 1842 1139 ad
1869 1093 2205 1152 4307ssGeorgius
2229 1099 2432 1138 Fabricius

1471 1163 1696 1203 Annalibus
1727 1163 1837 1201 urbis
1861 1163 2011 1201 Misnae
2033 1163 2137 1212 Lips.
2160 1160 2263 1201 1569
2289 1160 2326 1199 [ι.
2350 1159 2433 1217 edi-

1467 1227 1518 1263 tis
1543 1224 1753 1275 subjunxit
1778 1235 1814 1273 p.
1847 1223 1938 1262 273-
1971 1224 2183 1275 repetitam
2218 1221 2362 1261 deinde
2392 1222 2431 1259 in

1470 1287 1641 1326 Saxonia
1674 1286 1884 1333 illustrata,
1919 1287 1982 1324 eui
2008 1286 2128 1324 etiam
2166 1284 2309 1323 titulus
2338 1283 2435 1322 Ger—

1470 1349 1624 1387 maniae
1657 1358 1823 1396 magnae
1841 1346 1960 1386 datus
1989 1350 2066 1394 est,
2097 1346 2182 1385 Vol.
2212 1346 2265 1385 11.
2291 1356 2328 1396 p.
2356 1345 2424 1384 141

1469 1421 1583 1460 porro
1616 1411 1652 1447 in
1677 1409 1946 1458 scriptoribus
1978 1420 2110 1448 rerum
2140 1408 2274 1447 Germ.
2305 1406 2352 1445 Jo
2375 1408 2436 1446 Pi-

1470 1472 1578 1509 storii
1610 1475 1705 1508 tom.
1736 1470 1763 1507 l.
1796 1482 1830 1520 p.
1862 1470 1949 1508 682.
1978 1470 2228 1508 eteditionis
2249 1470 2432 1508 Struvia-

1471 1545 1543 1571 nae
1569 1545 1605 1583 p.
1625 1533 1716 1570 7³53.
1743 1533 1883 1570 Ericus
1906 1532 2132 1578 Benzelius‚
2156 1542 2261 1570 nunc
2295 1531 2427 1581 Episc.

1467 1595 1808 1644 Gothoburgensis
1836 1604 1940 1632 anno
1970 1594 2070 1631 1698
2091 1593 2194 1631 hanc
2214 1591 2429 1630 editionem

1468 1657 1736 1694 Fabricianam
1762 1666 1811 1692 ex
1845 1654 1988 1692 Codice
2020 1654 2212 1704 Lipsiensi
2259 1652 2433 1703 locuple-

1472 1718 1611 1753 tiorem
1634 1715 1815 1763 reddidit,
1838 1715 1942 1765 quod
1962 1715 2168 1764 exemplar
2182 1713 2334 1752 Gothae
2346 1723 2433 1764 pos-

1474 1777 1576 1815 sidet
1596 1778 1695 1815 Max.
1718 1778 1813 1815 Rev.
1838 1777 2037 1815 Ernestus
2055 1775 2238 1815 Salomon
2270 1774 2434 1825 Cypria-

1475 1850 1562 1876 nus.
1594 1838 1690 1876 Vide
1714 1839 1772 1875 Jo.
1816 1840 1914 1876 Dav,
1955 1837 2162 1876 Selireberi
2196 1837 2325 1875 Vitam
2361 1836 2432 1874 Ge.

1475 1899 1636 1937 Fabricii
1666 1911 1700 1949 p.
1732 1900 1822 1938 237.
1848 1900 1937 1937 ⁶238.
1964 1898 2075 1937 Adde
2100 1900 2186 1937 Jao.
2222 1898 2359 1944 Quetif
2383 1897 2432 1937 de

1475 1959 1740 2010 Scriptoribus
1763 1961 1857 2000 Ord.
1881 1966 1976 1999 tom.
2001 1962 2026 1998 l.
2049 1972 2087 2011 p.
2115 1960 2203 1999 743.
2229 1959 2433 1999 Oudinum

1475 2025 1581 2058 tomo
1612 2022 1678 2059 lll.
1707 2033 1743 2070 p.
1775 2021 1866 2059 667.

1528 2082 1784 2122 SlFFRllJUS
1814 2085 1951 2132 Teuto,
1981 2083 2074 2122 Ord.
2099 2084 2430 2130 praedicatorum,

1474 2145 1696 2194 Episcopus
1725 2146 1919 2195 Cyrcnsis
1943 2151 1982 2184 et
1999 2145 2229 2184 Theoderici
2248 2145 2432 2195 Archiep.

1475 2207 1791 2255 Moguntinensis
1838 2208 2147 2258 Sum-agamus,
2185 2207 2431 2256 Theologus,

1477 2266 1632 2316 linguae
1661 2269 1780 2305 ctiam
1812 2269 2024 2307 Hebraicae
2055 2270 2233 2318 peritus,
2263 2268 2368 2305 circa
2397 2277 2432 2305 a.

1478 2328 1591 2366 1159.
1623 2329 1756 2367 Edidit
1781 2329 2134 2368 Determnzatz'ones
2156 2327 2259 2367 duas
2281 2327 2337 2366 ad
2357 2326 2435 2366 Ar-

1477 2388 1764 2441 cln'praesulem
1789 2392 1960 2441 Moyunt.
1986 2393 2018 2430 1.
2045 2402 2100 2429 an
2141 2389 2328 2441 Princeps
2358 2389 2435 2429 Ca-

1477 2450 1642 2490 tholtcus
1668 2452 1794 2503 possit
1810 2455 2018 2503 proteyere
2036 2451 2099 2492 vel
2115 2451 2345 2504 permittere
2364 2451 2435 2489 Ju—

1478 2512 1588 2551 daeis
1623 2513 1851 2564 reli'yionem
1890 2514 2116 2553 emercere?
2151 2515 2187 2553 2.
2227 2524 2282 2552 an
2312 2511 2438 2565 possit

1479 2573 1655 2613 inhibere
1699 2575 1999 2614 matrimonium
2045 2574 2215 2614 liberum
2255 2574 2342 2614 s'uis
2369 2584 2436 2613 su-

1479 2635 1617 2686 bJectis
1645 2635 1700 2674 ad
1729 2635 1870 2675 bonum
1894 2634 2438 2688 princzpatusPResponsio-

1478 2708 1546 2736 nes
1560 2699 1651 2736 item
1671 2697 1725 2736 ad
1734 2702 1911 2749 quatuor
1927 2698 2176 2750 quaestiones
2188 2701 2260 2738 etc.
2277 2699 2454 2738 Utrum-¹

1481 2771 1559 2809 que
1596 2761 1835 2809 opuseulum
1879 2771 2074 2800 excusum
2104 2765 2167 2800 est
2206 2761 2245 2798 in
2285 2761 2319 2799 4.
2351 2761 2437 2798 sine

1481 2822 1682 2859 mentione
1712 2823 1804 2860 anni
1835 2827 1875 2860 et
1905 2822 1989 2861 loci.
2015 2823 2224 2863 Sermones
2243 2827 2283 2861 et
2308 2820 2438 2862 Colla-

1482 2882 1603 2921 tiones
1630 2883 1718 2934 ejus
1759 2895 1838 2922 non
1876 2888 1972 2923 sunt
2009 2885 2239 2936 impressae.
2282 2883 2438 2923 Trithe-

1483 2946 1587 2982 mius
1618 2944 1666 2983 de
1707 2945 1851 2996 Script.
1893 2946 2048 2984 Eccles.
2077 2956 2113 2984 0,.
2142 2947 2233 2985 831.
2263 2945 2312 2984 de
2341 2945 2437 2983 viris

1484 3006 1626 3044 illustr.
1667 3005 1902 3045 Germaniae
1934 3019 1970 3058 p.
2008 3006 2072 3046 27.
2102 3008 2182 3046 Jac.
2227 3006 2364 3053 Quetif
2388 3005 2438 3045 de

1484 3069 1626 3119 Seript.
1661 3068 1753 3107 Ord.
1794 3068 2111 3108 Praedicator-um
2157 3073 2186 3107 t.
2221 3067 2250 3107 1:
2281 3080 2317 3119 p.
2347 3068 2436 3107 820.

1485 3130 1690 3169 Altamura
1721 3142 1746 3180 p
1790 3132 1879 3169 195.
1917 3130 2100 3169 Oudinus
2130 3135 2156 3169 t.
2186 3130 2251 3168 111.
2282 3141 2318 3180 p.
2349 3128 2436 3166 668.

1486 3193 1552 3242 qui
1577 3193 1681 3231 hunc
1701 3193 1801 3230 male
1821 3191 2031 3243 Szffridum
2052 3191 2099 3231 de
2118 3190 2251 3230 Arena
2282 3194 2409 3228 vocat.

1541 3254 1848 3292 SIGEBERTUs‘
1880 3255 1969 3292 Plus
1985 3254 2230 3304 cognomine,
2248 3252 2329 3291 Rex
2353 3250 2439 3289 Ori-
