2533 4009
429 249 504 288 :ii-2

424 319 592 358 senhorn
618 346 625 363 ‚
655 310 928 357 Ileidolbergac
959 304 1060 355 apud
1093 305 1193 341 llier.
1224 304 1364 342 Come-

425 383 545 420 linum
598 374 709 415 1587.
752 370 816 408 fol.
866 366 1027 405 Londini
1075 365 1198 404 4585:
1234 366 1269 402 8.
1315 375 1358 402 ex

426 441 650 480 recensione
679 435 774 471 Dav.
805 429 967 468 Porelli..

475 504 509 539 6.
540 497 712 538 I‘rosaica
737 493 791 531 De
815 487 1064 529 admirandis
1092 487 1252 526 secretis
1275 486 1358 526 Cal—

421 561 597 613 lopismi:
627 558 677 594 De
706 550 924 592 nominibus
954 549 1177 601 corruptis:
1212 548 1366 587 Oratio-

420 635 484 661 nes
529 617 717 672 s'imebres
747 623 783 654 ec
816 612 1036 665 nuptiales:
1069 613 1282 652 Commeat.
1329 610 1368 648 in

419 683 636 735 Spleaeram
665 680 723 716 J0.
754 677 799 715 de
821 673 1087 715 Sacrobosco:
1115 675 1168 712 Del
1193 676 1280 710 arte
1311 671 1368 710 di-

420 744 607 785 cinatrice
631 741 885 791 antiquorum
918 736 1013 776 libri
1036 737 1067 776 X
1076 737 1132 775 VI.
1162 736 1214 774 De
1246 735 1366 772 Fato:

420 805 661 846 lui-ectivae:
691 801 876 852 Di'ctlogyiis
893 799 947 838 ad
963 799 1174 839 liebertum
1204 796 1369 836 Malate-

415 874 541 909 stain:
584 868 644 905 hic
686 867 906 916 impressus
938 864 974 900 in
1011 864 1086 901 linc
1118 862 1215 899 haec
1247 859 1368 898 verba

415 930 612 970 ostendit:
659 927 729 966 Ea:
773 925 916 977 Rheqio
949 924 1141 976 Lryustico
1188 921 1370 960 Ponticus

419 993 604 1031 Virunius
649 991 826 1041 impensa
874 993 910 1028 et
955 984 1242 1026 torcularibus.
1271 984 1367 1023 suis.

420 1057 532 1095 1508.
563 1057 597 1093 4.
628 1052 843 1103 Respondit
872 1062 1030 1102 quoque
1060 1048 1268 1087 Plinianae
1307 1046 1371 1085 de-

411 1119 577 1171 fensioni
618 1117 836 1166 Pandulphi
872 1114 1106 1161 Collenutii‚
1136 1117 1275 1151 contra
1310 1111 1372 1150 Ni—

414 1183 508 1222 colai
536 1181 741 1220 Leonieeni
780 1184 819 1216 et
848 1178 1015 1217 aliorum
1044 1175 1282 1215 Medicorum
1311 1184 1373 1211 er-

418 1256 526 1284 rores
570 1256 605 1282 a.
644 1243 773 1289 1491,
804 1240 907 1292 quod
952 1244 1126 1278 testatur
1170 1237 1372 1276 Fabricius

416 1312 550 1345 noster
592 1311 685 1343 tom.
733 1305 760 1342 I.
807 1314 892 1354 pag.
938 1302 1028 1340 369.
1072 1301 1138 1351 qui
1183 1307 1374 1349 expresse

419 1369 700 1408 Bellunensem
734 1370 861 1403 vocat.

473 1432 509 1469 7.
544 1430 711 1468 poetica.
739 1426 796 1465 De
825 1425 988 1464 miseria
1008 1423 1214 1462 literarum
1240 1420 1304 1460 lib.
1322 1421 1375 1458 ΙΙ.

422 1493 650 1544 Eleqiarum
681 1495 716 1529 ei
739 1490 1080 1541 Epiyrammatum
1098 1497 1161 1537 qr.
1192 1485 1256 1524 lat.
1283 1482 1376 1523 libri

424 1558 483 1594 [Γ.
501 1553 698 1607 Epistolae
720 1563 893 1602 {sraecae
910 1554 944 1589 et
960 1549 1105 1588 latinae
1119 1548 1173 1587 ad
1186 1547 1374 1586 diversos.

472 1620 673 1657 Debentur
705 1616 799 1653 haec
828 1615 958 1651 omnia
989 1613 1117 1650 Diario
1143 1611 1274 1649 italico
1305 1609 1378 1647 Vc—

421 1687 512 1719 ncto
538 1686 641 1718 tomo
668 1678 808 1717 xxiv.
834 1688 919 1726 pag.
947 1676 1034 1714 335.
1062 1673 1250 1723 scqq.cui
1276 1669 1376 1709 adde

421 1743 634 1781 Siinlerum
683 1745 723 1777 et
766 1737 973 1775 Whartoni
1017 1734 1289 1786 Appendicem
1329 1730 1378 1769 ad

422 1806 613 1844 Caveum.
656 1803 891 1840 Niceronem
924 1805 1030 1838 tomo
1061 1798 1159 1837 VIII.
1191 1808 1277 1849 pag.
1316 1794 1381 1834 23.

419 1867 690 1919 ,Ippcndicem
724 1864 930 1903 Trithemii
954 1896 963 1912 ,
994 1874 1026 1900 c.
1058 1864 1118 1901 11.

469 1932 489 1952 ¹*
518 1931 577 1967 Ex
609 1928 716 1965 libris
749 1927 821 1963 viri
847 1925 966 1963 huius
993 1924 1094 1962 docti
1119 1923 1242 1961 habeo
1267 1919 1370 1972 apud

420 2006 482 2031 me
525 1993 718 2029 omissum
761 1988 822 2026 hic
866 1998 885 2025 a
929 1985 1228 2024 bibliothecario
1259 1981 1374 2022 Liba-

419 2055 525 2093 nium
569 2053 614 2091 (Ie
652 2050 760 2090 niodo
793 2047 1056 2100 epistolandi,
1082 2060 1130 2085 ex
1163 2048 1312 2085 Graeco
1342 2058 1380 2084 in

421 2119 588 2156 latinum
615 2127 684 2166 pcr
708 2112 1086 2151 excellentissimum
1111 2111 1240 2148 virum
1265 2110 1374 2147 Dom.

422 2181 623 2218 Ponticum
670 2177 904 2218 Virunium‚
950 2175 1191 2224 impressum
1231 2172 1373 2221 Papiae

419 2254 486 2292 per
515 2241 632 2279 Jacob
657 2239 704 2276 de
726 2239 860 2289 paucis
883 2236 1014 2286 drapis
1036 2235 1084 2273 de
1109 2237 1236 2284 Burgo
1255 2235 1374 2272 Fran-

418 2315 462 2342 co
491 2316 554 2341 an.
586 2302 684 2340 *1504
716 2300 778 2339 die
826 2301 885 2338 15.
917 2299 1043 2337 Martii
1076 2298 1111 2334 in
1144 2296 1181 2335 [ι.
1220 2296 1374 2334 Versio-

418 2367 478 2403 nis
507 2365 625 2403 huius
657 2363 835 2401 meminit
866 2361 1122 2406 Niceronius,
1149 2357 1218 2395 sed
1251 2358 1375 2395 Vene-

419 2434 480 2466 tae
510 2426 693 2464 editionis
723 2426 766 2463 Α.
804 2424 917 2462 1625.
947 2433 1067 2472 quam
1099 2431 1194 2458 vcro
1221 2420 1283 2458 hic
1305 2431 1374 2469 ego

421 2490 587 2527 indicavi
621 2488 787 2537 priorem
827 2496 915 2524 csse
959 2487 1119 2522 constat
1147 2487 1187 2520 ct
1214 2481 1261 2520 ab
1292 2483 1375 2533 ipso

417 2557 577 2591 auctore
607 2554 802 2589 curatam.
836 2548 856 2570 ³*

471 2610 886 2653 I'ONTINIACENSIS
911 2609 1141 2648 monasterii
1160 2637 1167 2654 ‚
1185 2607 1376 2645 dioecesis

419 2675 775 2715 Autissiodorensis
793 2703 800 2720 ‚
821 2673 987 2711 Historia
1003 2671 1107 2709 edita
1129 2674 1191 2708 cst
1216 2671 1252 2707 in
1277 2668 1377 2707 The-

417 2750 530 2777 sauro
556 2748 657 2775 novo
679 2735 973 2774 Anecdotorum
998 2733 1111 2772 Edm.
1140 2733 1315 2770 Martene
1335 2735 1375 2768 et

420 2802 547 2840 IJrsini
578 2797 734 2838 Durand
768 2802 873 2835 tomo
906 2795 970 2835 III.
1002 2807 1040 2845 p.
1073 2795 1188 2834 4221.

474 2866 520 2901 M.
540 2859 752 2901 PONTIUS
771 2859 819 2897 de
841 2860 881 2898 S.
906 2857 1061 2909 AEyidio
1081 2886 1088 2904 ,
1105 2857 1237 2895 nescio
1261 2856 1350 2905 quis
1369 2885 1376 2903 ,

420 2926 486 2963 scd
535 2925 776 2975 professione
821 2920 1015 2966 Medicus,
1059 2919 1174 2957 cuius
1220 2917 1377 2956 libellus

422 2988 466 3025 cle
485 2986 593 3025 curis
618 2984 788 3023 omnium
808 2980 1102 3033 aeqritudinum
1124 2980 1274 3030 Lipsiae
1299 2978 1373 3016 MS.

423 3051 458 3086 in
490 3049 582 3087 Bibl.
615 3048 799 3086 Paullina.
832 3045 926 3083 Vide
955 3043 1189 3094 Catalogum
1234 3040 1375 3079 Felleri

427 3123 509 3159 pag.
539 3110 628 3149 275.

479 3172 704 3217 PONTIUS,
736 3171 827 3209 Afer
852 3169 985 3221 procul
1010 3167 1126 3206 dubio
1147 3198 1155 3215 ‚
1180 3166 1376 3204 Diaconus

427 3234 783 3281 Carthaginiensis,
805 3231 990 3282 Cypriani
1012 3239 1145 3268 comes
1161 3227 1374 3271 assiduus,

431 3305 465 3329 in
498 3294 577 3340 ipso
601 3304 754 3341 quoquo
784 3294 898 3330 exilio
922 3297 960 3328 et
983 3292 1182 3339 martyrio.
1209 3289 1371 3338 Scripsit

438 3354 556 3391 Vicum
601 3353 808 3401 (ffqpriani.
840 3365 937 3401 qnae
971 3353 1133 3390 habetur
1162 3351 1263 3401 apud
1296 3352 1366 3388 Su-

1246 228 1569 270 PONTIUS

1439 301 1540 338 rium
1588 298 1720 337 (1.1Ιι.
1761 299 1867 350 Sept.
1895 304 1935 339 et
1975 299 2160 351 operibus
2206 298 2392 348 Cypriani

1438 361 1594 411 adjungi
1617 360 1728 399 solet.
1759 360 1903 400 Confer
1923 362 2021 401 Acta
2051 362 2123 401 SS.
2149 360 2279 399 Martii
2301 363 2394 399 tom.

1442 423 1470 461 I.
1500 435 1539 474 p.
1567 422 1658 461 750.
1687 422 1864 461 Caveum
1887 428 1927 462 et
1955 424 2064 463 alios.

1494 483 1711 524 PONTIUS
1731 481 1776 522 de
1792 483 1992 523 Baladuno
2008 486 2168 537 scripsit
2190 484 2400 524 historiam

1440 548 1713 594 Francorum,
1744 545 1814 597 qui
1841 551 2028 597 ceperunt
2047 547 2289 587 Jerusalem.
2319 546 2398 586 MS.

1443 612 1481 648 in
1512 609 1612 648 Bibl.
1640 608 1756 659 Regia
1790 608 1977 646 Parisina.
2000 610 2120 648 Bern.
2142 609 2190 648 de
2210 608 2401 649 Montfau-

1450 683 1521 710 con
1553 671 1650 709 Bibl.
1680 669 2012 709 Bibliothecarum
2042 672 2138 710 MSt.
2169 683 2254 722 pag.
2287 671 2400 710 1013.

1497 733 1713 773 PONTIUS
1733 730 1778 769 de
1800 729 1971 769 Balmeto
1990 761 1998 779 ‚
2022 732 2222 772 Ecclesiae
2248 731 2403 783 Lugdu-

1445 797 1582 836 nensis
1612 795 1822 845 Magister,
1854 794 2185 833 poenitentiarius
2212 799 2254 833 et
2280 795 2406 834 Cano-

1444 861 1582 908 nicus‚
1607 869 1641 896 a.
1670 855 1784 896 1116.
1814 854 2040 893 Cartusiam
2066 855 2250 905 Majorevi
2267 856 2405 896 funda-

1444 922 1532 968 vit,
1563 924 1655 970 post
1685 929 1718 957 a.
1751 917 1866 957 1140.
1897 917 2122 968 Episcopus
2151 918 2406 966 Bellicensis,

1444 988 1536 1022 ante
1582 992 1681 1019 vero
1711 985 1750 1018 et
1779 983 1868 1030 post
1898 979 2070 1018 insulam
2100 979 2243 1018 ibidem
2275 991 2406 1019 mona-

1445 1048 1565 1085 chus:
1597 1043 1762 1094 scripsit
1791 1040 1837 1080 de
1873 1041 2133 1090 aeternitate,
2161 1040 2208 1081 de
2234 1041 2406 1081 vitandis

1445 1105 1709 1148 schismaticis
1726 1135 1736 1153 ,
1757 1104 1804 1144 de
1824 1115 1924 1155 pace
1960 1101 2226 1153 concilianda,
2249 1102 2294 1142 de
2322 1114 2410 1142 con-

1448 1173 1567 1208 temtu
1609 1167 1798 1208 vanitatis
1843 1164 1977 1205 seculi.
2021 1166 2109 1206 Car.
2142 1166 2220 1204 Jos.
2258 1165 2409 1204 Morotii

1448 1233 1664 1271 Theatrum
1686 1230 1868 1269 Chronol.
1894 1229 2044 1268 ordinis
2068 1229 2291 1268 Cartusiani
2322 1238 2409 1279 pag.

1447 1296 1511 1334 70.
1545 1295 1634 1333 230.

1502 1357 1714 1397 PONTIUS
1726 1353 1988 1396 Car-bonellus
2002 1385 2013 1404 ‚
2039 1353 2130 1393 vide
2147 1364 2265 1405 supra
2282 1356 2378 1392 tom.
2395 1354 2409 1392 Ι

1449 1432 1486 1471 p.
1517 1420 1603 1458 308.
1630 1424 1669 1457 et
1692 1417 1792 1457 adde
1813 1448 1821 1468 ,
1850 1428 1951 1468 quae
1977 1416 2025 1456 de
2051 1417 2134 1468 ipso
2158 1415 2306 1455 habent
2327 1416 2410 1455 Nic.

1449 1482 1663 1521 Antonium
1686 1481 1782 1519 Bibl.
1804 1481 1909 1531 Hisp.
1933 1480 2020 1518 Vet.
2037 1479 2136 1519 VIII.
2155 1477 2294 1519 malit.
2314 1477 2412 1517 Wil-

1452 1545 1505 1583 lot
1535 1545 1571 1581 in
1603 1543 1770 1582 Athenis
1800 1542 1968 1581 sodalitii
1995 1541 2242 1581 Franciscani
2265 1553 2301 1592 p.
2321 1540 2409 1580 312.

1506 1605 1739 1653 PONTIUS,
1764 1616 1811 1643 ex
1837 1603 2029 1643 monacho
2053 1602 2304 1642 Cisterciensi
2335 1602 2411 1641 Ab·

1453 1670 1522 1708 bas
1552 1670 1723 1720 primum
1753 1665 2079 1713 Grandissilvae,
2109 1669 2246 1716 postea
2275 1663 2411 1703 Clarae

1454 1731 1593 1778 vallis,
1618 1729 1779 1768 tandem
1803 1729 2026 1779 Episcopus
2055 1725 2412 1776 Claromontanus,

1456 1794 1558 1832 circa
1603 1803 1636 1831 a.
1669 1790 1785 1831 4472.
1814 1791 1908 1829 obiit
1939 1793 2028 1841 post
2059 1800 2094 1828 a.
2125 1788 2240 1829 1197.
2271 1790 2413 1829 Exstat

1457 1854 1543 1905 ejus
1571 1852 1747 1906 Epistola
1777 1852 1960 1891 notabilis
1989 1851 2038 1890 ad
2067 1853 2292 1891 Mauritium
2321 1852 2412 1902 Epi-

1448 1928 1612 1968 scopum
1645 1916 1907 1954 Parisiensem
1927 1945 1937 1963 ,
1969 1914 2073 1952 inter
2101 1914 2302 1965 Epistolas
2326 1914 2410 1953 Ste-

1446 1978 1565 2029 phani
1587 1977 1849 2016 Tornacensis
1870 1987 2036 2015 numero
2051 1976 2087 2014 3.
2104 1975 2186 2014 Car
2205 1974 2254 2015 de
2279 1974 2410 2015 Visch.

1446 2041 1544 2079 Bibl.
1575 2039 1667 2080 Ord.
1702 2039 1987 2079 Cisterciensis
2016 2049 2077 2089 po.
2108 2036 2198 2077 284.

1500 2101 1740 2149 PONTIUS,
1789 2100 1926 2139 Abbas
1969 2099 2017 2139 de
2060 2099 2261 2150 Melgueil‚
2304 2099 2409 2138 filius

1448 2166 1552 2203 Petri
1574 2164 1847 2215 Merguliensis
1865 2163 2030 2203 Comitis
2048 2161 2341 2212 Cluniacensis,
2361 2161 2410 2201 ab
2478 2211 2483 2216 ³

1446 2238 1548 2265 auno
1595 2226 1841 2266 1109-1125.
1873 2226 1984 2265 Duae
2028 2225 2115 2276 ejus
2145 2224 2342 2277 Epistolae
2370 2230 2410 2264 et

1447 2291 1603 2329 Statuta
1633 2289 1755 2328 edidit
1786 2289 1972 2328 Baluzius
1999 2288 2158 2327 Miscell.
2189 2288 2253 2327 lib.
2280 2290 2342 2328 Vl.
2372 2301 2408 2340 p.

1450 2353 1536 2391 497.
1568 2352 1664 2391 Vide
1696 2352 1745 2390 de
1776 2353 1859 2403 ipso
1889 2351 2057 2391 Galliam
2087 2350 2351 2390 Christianam
2380 2356 2409 2389 t.

1451 2416 1515 2454 IV.
1545 2428 1580 2466 p.
1609 2414 1725 2454 1131.

1502 2478 1712 2517 PONTIUS
1732 2506 1740 2525 ‚
1764 2476 1897 2516 Abbas
1916 2477 1954 2516 S.
1976 2475 2062 2515 Rufi
2080 2475 2117 2514 in
2133 2473 2257 2515 Gallia
2276 2504 2285 2524 ‚
2307 2476 2410 2514 circa

1449 2553 1483 2579 a.
1530 2539 1647 2579 1124.
1690 2541 1850 2590 scripsit
1893 2537 2110 2590 Epistolam
2139 2537 2186 2577 ad
2216 2537 2408 2578 Abbatem

1449 2606 1489 2641 et
1511 2606 1760 2641 conventum
1788 2602 2148 2640 Balmosiacensem
2165 2631 2177 2650 ,
2202 2601 2240 2638 in
2261 2611 2338 2650 qua
2361 2599 2409 2639 ad

1450 2665 1703 2715 quaestiones
1741 2663 1790 2702 ab
1820 2664 1917 2714 ipsis
1947 2663 2168 2713 propositas
2197 2660 2411 2712 respondet

1455 2727 1503 2765 de
1520 2726 1749 2777 quotidiano
1772 2724 1922 2775 jejunio
1940 2754 1948 2773 ,
1964 2724 2012 2763 de
2033 2724 2187 2763 silentio
2210 2725 2409 2772 continuo,

1450 2788 1498 2827 de
1530 2790 1607 2826 vini
1633 2788 1896 2835 abstinentia,
1926 2786 2054 2836 deque
2077 2786 2202 2825 laneis
2227 2784 2408 2824 vestibus

1451 2850 1756 2897 canonicorum,
1774 2849 1950 2888 coenobii
1967 2848 2314 2887 Calmasiacensis·
2333 2847 2412 2886 Ex-

1451 2917 1529 2950 stat
1558 2910 1659 2962 apud
1691 2912 1866 2950 Martene
1895 2914 1936 2949 ct
1965 2909 2139 2949 Durand.
2167 2909 2284 2948 Thes.
2307 2919 2409 2947 novo

1451 2973 1745 3012 Anecdotorum
1777 2976 1871 3010 tom.
1904 2973 1930 3010 Ι.
1962 2984 1999 3023 p.
2024 2972 2116 3011 359.
2186 3002 2188 3005 ,

1504 3034 1726 3083 PONTIUS,
1749 3034 1880 3073 Abbas
1903 3032 2210 3079 silviniacensis,
2235 3032 2284 3072 ab
2305 3042 2408 3072 anno

1453 3098 1691 3137 1121-1135.
1716 3098 1775 3136 cui
1802 3096 2050 3136 Mabillonius
2074 3100 2170 3134 tom.
2196 3095 2245 3133 11.
2265 3093 2404 3133 Annal.

1451 3158 1593 3198 Bened.
1638 3171 1674 3210 p.
1720 3159 1811 3198 385.
1839 3159 1976 3198 tribuit
2019 3158 2240 3197 Chronicon
2285 3154 2405 3192 breve

1452 3223 1638 3260 Abbatiae
1683 3221 1983 3260 Saviniacensis
2012 3220 2060 3259 ab
2088 3229 2190 3258 anno
2219 3215 2406 3254 809-827.

1448 3285 1550 3334 quod
1571 3286 1829 3322 conservavit
1851 3281 2044 3322 Claudius
2061 3277 2342 3329 Stephanotius
2368 3278 2405 3314 iti

1445 3347 1753 3397 Antiquitatibus
1783 3344 1874 3385 Ord.
1906 3344 1942 3381 S.
1976 3341 2170 3381 Benedicti
2201 3338 2398 3377 dioecesis
