2517 4009
886 243 1268 284 SEGENIUS

127 316 165 354 7.
189 313 389 368 Epistolas
413 314 468 354 ad
489 314 668 356 diversos
699 324 926 358 memorant
948 319 1033 356 Tri-

74 378 250 416 themius
267 382 307 415 et
323 377 501 416 Balaeus.
520 389 623 428 quae
646 380 822 420 nondum
841 386 938 420 sunt
951 379 1032 419 cdi-

75 443 149 488 tae‚
174 440 252 477 imo
274 440 372 478 forte
395 440 646 480 interierunt.

125 500 166 540 8.
189 501 245 539 De
267 499 393 551 siquis
418 504 456 540 et
475 501 693 542 virtutibus
714 505 780 543 lib.
804 506 830 544 l.
856 506 950 544 item
981 503 1029 542 de

69 565 194 615 qestis
213 567 252 603 et
269 562 477 603 miraculis
502 564 655 605 Christi
674 567 739 606 lib.
765 569 827 606 lV.
849 567 1032 606 tribuun-

72 631 139 665 tur
167 626 239 676 ipsi
264 637 286 663 a
318 626 459 664 Balaco
494 632 534 665 et
557 629 657 666 aliis.
691 629 769 668 Sed
793 628 911 667 credo
936 639 1033 675 eos,

73 697 151 726 una
175 697 267 726 cum
294 687 481 738 Cotgano,
508 691 701 728 varietate
736 691 943 728 titulorum
966 688 1034 726 de-

70 751 208 798 ceptos
225 759 274 786 ex
291 750 422 799 Opere
441 751 622 790 Paschali
648 753 759 803 plura
781 753 855 791 alia
875 752 1033 790 fecisse.

128 810 244 848 Plura
265 810 315 849 de
342 812 426 860 ipso
451 812 605 851 dabunt
628 815 710 852 Jac.
744 815 930 852 Usserius
952 812 1034 861 jam

73 873 232 920 citatus
247 873 444 912 Waraeus
460 873 508 913 de
525 874 792 925 Scriptoribus
813 875 1035 920 Hiberniae,

73 934 273 985 Colganus
299 935 336 972 in
362 935 473 974 Actis
498 937 735 976 Sanctorum
764 936 981 975 Hiberniae
1007 939 1034 972 t.

73 996 102 1034 I.
127 1006 166 1046 p.
190 995 280 1034 316.
316 997 506 1043 Balaeus‚
542 999 700 1037 Pitseus
724 1004 764 1037 et
788 998 865 1045 alii,
889 998 957 1046 qui
987 996 1036 1034 de

74 1057 343 1108 Scriptoribus
363 1058 501 1109 Anglis
525 1064 857 1098 commemorant.
876 1058 1035 1108 Optime

76 1129 172 1157 vero
191 1123 231 1157 et
247 1119 553 1159 distinctissime
572 1123 753 1160 notitiam
771 1121 819 1159 de
837 1121 901 1159 illo
919 1130 1038 1170 expe-

74 1179 176 1218 divit
209 1181 392 1220 Labbeus
423 1182 473 1220 de
507 1181 650 1232 Script.
679 1182 834 1221 Eccles.
865 1186 959 1219 tom.
991 1180 1036 1218 ΙΙ.

75 1253 111 1292 p.
137 1242 230 1281 324.
254 1253 342 1292 seq.
365 1244 576 1282 Ceillerius
601 1248 616 1280 t
653 1245 703 1281 X.
731 1255 766 1294 p.
789 1244 878 1282 632.

127 1303 149 1326 ³*
178 1303 289 1349 Quae
332 1303 395 1342 hic
436 1304 627 1355 leguntur
656 1304 705 1342 de
738 1305 857 1343 Paulo
890 1304 937 1342 ll.
970 1315 1038 1342 eo—

74 1360 165 1403 dem
214 1375 349 1403 errore
391 1370 659 1413 asseruntur,
689 1377 734 1404 ac
776 1366 840 1403 ille
883 1370 946 1404 est
988 1365 1037 1403 de

75 1438 154 1477 quo
183 1427 329 1466 Paulus
359 1427 640 1476 insimulatur3
673 1428 774 1466 male
805 1429 911 1465 enim
943 1427 1035 1477 legit

75 1489 247 1528 Pierium
267 1519 276 1537 ,
305 1489 553 1539 quicumque
597 1501 646 1527 ex
696 1500 743 1527 eo
788 1490 954 1528 Paulum
1002 1489 1034 1527 11

74 1562 145 1601 pro
173 1549 349 1589 Adriano
380 1551 428 1589 V1
458 1553 671 1602 expressit.
703 1552 895 1600 Loquitur
924 1552 1030 1588 enim

74 1613 244 1663 scriptor
273 1611 338 1651 ille
369 1612 419 1651 de
449 1611 650 1661 Adriano,
683 1624 755 1651 nec
786 1613 882 1651 dicit
910 1613 960 1651 ab
990 1623 1036 1650 eo

74 1677 214 1724 poetas
255 1685 426 1713 censura
475 1673 699 1714 Hetruscos
742 1676 925 1720 inustos,
962 1675 1033 1713 sed

71 1735 156 1786 jam
178 1739 344 1776 tantum
373 1736 518 1776 habet:
549 1736 623 1775 hac
652 1736 698 1775 de
727 1747 853 1775 causa
881 1735 1036 1775 nultum

78 1796 282 1836 hominum
295 1797 589 1850 glenus-majori
597 1797 922 1850 prosequebatur
939 1797 1039 1847 odio,

77 1870 200 1911 quam
224 1863 364 1912 poetas
390 1860 432 1899 id
458 1860 629 1900 nominis
653 1859 754 1898 m’lzz‘l
775 1858 892 1898 aliud
914 1871 1038 1910 prac-

76 1920 231 1974 seferre
268 1921 527 1971 arbitratus,
552 1934 674 1974 quam
709 1922 963 1973 impietatem.
993 1922 1036 1959 In

79 1983 321 2022 Bibliotheca
366 1983 579 2023 Universit.
626 1985 887 2023 Taurinensis
926 1987 1038 2021 extat

78 2047 209 2096 operis
227 2045 428 2084 Paschalis
451 2045 654 2085 Seduliani
672 2045 737 2084 MS
758 2045 892 2083 Codex
914 2055 1038 2082 mem·

76 2107 326 2152 branaceus,
365 2118 445 2158 quo
487 2109 753 2158 antiquiorem
791 2107 946 2145 nullum
994 2119 1038 2145 u-

77 2170 204 2219 spiam
234 2169 328 2208 vidi.
358 2169 462 2209 Cum
505 2169 729 2208 doctissimi
767 2167 1037 2207 Bibliothecae

79 2231 185 2270 illius
213 2236 420 2270 curatores
450 2242 528 2270 non
559 2230 690 2270 adhuc
720 2231 794 2268 visi
817 2241 837 2268 a
866 2241 929 2267 me
967 2228 1040 2267 Co-

76 2293 175 2331 dicis
204 2293 488 2342 antiquitatem
521 2292 828 2342 praedicarunt3
859 2291 1037 2330 affirma-

78 2357 250 2403 rentque
281 2353 429 2392 saeculi
461 2355 563 2392 sexti
596 2353 770 2391 indolem
797 2352 1044 2403 praeseferre

78 2414 196 2465 paulo
226 2413 499 2462 indulgentius
528 2414 577 2452 ab
610 2413 686 2451 illis
711 2413 936 2463 Judicatum
959 2415 1040 2464 opi-

79 2476 230 2523 nabor;
261 2475 330 2514 sed
361 2486 452 2514 cum
483 2474 608 2513 oculis
629 2474 741 2512 illum
770 2476 949 2524 aspicere
973 2473 1041 2512 da-

79 2543 167 2577 tum
201 2541 291 2585 est,
323 2537 419 2575 nihil
445 2541 596 2574 temere
626 2535 674 2573 ab
706 2535 782 2572 illis
828 2534 1036 2585 probatum

81 2600 241 2651 agnovi.
273 2598 451 2638 Collatus
493 2602 555 2635 est
597 2607 690 2634 cum
720 2595 852 2644 edito,
882 2599 922 2633 ct
957 2596 1040 2633 exi-

86 2661 188 2700 miae
218 2661 354 2711 plures
383 2660 588 2699 variantes
606 2657 880 2708 deprehensae
898 2687 908 2703 ,
937 2667 1038 2705 quas

81 2724 231 2774 optimo
260 2722 425 2760 consilio
454 2722 528 2759 viri
559 2720 610 2758 illi
641 2719 743 2757 docti
788 2718 1038 2768 protulerunt

84 2786 122 2823 in
152 2796 214 2836 op.
246 2785 438 2834 inscripto
467 2781 633 2822 Codices
662 2780 771 2819 MSS.
800 2780 896 2818 Bibl.
944 2779 1036 2829 Reg.

83 2847 342 2887 Taurinensis
371 2844 542 2884 Athenei
574 2842 669 2882 Cod.
700 2842 764 2880 lat.
783 2840 874 2879 756.
900 2841 1038 2878 Distri-

86 2907 223 2947 buitur
253 2909 292 2945 in
323 2907 396 2945 hoc
425 2905 560 2945 codice
591 2908 717 2942 totum
750 2913 849 2953 opus
895 2902 930 2939 in
972 2902 1036 2940 lib.

84 2968 154 3008 lv.
184 2973 306 3018 atque
341 2972 607 3006 correctorem
653 2969 858 3003 vetustum
902 2963 1038 3002 habuit

84 3029 387 3070 Abundantium
409 3028 652 3078 quemdam,
672 3027 739 3077 qui
760 3027 795 3063 in
819 3025 896 3063 line
916 3026 1036 3063 unius

85 3103 135 3131 ex
160 3094 332 3140 quatuor
355 3090 464 3127 hisce
488 3089 598 3127 libris
625 3099 766 3126 nomen
794 3097 912 3125 suum
934 3086 1039 3125 adie-

86 3154 165 3192 cit:
214 3149 496 3190 Abundantius
550 3150 667 3188 istum
715 3146 862 3186 contuli
910 3147 1037 3199 felici·

90 3218 161 3253 ter.
195 3212 357 3252 Adiecta
399 3216 462 3251 est
507 3211 664 3249 ibidem.
697 3209 862 3249 collatio
890 3213 964 3248 vet.
1005 3215 1042 3248 et

88 3274 191 3315 Novi
222 3274 453 3313 Testamenti
471 3272 610 3311 codem
637 3271 798 3311 Scdulio
821 3272 1000 3311 authore.
1023 3274 1041 3295 ¹*

143 3337 244 3386 (311.
277 3335 424 3377 Sedulii
455 3337 582 3386 Opera
612 3337 741 3373 omnia
780 3336 977 3383 recognita
1006 3341 1046 3372 et

1995 250 2074 289 455

1114 317 1311 355 illustrata
1342 329 1361 354 a
1396 317 1455 353 Fr.
1488 316 1660 355 Arevato
1689 318 1833 356 Rornae
1869 319 1985 358 1794.
2024 320 2072 366 4)

1160 378 1408 417 SEDULlUS
1426 378 1571 416 „Iunior
1587 410 1595 426 ,
1621 382 1779 418 natione
1800 381 1969 430 ScotuS,
1996 382 2071 421 du-

1108 440 1229 486 bium,
1255 451 1304 478 an
1330 441 1373 486 is,
1400 441 1467 490 qui
1490 452 1554 478 an.
1576 442 1666 481 721.
1689 443 1864 481 Concilio
1896 445 2073 483 Romano

1107 501 1359 551 subscripsit,
1386 513 1434 539 an
1462 502 1580 548 alme,
1603 515 1723 553 quem
1749 505 2007 555 {lepidannus
2034 507 2072 543 in

1108 563 1304 602 Chronico
1328 563 1375 601 ad
1402 576 1464 602 an·
1489 566 1578 604 818.
1605 567 1755 605 clarum
1779 567 1902 606 fuisse
1925 572 2072 606 narrat.

1110 625 1313 663 Incertum
1340 626 1487 671 ctiam,
1518 627 1741 678 Episcopus
1769 640 1818 667 an
1861 630 2074 680 Presbyter

1110 687 1241 725 fuerit.
1264 688 1365 725 Eius
1398 687 1619 727 habemus:

1164 750 1198 786 1.
1229 747 1520 787 collectaneum
1545 750 1628 788 sive
1658 751 2000 803 Emplanationem
2034 755 2073 793 in

1109 807 1306 860 Epz'stolas
1329 808 1457 857 Pauli,
1482 812 1517 848 in
1545 824 1622 861 qua
1639 814 1852 863 Gregorius
1874 818 2075 867 §Lquam-

1111 872 1174 909 vis
1199 882 1415 922 suppresso
1448 875 1620 922 nomine,
1651 877 1809 915 citatur.
1837 879 1981 916 Prodiit
2004 881 2075 918 Ba-

1110 934 1230 972 sileae
1255 934 1361 984 apud
1391 934 1610 974 Henricum
1637 939 1738 975 Petri
1764 940 1864 977 1528
1889 946 1929 978 ct
1955 943 2074 981 1534.

1111 996 1147 1032 8.
1179 1007 1251 1034 nec
1283 1008 1360 1035 non
1395 999 1431 1035 in
1464 998 1720 1037 Bibliothecis
1750 1002 1926 1040 Patrum.

1165 1058 1200 1095 ⁶2.
1229 1057 1478 1098 collectanea
1503 1060 1541 1098 in
1559 1061 1802 1101 Matthaeum
1822 1065 1896 1102 sub
1913 1068 2072 1103 nominc

1113 1119 1262 1158 Sedulii
1291 1122 1397 1160 scoti
1427 1124 1523 1161 citat
1565 1122 1803 1164 Sirmondus
1834 1126 1879 1164 ad
1927 1126 2072 1165 Sidonii

1113 1182 1352 1232 Apollinaris
1381 1185 1508 1234 Epist.
1540 1184 1610 1223 lX.
1647 1187 1681 1224 4.
1714 1188 1905 1226 ineditum
1929 1189 2072 1235 adhuc,

1115 1246 1150 1281 in
1174 1245 1333 1294 quibus,
1362 1247 1516 1286 Labbeo
1537 1253 1665 1297 teste,
1696 1250 1912 1301 Gregorius
1941 1253 2074 1290 senior

1112 1306 1325 1356 allegatur.

1166 1369 1202 1405 3.
1229 1368 1517 1409 commentarii·
1538 1371 1578 1409 in
1602 1376 1730 1410 artem
1754 1374 1950 1426 Eutychia]
1970 1381 2074 1413 teste

1116 1431 1293 1479 Usserio‚
1337 1433 1374 1468 in
1418 1433 1515 1470 Bibl.
1557 1434 1747 1473 Thuanea
1791 1437 1968 1475 fuerunt.
2012 1438 2074 1475 Sic

1113 1504 1274 1543 quoque
1307 1492 1468 1531 Sedulio
1501 1494 1788 1534 Commentarii
1830 1497 1867 1534 in
1903 1498 2075 1548 primam

1116 1555 1190 1593 (alii
1218 1554 1450 1605 secundam)
1479 1559 1607 1594 artem
1637 1557 1791 1605 Donati7
1818 1562 1856 1597 et
1878 1559 1917 1597 in
1945 1562 2075 1611 majus

1118 1615 1301 1654 Volumen
1325 1617 1530 1656 Prisciani
1547 1619 1794 1658 tribuuntur.

1170 1679 1207 1716 4.
1235 1678 1349 1728 Opus
1378 1678 1425 1717 cle
1453 1680 1645 1730 reqimine
1674 1681 1908 1734 Principum
1935 1683 2074 1723 habuit

1113 1739 1329 1779 Goldastus
1359 1746 1464 1780 teste
1490 1743 1656 1781 Labbeo.
1679 1745 1867 1784 Sedulius
1885 1745 1931 1784 de
1946 1753 2074 1785 recto-

1116 1801 1233 1842 ribus
1253 1802 1495 1844 Christianis
1515 1807 1551 1842 et
1566 1805 1885 1845 convenientibus
1906 1807 2074 1858 requlis,

1123 1862 1268 1915 quibus
1311 1869 1369 1904 est
1403 1865 1633 1916 respublica
1671 1866 1747 1905 rite
1785 1867 2075 1918 9ubewzancla,

1117 1928 1219 1977 Lips.
1250 1927 1364 1966 1619.
1397 1929 1432 1966 8.
1463 1928 1596 1967 editus
1627 1935 1873 1969 memoratur
1901 1943 1921 1970 a
1944 1933 2075 1970 Fabri-

1111 1989 1170 2026 cio
1202 1992 1350 2026 nostro.
1373 1990 1572 2029 Freherus
1601 1991 1649 2029 ad
1680 1993 1840 2030 Petrum
1867 1992 1915 2030 de
1946 1993 2076 2031 Andlo

1112 2049 1161 2087 de
1191 2051 1360 2100 Imperio
1391 2052 1566 2089 Romano
1596 2053 1641 2090 ll.
1677 2054 1739 2091 16.
1768 2054 1916 2101 scribit,
1942 2065 1984 2092 se
2009 2066 2075 2092 an.

1112 2113 1226 2151 1612.
1258 2113 1365 2152 hunc
1412 2113 1555 2152 librum
1586 2112 1790 2152 ανεκδοτον
1824 2115 1872 2154 ad
1920 2116 2074 2165 prelum

1113 2186 1266 2225 parare.
1294 2176 1356 2213 Ex
1386 2175 1474 2224 ejus
1506 2176 1635 2214 libello
1665 2176 1712 2214 de
1738 2176 1982 2216 Christianis
2012 2189 2074 2215 re-

1112 2234 1289 2274 ctoribus
1313 2247 1347 2274 c.
1379 2237 1415 2273 8.
1446 2242 1533 2274 octo
1572 2237 1740 2275 disticha
1771 2238 1934 2277 adducit
1966 2240 2076 2277 Nico-

1113 2297 1200 2334 laus
1230 2297 1419 2335 Cusanus
1448 2297 1496 2335 de
1526 2298 1816 2337 Concordantia
1841 2299 2041 2338 Catholica
2065 2330 2073 2345 ‚

1114 2358 1279 2408 praefat.
1310 2358 1396 2396 libri
1429 2359 1492 2397 111.
1526 2360 1562 2396 in
1586 2360 1793 2397 volumine
1819 2359 1997 2398 Schardii
2023 2360 2073 2398 de

1115 2420 1398 2459 Jurisdictione
1429 2421 1628 2471 Imperiali
1662 2433 1696 2470 p.
1729 2421 1820 2459 356.

1166 2481 1264 2521 Vide
1298 2481 1503 2521 Usserium
1535 2481 1685 2532 Antiqq
1739 2483 1889 2521 Eccles.
1921 2483 2074 2520 Britan-

1115 2544 1190 2581 nic.
1220 2554 1255 2581 c.
1290 2544 1350 2580 16.
1375 2548 1415 2581 et
1439 2544 1642 2582 Oudinum
1671 2548 1764 2581 tom.
1794 2545 1838 2581 ll.
1865 2556 1898 2594 p.
1927 2545 1988 2581 26.

1167 2603 1405 2642 psalterium
1436 2604 1630 2641 Graecum
1678 2604 1825 2642 Sedulii
1856 2605 2065 2652 cujusdam

1114 2666 1219 2703 Scoti
1266 2675 1386 2702 manu
1431 2666 1623 2714 scriptum
1655 2671 1838 2703 recenset
1876 2668 1988 2704 Bern.
2023 2666 2072 2704 de

1112 2727 1361 2765 Montfaucon
1381 2727 1575 2776 Palaeogr.
1593 2727 1730 2765 Graec.
1750 2729 1812 2766 ΙΙΙ.
1834 2729 1869 2765 7.
1889 2740 1922 2777 p.
1947 2728 2023 2765 230
2042 2728 2068 2765 f.

1167 2787 1421 2833 SEFRIDUS,
1455 2790 1586 2826 nescio
1616 2790 1719 2838 quis,
1751 2790 1873 2826 Vitam
1899 2790 1938 2826 S.
1966 2791 2070 2826 Otto-

1111 2849 1172 2888 m‘s
1202 2848 1389 2900 Episcopi
1415 2847 1732 2899 Bamberqensis,
1764 2856 1803 2887 et
1836 2852 2067 2888 Pomerano-

1114 2922 1200 2949 rum
1232 2910 1422 2960 Apostoli,
1454 2913 1681 2961 scripserat,
1708 2923 1755 2950 cx
1781 2924 1860 2961 quo
1884 2912 2073 2962 deinceps

1111 2972 1214 3010 alius
1243 2971 1482 3020 Anonymus
1513 2971 1660 3010 Auctor
1692 2972 1811 3020 liujus
1843 2974 1951 3010 Vitae
1984 2985 2072 3023 pro-

1114 3032 1217 3070 fecit.
1268 3032 1362 3070 Vide
1393 3033 1449 3069 Jo.
1483 3034 1591 3081 Bapt.
1637 3034 1847 3071 §oller-ium
1881 3037 1917 3070 in
1955 3036 2071 3072 Com-

1116 3094 1307 3130 mentario
1330 3095 1487 3143 praevio
1509 3093 1556 3131 ad
1585 3094 1711 3132 Vitam
1739 3097 1896 3133 (Jttonis
1921 3100 2014 3133 torn.
2044 3097 2070 3134 l.

1115 3154 1205 3191 julii
1224 3165 1258 3202 p.
1278 3154 1368 3191 351.
1385 3153 1474 3191 352.
1493 3159 1532 3191 ct
1552 3154 1753 3193 Oudinuin
1782 3161 1808 3193 t.
1831 3155 1876 3193 ll.
1896 3168 1930 3206 p.
1952 3158 2069 3196 1195.

1169 3213 1440 3260 SEGENIUS,
1470 3221 1639 3265 quartus
1682 3218 1855 3255 coenobii
1902 3220 2071 3257 lluensis

1119 3277 1154 3312 in
1201 3275 1381 3313 llibernia
1420 3276 1577 3315 Abbas.
1607 3280 1723 3317 cuius
1756 3278 1855 3318 Beda
1889 3281 2065 3318 meminit

1124 3335 1224 3374 llist.
1244 3337 1347 3374 Eccl.
1364 3337 1427 3375 Ill.
1454 3340 1487 3375 ·‘'›.
1518 3341 1672 3389 sci-ipsit
1702 3340 1982 3378 Junmcliorum
2009 3353 2069 3378 rc-
