2533 4009
425 267 499 306 155
858 306 862 309 ,

419 339 587 385 Lai-roy.
621 337 701 384 ipso
732 334 851 370 inscio
881 331 999 369 oditis
1031 330 1306 376 Anisa..i700.
1338 340 1374 379 8.

415 398 510 435 Vide
528 403 563 434 et
584 394 878 434 NntalcmAlox.
895 398 989 431 tom.
1008 394 1088 432 Vll.
1108 396 1203 434 llist.
1222 398 1373 442 Ecclos.

417 460 508 496 edit.
541 460 574 494 in
609 456 667 492 fol.
701 465 784 503 pag.
816 455 879 491 97.
909 465 992 504 seq.
1024 461 1062 493 et
1093 457 1278 498 Novellas
1316 464 1377 502 lit-

418 527 577 557 terarius
606 516 751 553 Gallice
780 515 907 552 editas
937 520 1043 554 tomo
1072 517 1226 558 decimo
1247 521 1377 564 Amst.

422 580 592 636 ¹7¹9‘.3·
621 589 704 627 pag.
734 578 819 616 474.
850 577 1032 617 I'ostillae
1055 590 1177 632 super
1211 583 1379 626 Genesin

414 642 700 688 Munuscriptao
730 639 908 678 Venetiis
937 646 1041 679 teste
1073 642 1314 686 Thomasino
1340 662 1376 701 p.

417 704 503 740 4055.
546 702 591 738 In
621 701 702 738 XII.
740 701 955 752 Prophetas
987 703 1164 745 Minores
1194 709 1230 746 in
1278 712 1375 750 Bibl.

412 763 636 802 colbertina
653 763 747 802 Cod.
769 765 884 803 2056.
904 770 1066 805 notante
1086 768 1228 808 Jacobo
1246 773 1376 824 Longo

410 839 444 877 p.
489 826 577 863 885.
622 826 716 864 Bibl.
759 829 1016 877 exegeticao,
1054 830 1117 868 ubi
1163 843 1367 884 perperam

412 887 530 926 trudit
574 888 732 927 Olivum
777 890 970 929 claruisse
1012 892 1057 929 A.
1089 893 1204 931 4325.
1246 897 1376 948 Super

410 953 588 1000 quatuor
607 950 824 1001 Evangyelia
842 982 849 997 ‚
868 952 1009 990 ibidem
1029 955 1287 1006 Manuscripti
1308 960 1379 997 Ve-

410 1013 540 1050 netiis.
560 1014 725 1063 Scripsit
742 1016 860 1052 otiam
879 1014 918 1051 in
940 1014 1138 1065 Epi-‘stolas
1155 1018 1378 1061 Canonicas

407 1077 715 1114 commentarios
755 1087 856 1125 quos
884 1087 977 1115 cum
1011 1079 1179 1127 postillis
1211 1082 1247 1119 in
1279 1085 1391 1122 Mat-'

410 1136 570 1174 thaeum
596 1142 635 1175 et
652 1138 915 1188 Apocalypsin
934 1140 1107 1179 flammis
1128 1142 1378 1193 adjudicatos

411 1200 532 1237 fuisse
565 1204 675 1237 notat
706 1200 889 1239 laudatus
920 1201 1204 1244 Schelhoi‘nius
1233 1219 1271 1258 p.
1289 1209 1375 1247 679.

410 1261 575 1299 Caetera
604 1260 705 1299 Olivi
737 1263 882 1313 scripta
908 1264 1012 1314 apud
1038 1266 1244 1307 Baluzium
1273 1272 1375 1308 notis

411 1323 458 1361 atl
493 1325 615 1374 l’apas
642 1326 945 1364 Avenionensos
970 1338 1054 1377 pag.
1077 1327 1154 1367 7552
1192 1335 1231 1368 ct
1260 1333 1378 1371 Wad-

412 1385 573 1432 dingzum
619 1398 705 1436 pag.
749 1388 837 1426 ⁶284.
884 1389 978 1427 Bibl.
1025 1390 1376 1433 Franciscanorum

414 1453 630 1487 memoratu
658 1448 757 1487 haec
783 1455 904 1488 sunt:
931 1450 1203 1504 Confessiones
1226 1454 1378 1494 ctlitte-

412 1522 484 1548 rae
512 1510 663 1562 aliquot
689 1511 743 1549 ad
765 1512 979 1562 lllafyistros
1007 1515 1280 1564 Parisienses‚
1310 1519 1376 1568 qui

413 1573 779 1612 condemnaverant
822 1575 924 1614 dicta
956 1587 1039 1616 sua.
1088 1579 1300 1618 Tractatus
1330 1580 1376 1619 cle

413 1637 710 1681 Sacrcmnentis,
757 1642 795 1674 et
840 1642 1033 1677 tractatus
1064 1640 1299 1691 emptionum
1344 1647 1381 1681 et

414 1697 705 1745 venditionum,
736 1703 775 1737 et
819 1699 864 1737 (le
893 1700 1057 1749 usuris,
1102 1707 1142 1740 ot
1177 1704 1371 1754 quaedam

415 1759 669 1807 Onnes-tiones
686 1764 721 1798 et
743 1764 937 1801 tractatus
956 1762 1168 1814 Logynzales.
1191 1765 1377 1805 Postillae

411 1821 466 1859 ari
492 1834 638 1860 ornnem
662 1821 788 1874 ferme
817 1835 977 1863 sacram
1007 1826 1273 1878 Scripturam.
1301 1832 1370 1867 Po-

414 1884 516 1922 slilla
541 1895 662 1934 super
686 1884 831 1924 librum
854 1888 895 1924 B.
917 1887 1095 1939 Dionysii
1115 1888 1161 1927 (le
1186 1889 1373 1941 Anyelica

414 1946 665 1984 llierarcleia.
683 1948 792 1998 Opus
809 1951 869 1986 cui
893 1951 1035 1989 titulus
1052 1950 1162 1990 Miles
1178 1957 1372 1993 armatus.

415 2009 531 2047 Aliud
554 2008 656 2059 qnod
678 2009 885 2049 Eoeercens
910 2013 1150 2052 inscribitur.
1175 2014 1381 2066 Eoeposiczo

413 2070 577 2121 reyulne
622 2071 813 2110 Fratrum
863 2074 1073 2113 Minorum.
1124 2077 1383 2125 Quaestiones

416 2133 666 2183 disputatae,
698 2138 817 2184 atquc
850 2137 952 2174 inter
981 2138 1077 2176 alias
1105 2137 1152 2177 (le
1182 2141 1312 2192 Papae
1335 2144 1372 2178 et

415 2194 583 2235 Concilii
607 2196 869 2245 auctoritate,
902 2210 972 2237 noc
1014 2211 1088 2238 non
1120 2200 1166 2239 (le
1196 2214 1374 2254 paupere

414 2269 551 2296 rerum
573 2269 651 2296 usu
674 2260 759 2295 sive
784 2259 830 2297 (le
845 2265 1094 2311 paupertate.
1117 2263 1382 2315 .›{llef]at1'‹)nes

415 2320 725 2372 superarticulis
736 2323 917 2362 tractatis
931 2335 1005 2373 per
1015 2325 1067 2361 Do
1074 2324 1219 2363 'niniam
1234 2328 1382 2378 Papam

416 2385 623 2421 (joannem
670 2386 816 2425 xxii&
850 2385 896 2424 (le
920 2386 1080 2437 postilla
1119 2399 1240 2439 super
1281 2388 1383 2441 Apo-

418 2444 608 2496 calypsin..
644 2447 755 2485 Liber
785 2447 831 2486 de
862 2448 1048 2487 laudibus
1077 2454 1116 2488 et
1149 2451 1384 2491 eoecellenn'a

417 2508 457 2544 B.
494 2508 662 2557 1¹⁷ir9‘inis
681 2541 689 2557 ‚
712 2511 746 2547 in
779 2522 856 2560 quo
883 2512 1044 2550 modum
1067 2515 1290 2552 excessisse
1324 2517 1380 2551 vi-

415 2581 484 2609 sus
509 2576 596 2617 cst,
622 2577 724 2609 teste
751 2573 994 2624 Wadfflngo,
1017 2576 1135 2613 ctiam
1160 2577 1382 2627 praecipuis

417 2633 577 2671 Ordinis
608 2636 856 2673 Franciscani
889 2636 1080 2674 Patribus.

467 2696 638 2734 Joannes
662 2696 844 2735 OLNAY.
872 2699 1000 2748 Supra
1022 2703 1116 2737 tom.
1142 2700 1203 2738 IV.
1227 2713 1261 2751 p.
1291 2700 1365 2739 320

468 2757 720 2797 OLYMPIUS
738 2759 892 2798 natione
910 2761 1113 2812 Hispanus
1128 2793 1137 2809 ‚
1160 2762 1377 2814 Episcopus

417 2819 584 2869 scripsit
607 2820 747 2858 librum
777 2821 864 2859 fidoi
891 2822 1088 2862 adversus
1118 2835 1181 2863 eos
1207 2825 1384 2873 (Priscil-

423 2881 626 2929 lizinislas,
659 2889 701 2920 ut
734 2884 915 2933 videtur)
941 2885 1011 2935 qui
1032 2889 1222 2924 naturam
1251 2890 1288 2924 et
1308 2898 1384 2924 non

417 2942 632 2982 arbitrium
651 2944 688 2982 in
712 2944 868 2995 culpam
892 2950 1058 2995 vocant,
1083 2947 1285 2986 ostendens
1303 2960 1380 2986 non

419 3007 614 3045 creatione
642 3007 711 3046 sed
740 3006 1004 3047 inobedientia
1033 3009 1224 3048 insertum
1268 3013 1381 3048 natu-

418 3077 488 3104 rae
518 3070 676 3108 malum.
721 3070 828 3110 Haec
858 3071 906 3109 de
937 3083 982 3109 co
1013 3072 1244 3112 Gennadius
1288 3077 1380 3112 antc

419 3126 463 3163 Λ.
490 3130 575 3168 495.
606 3132 701 3170 libro
732 3133 780 3171 de
810 3133 847 3172 S.
879 3134 924 3172 E.
955 3145 1037 3184 cap.
1064 3133 1127 3172 23.
1158 3136 1213 3173 De
1238 3134 1377 3173 eodem

422 3187 458 3223 S.
486 3190 734 3239 Augustinus
766 3195 832 3233 lib.
863 3197 896 3234 4.
918 3200 1054 3234 contra
1079 3197 1282 3236 Julianum
1312 3198 1380 3235 Pc-

478 3298 509 3325 a)
536 3293 634 3323 verba
660 3298 787 3328 Paulini
815 3304 915 3331 sunt:
938 3301 1090 3341 Scriptis
1120 3303 1239 3334 sancti
1278 3302 1382 3339 Viri,

417 3338 552 3394 [ratris
576 3346 691 3373 nostri
715 3347 884 3388 Episcopi
902 3350 1072 3391 Olympii,
1088 3352 1283 3383 communis
1297 3361 1382 3383 urm-

421 3397 525 3426 nimt,
540 3393 675 3431 accept,
691 3398 762 3425 tam
778 3397 1003 3436 inopinatum
1028 3402 1115 3432 minz·
1138 3411 1242 3442 quam
1260 3403 1380 3442 inopi-

1276 259 1527 305 OLNAY

1452 330 1526 380 lag.
1556 340 1640 379 cap.
1671 330 1707 367 3.
1739 328 1939 381 Olympius
1967 331 2168 382 Hispanus
2194 330 2413 383 Episcopus

1451 392 1515 431 vir
1544 402 1710 441 masmae
1739 390 1778 428 in
1808 392 1983 432 Ecclesia
2008 396 2046 431 et
2074 393 2114 431 in
2139 393 2310 432 CHristo
2331 393 2414 445 qlo-

1452 454 1540 491 riae
1556 484 1566 501 ‚
1593 453 1632 491 in
1653 452 1824 504 quodam
1841 465 2018 494 sermone
2044 454 2346 495 Ecclesiastico:
2372 456 2412 496 Si

1455 515 1552 554 tides
1584 514 1736 566 inquit,
1767 526 1942 565 unquam
1972 520 2010 556 in
2041 519 2158 557 terris
2188 519 2414 570 incorrupta

1452 578 1696 623 mansisset,
1741 587 1787 615 ac
1817 578 1981 628 vestigia
2011 578 2140 618 defixa
2185 581 2411 624 tenuisset,

1451 650 1553 689 quae
1570 640 1724 689 signata
1742 637 1919 688 deseruit
1933 652 1944 676 .·
1960 651 2162 691 nunquam
2179 641 2413 692 protoplasti

1452 701 1651 739 mortifera
1668 700 1984 751 transgressione
2005 703 2249 742 mortiferum
2269 703 2412 742 vitium

1452 764 1698 813 sparsissent
1723 763 1760 799 in
1791 762 1997 812 germine,
2022 766 2066 801 ut
2089 768 2296 814 peccatum
2319 774 2412 803 cum

1456 825 1618 863 homine
1664 827 1907 862 nasceretur.
1941 822 2048 862 idem
2092 826 2234 875 repetit
2262 835 2349 876 cap.
2375 825 2412 865 7.

1452 888 1625 926 Sanctus
1657 885 1861 938 Olympius
1890 883 1988 923 dicit
2012 888 2089 924 etc.
2117 890 2236 937 atque
2273 898 2414 926 rursus

1451 960 1542 987 curn
1582 948 1718 987 laudat
1747 958 1839 986 cum
1870 948 2060 995 Irenaeo,
2091 947 2313 998 Cypriano,
2341 948 2415 987 Re-

1451 1011 1541 1049 ticio
1559 1040 1567 1058 ,
1586 1011 1727 1049 llilario
1741 1042 1751 1060 ,
1769 1010 1977 1060 GregoriQ
1995 1010 2136 1048 Basilio
2151 1014 2192 1048 et
2207 1009 2413 1050 Ambrosio

1455 1073 1485 1112 ll
1509 1073 1578 1112 ult.
1597 1072 1707 1112 etlll.
1728 1072 1790 1113 47.
1807 1074 2008 1112 Incertum
2028 1070 2186 1111 idemne
2203 1071 2266 1112 hic
2282 1072 2416 1123 Olym-

1452 1137 1541 1187 pius
1572 1136 1817 1186 Fpiscopus,
1847 1146 1966 1185 quem
1996 1135 2132 1174 statim
2159 1138 2248 1186 post
2277 1135 2417 1175 Conci-

1452 1199 1548 1238 lium
1578 1199 1799 1237 Romanum
1826 1196 1871 1236 A.
1898 1197 1988 1237 320.
2014 1195 2294 1248 Carthaginem
2321 1198 2415 1236 mis·

1451 1272 1539 1299 sum
1586 1266 1719 1299 narrat
1749 1261 1920 1309 Optatus
1950 1259 2014 1298 lib.
2047 1261 2081 1298 i.
2112 1258 2162 1299 de
2199 1259 2415 1299 schismate

1449 1323 1750 1362 Donatistarum
1793 1333 1827 1362 c.
1873 1322 1936 1360 26.
1966 1322 2057 1360 licet
2088 1321 2161 1361 hoc
2197 1322 2414 1361 verisimile

1451 1386 1593 1424 visum
1626 1385 1879 1423 Tillemontio
1908 1389 1935 1422 t.
1968 1385 2031 1423 1V.
2057 1384 2269 1422 memoriar
2297 1395 2333 1435 p.
2364 1385 2413 1423 60

1451 1447 1713 1486 verisimilius
1737 1448 1825 1485 aliis
1855 1447 1959 1485 idem
1983 1447 2096 1486 visus
2121 1446 2333 1498 Olympius
2361 1446 2410 1486 de

1449 1521 1526 1560 quo
1550 1509 1597 1547 ad
1624 1509 1922 1548 Pammachium
1945 1510 1979 1556 a)
2004 1508 2043 1547 S.
2066 1508 2255 1547 Paulinus
2277 1509 2412 1560 Epist.

1453 1571 1514 1611 37.
1549 1582 1751 1622 quomque
1792 1569 2038 1616 LAMPIUM,
2068 1581 2242 1619 vocanS,
2281 1571 2330 1610 ab
2367 1581 2413 1610 eo

1452 1633 1554 1684 apud
1588 1633 1830 1671 Barcilonam
1858 1633 1896 1670 in
1927 1633 2111 1683 l’lispania
2135 1637 2336 1672 sacratum
2370 1644 2414 1672 se

1454 1696 1594 1734 scribit
1624 1696 1750 1746 Epist.
1782 1694 1830 1733 47
1873 1695 1921 1734 ad
1951 1695 2152 1746 Alypium.
2183 1696 2418 1735 Commenta

1453 1757 1764 1796 Pseudo-Dextri
1780 1757 2146 1797 etPseudo-Juliani
2164 1757 2212 1797 de
2223 1758 2417 1798 Gennadii

1451 1819 1656 1871 Olympio,
1675 1821 1886 1870 variasque
1900 1821 2161 1872 Hispanorum
2179 1821 2418 1872 scriptorum

1455 1881 1807 1922 hallucinationes:
1837 1882 2069 1934 Olympium
2100 1883 2191 1922 AEni
2219 1882 2417 1924 iThraciae

1455 1945 1723 1996 Episcopum,
1755 1945 1791 1994 b)
1821 1956 1939 1995 quem
1971 1944 2105 1983 Ariani
2136 1944 2231 1984 sede
2254 1956 2327 1984 sua
2351 1956 2418 1997 pe-

1457 2009 1622 2059 pulere,
1651 2019 1742 2047 cum
1777 2009 1945 2058 Hispano
1974 2007 2334 2058 confundentium,
2357 2007 2417 2046 di-

1456 2070 1530 2109 luit
1561 2072 1641 2110 Nic.
1670 2071 1868 2110 Antonius
1898 2070 1963 2108 lib.
1993 2071 2018 2109 2
2047 2069 2145 2109 Bibl.
2179 2071 2327 2109 veteris
2354 2071 2417 2110 Hi-

1459 2143 1608 2183 spanae
1632 2144 1718 2183 cap.
1742 2132 1779 2171 7.

1509 2195 1681 2233 Joannes
1705 2193 1751 2234 de
1782 2196 1821 2234 S.
1850 2194 2038 2234 OMERO.
2068 2194 2196 2246 Supra
2227 2199 2323 2234 tom.
2353 2195 2416 2233 IV.

1457 2270 1543 2310 pag.
1575 2258 1664 2297 395.

1509 2321 1799 2361 OMNIBONUS
1819 2320 1868 2359 de
1888 2331 1967 2371 quo
1985 2318 2193 2359 Albericus
2210 2320 2248 2358 in
2268 2319 2413 2359 Chron.

1456 2385 1505 2423 ad
1549 2385 1595 2423 A.
1639 2383 1752 2422 ⁴156.
1785 2381 1930 2420 Eodem
1960 2392 2088 2430 αηηο,
2119 2380 2160 2420 id
2187 2385 2247 2421 est
2274 2381 2416 2421 Fride-

1458 2445 1537 2485 rici
1566 2445 1828 2497 Imperatoris
1858 2444 1993 2496 quinto
2022 2442 2184 2495 quidam
2222 2442 2415 2494 Mayister

1457 2508 1638 2560 eyreqius
1680 2508 1929 2545 Omnibonus
1971 2505 2150 2555 nomine,
2181 2503 2329 2544 librum
2364 2505 2415 2545 de

1456 2570 1664 2610 concordia
1681 2569 1994 2609 discordantium
2021 2569 2227 2608 Canonum
2253 2566 2416 2619 dili'yen-

1458 2633 1606 2673 tissime
1634 2631 1835 2671 ordinavit
1859 2632 1901 2670 in
1929 2630 2031 2669 duas
2055 2633 2206 2681 partes.
2233 2629 2412 2668 Primam

1452 2699 1612 2747 partem
1644 2694 1683 2732 in
1706 2694 1834 2733 XXVI.
1868 2691 2170 2741 Discinctiones,
2200 2691 2414 2730 secundam

1459 2757 1498 2795 in
1525 2757 1683 2796 Causas
1712 2755 1894 2794 XXXVII.
1919 2765 1991 2806 per
2014 2753 2260 2804 quaestiones
2283 2752 2413 2792 diver·

1456 2830 1523 2858 sas
1553 2817 1768 2868 artificiose
1793 2817 2030 2868 propositas.
2062 2815 2135 2855 Hic
2165 2813 2266 2855 liber
2293 2827 2319 2854 a
2347 2826 2415 2854 no-

1455 2882 1559 2919 mine
1587 2878 1787 2927 auctoris,
1819 2879 2113 2919 Omnebonum.
2146 2877 2197 2916 Et
2224 2876 2326 2917 hunc
2353 2888 2412 2917 se-

1456 2945 1572 2980 cutus
1596 2944 1655 2979 est
1682 2943 1850 2992 tempore
1878 2939 2110 2980 Alemandri
2135 2941 2145 2989 (
2160 2939 2248 2988 Ill.)
2278 2939 2414 2992 Papae

1454 3003 1743 3043 GRATIANUS
1775 3001 2033 3052 Cardinalis‘
2060 3003 2128 3054 qui
2152 3000 2278 3041 multa
2300 3001 2413 3040 addi-

1454 3066 1535 3114 dit,
1579 3065 1634 3104 ita
1675 3064 1780 3116 quod
1822 3064 1868 3104 (le
1912 3064 2041 3104 XXVI.
2087 3061 2413 3103 Distinctiouibus

1454 3132 1606 3167 centum
1637 3128 1912 3167 Distinetiones
1939 3126 2058 3180 fecit,
2087 3125 2158 3166 sed
2180 3136 2255 3178 per
2286 3125 2412 3178 ipsum

1454 3191 1529 3230 ista
1559 3190 1739 3229 doctrina
1767 3189 1879 3242 facta
1909 3193 1968 3229 est
1996 3188 2124 3240 ma9is
2152 3187 2393 3227 authentica.

1443 3300 1568 3328 natum
1591 3296 1643 3326 tui
1657 3295 1830 3326 moeroris
1847 3294 2033 3333 indicium,
2046 3294 2193 3325 extincta
2208 3291 2412 3324 pammachii

1443 3354 1546 3378 uxore
1569 3345 1720 3376 Paulina.

1503 3395 1539 3432 b)
1564 3393 1642 3425 Vide
1668 3397 1745 3425 Aeta
1770 3395 1920 3425 sanctor.
1943 3397 2025 3424 torn.
2049 3391 2068 3422 2
2091 3393 2181 3424 Junii
2206 3390 2256 3424 12.
2279 3399 2315 3431 p.
2333 3389 2407 3423 505.
