2517 4009
858 236 1342 275 sAssssA'riNth

105 318 193 364 post
221 315 371 353 obitum
416 311 638 361 Haymonis
668 324 700 349 a·
733 311 821 349 852.
854 310 1065 361 Episcopa-

105 381 191 415 tum
224 373 597 414 Halberstadensem
630 372 856 419 recusavit,
889 370 1009 410 Gesta
1025 371 1064 409 S.

105 435 304 488 Bonifacz'z'
346 437 417 485 Ep.
469 434 685 483 Moguntini
739 433 894 471 heroico
947 443 1069 470 versu

104 498 270 545 cecinit,
287 494 478 547 Reyulam
494 496 531 534 S.
551 494 752 533 Benedicti
768 493 1069 534 Commentariis

106 560 260 609 primus
291 558 533 604 illustravit,
564 558 771 595 Sermones
815 556 949 605 plures
978 565 1070 593 con-

107 620 281 669 scripsit.
328 620 571 657 Possevinus
617 623 724 656 torno
771 617 817 655 ll.
845 617 1071 666 Apparatus

108 691 196 731 pag.
244 680 334 719 364.
385 680 629 720 Schatenius
661 679 803 717 Annal.
834 677 1069 715 Paderborn.

107 741 172 779 lib.
198 741 244 779 ll.
276 753 313 792 p.
343 742 432 780 443.
458 741 570 780 Adde
600 742 784 779 Nostrum
817 749 936 788 supra
975 742 1069 775 tom.

106 805 151 843 V.
181 816 218 855 p.
246 804 337 843 203.
368 809 409 841 et
439 802 542 841 Hist.
574 803 747 841 literaire
776 800 824 839 de
857 800 890 838 la
921 800 1070 837 Francc

105 869 200 904 tom.
230 866 277 904 V.
305 876 342 915 p.
373 864 464 903 317.

166 925 362 968 Claudius
392 928 628 966 RUTlLlUS
658 925 949 972 Namatianus,
975 925 1072 962 satis

111 989 338 1040 descriptus
369 993 431 1028 est
460 1001 481 1028 a
510 990 686 1028 Fabricio
717 993 852 1026 nostro
881 986 977 1024 Bibl.
1004 987 1074 1024 La—

110 1052 182 1089 tin.
213 1050 280 1090 lll.
311 1051 373 1090 43.
405 1055 445 1088 et
473 1050 674 1089 Monachis
694 1049 1076 1088 Benedictino-Mau—

110 1113 235 1151 rianis
266 1113 317 1150 in·
337 1113 506 1150 Historia
538 1112 709 1150 literaria
739 1111 887 1150 Galliae
916 1115 1010 1148 torn.
1031 1110 1076 1147 ll.

108 1187 146 1225 p.
192 1175 254 1214 70.
295 1175 381 1213 Duo
425 1178 581 1212 tantum
629 1183 839 1211 monemus
874 1183 923 1210 ex
954 1171 1075 1217 libro,

110 1247 231 1286 quem
262 1237 481 1286 posteriore
512 1235 595 1273 loco
627 1234 911 1273 laudavimus:
944 1233 1074 1279 Prius,

109 1296 216 1347 quod
257 1301 376 1347 gente
422 1297 497 1335 fuit
539 1296 703 1344 Gallus,
734 1295 798 1333 vel
828 1295 1075 1339 Tolosanus,

106 1359 200 1409 vel,
221 1357 325 1408 quod
353 1359 481 1409 magis
506 1357 707 1407 probabile
745 1360 832 1403 est,
857 1357 1077 1394 Pictavien-

110 1422 194 1469 sis,
227 1419 262 1458 id
306 1419 412 1470 quod
455 1419 646 1469 probatus
687 1430 737 1457 ex
766 1418 830 1456 lib.
862 1418 890 1455 1.
917 1429 952 1455 ν.
984 1417 1075 1456 208.

111 1482 180 1521 ubi
209 1481 426 1520 Palladium
449 1510 458 1525 ‚
477 1482 544 1531 qui
564 1480 826 1520 pictaviensis
844 1481 944 1530 fuit,
969 1490 1077 1532 spem

108 1546 147 1582 et
167 1542 287 1582 decus
314 1542 474 1594 yeneris
510 1542 578 1582 sui
614 1546 742 1582 vocat.
772 1542 955 1582 Alterum
985 1547 1074 1588 est,

109 1604 213 1655 quod
243 1605 385 1644 titulus
414 1605 576 1645 Tribuni
608 1606 779 1644 militum
810 1610 850 1643 et
884 1605 1075 1644 Praefecti

109 1667 308 1706 Praetorio
345 1666 607 1706 fundamento
637 1667 761 1706 solido
791 1667 1048 1706 destituatur.

153 1727 426 1767 RUTWINUS
441 1729 489 1768 Sa
496 1740 556 1777 xo,
568 1729 632 1767 vel
649 1729 768 1768 etiam
780 1729 998 1776 Ruth'cus‚
1009 1740 1076 1767 ne-

109 1791 190 1830 scio
221 1790 331 1841 quis:
351 1790 587 1842 scriptorem
606 1792 930 1830 vetustissimum
957 1795 1073 1829 vocat

108 1851 255 1891 Paulus
287 1853 461 1903 Langius
490 1853 528 1891 iu
545 1853 690 1892 Chron.
716 1853 906 1891 Citicensi
925 1864 960 1902 p.
978 1851 1083 1890 792:

109 1917 150 1952 et
178 1912 374 1964 quaedam
403 1925 454 1952 ex
483 1913 589 1952 illius
632 1914 730 1953 libro
769 1915 943 1965 profert,
974 1913 1070 1952 dum

109 1979 244 2014 tamen
275 1975 437 2014 titulum
469 1986 546 2013 non
578 1981 784 2014 memoret.
831 1976 928 2021 Quia
975 1986 1070 2013 vero

109 2037 146 2075 in
178 2037 242 2075 illa
272 2037 413 2076 lacinia
429 2037 686 2086 Libonotani,
709 2038 904 2078 Camanni
923 2067 931 2085 ,
951 2037 1072 2076 Suar-

110 2097 262 2147 dones,
292 2099 494 2138 Cauritani
511 2129 522 2147 ,
553 2103 746 2150 tanquam
769 2101 922 2150 antiqui
943 2103 1072 2138 terrae

74 2182 84 2186 -
109 2161 322 2200 Misnensis
351 2161 503 2200 incolae
534 2162 817 2213 proferuntur,
849 2172 950 2212 quos
978 2166 1071 2200 ante

109 2223 324 2262 Erasmum
347 2223 526 2271 Stellam,
545 2225 804 2274 impostorem
823 2254 831 2271 ,
850 2233 968 2261 nemo
1000 2234 1074 2261 un-

106 2295 227 2334 quam
258 2283 617 2334 inaudivit,recte
660 2285 821 2337 conjicit
850 2285 908 2324 Cl.
940 2289 1075 2323 noster

108 2346 631 2397 KreysigiuS„deceptum
675 2359 764 2386 esse
815 2348 1005 2397 Langium
1051 2358 1071 2385 a

107 2406 230 2446 Stella
250 2410 291 2444 et
309 2407 547 2447 Rurwinum
564 2420 654 2448 esse
675 2420 819 2447 nomen
839 2410 991 2447 fictum.
1011 2409 1046 2457 a)

161 2468 328 2507 RYCUS
349 2467 587 2508 Wichewize
607 2500 615 2519 ,
639 2471 827 2509 sacerdos
850 2471 1072 2509 Londinen-

105 2531 163 2569 sis
191 2540 226 2568 a.
258 2530 374 2569 4440.
406 2535 545 2569 auctor
574 2531 775 2581 Epist-otae
804 2531 851 2570 ad
884 2534 942 2570 Jo.
975 2533 1076 2570 Hus-

105 2602 223 2640 sum,
253 2602 356 2642 quae
382 2592 502 2642 vulgo
532 2593 713 2631 Wicleffo
758 2593 975 2641 tribuitur,
1005 2593 1073 2632 sed

104 2665 124 2692 a
156 2663 253 2692 sene
281 2652 331 2691 ad
361 2664 531 2703 puerum
575 2655 644 2693 Xl.
688 2665 886 2694 annorum
926 2655 1073 2705 scripta

104 2725 194 2754 esse
224 2725 300 2753 non
332 2715 461 2765 potuit
481 2743 490 2758 ‚
526 2715 629 2754 unde
659 2727 680 2753 a
719 2716 892 2755 nonullis
933 2727 1078 2767 suppo-

105 2777 228 2816 sititia
259 2777 332 2816 fuit
354 2776 516 2815 credita.
551 2778 712 2827 Legitur
754 2777 850 2816 haec
895 2778 1075 2827 Epistola

105 2838 144 2876 in
176 2835 374 2890 Operibus
405 2839 521 2876 Hussi
554 2838 641 2888 (ed.
673 2839 806 2878 Norib.
847 2839 988 2886 4725.)
1021 2844 1078 2878 to-

105 2910 169 2938 mo
198 2900 228 2938 1.
257 2911 294 2950 p.
327 2899 416 2938 426.
447 2902 582 2938 Lasitii
615 2901 711 2938 hist.
741 2902 925 2939 Fratrum
951 2901 1075 2940 Bobe-

105 2972 262 3000 morum
294 2973 330 3011 p.
361 2961 452 3000 223.
484 2962 735 3013 Waipurgeri
769 2963 897 3000 llusso
914 2962 1074 3000 combu-

103 3027 166 3061 sto
200 3033 236 3072 p.
268 3022 329 3060 56.
360 3022 596 3062 Germanice
622 3025 657 3061 in
680 3025 831 3073 Ricgeri
864 3024 954 3061 bist.
986 3025 1075 3061 Fra-

103 3089 208 3123 trum
239 3083 502 3122 Bobemorum
524 3086 735 3123 vernacula
767 3086 897 3134 lingua
928 3086 1075 3134 scripta

103 3150 206 3198 part.
254 3143 319 3183 VI.
362 3157 399 3195 p.
442 3145 532 3184 580.
575 3146 687 3184 Adde
732 3146 850 3184 Wilh.
899 3147 1069 3196 Seysridi

103 3201 254 3247 Constn.
308 3206 356 3244 de
406 3206 463 3244 Jo.
514 3208 643 3245 Husso
687 3218 778 3246 cum
830 3212 964 3246 annot.
1009 3210 1071 3247 Jo.

35 3261 40 3267 ’
104 3269 252 3309 christ.
284 3267 390 3317 Myiii
423 3280 458 3318 ρ.
491 3268 553 3307 36.
585 3269 647 3308 37.

159 3337 193 3377 a)
219 3336 300 3369 vide
326 3336 449 3370 librum
484 3339 698 3371 vernaculum
722 3340 777 3370 die
800 3339 1074 3372 (morsaeliisehe

2018 238 2096 276 437

1197 308 1450 345 llermamzus
1477 307 1577 344 ltYl)
1607 303 1653 343 (le
1674 307 1802 355 steen,
1841 318 1944 356 quae
1984 311 2108 357 patria

1147 370 1272 419 ipsius
1304 370 1388 407 fuit.
1418 368 1583 418 Scripsit
1620 367 1847 406 Tractatum
1883 367 1930 407 (le
1969 369 2052 408 vita
2078 374 2114 407 et

1145 430 1342 469 honestate
1386 429 1658 476 Clericorum,
1706 429 1857 469 editum
1909 442 1931 470 a
1990 431 2114 470 Wolf—

1145 504 1272 543 gango
1317 492 1621 540 Wissenburgio
1668 492 1706 529 in
1753 492 1948 542 Antilogia
1987 493 2111 542 Papae

1147 565 1184 603 p.
1213 553 1402 592 606-722.
1434 554 1521 602 Ipse
1553 555 1764 591 'l‘ractatus
1788 558 1946 592 constat
1975 555 2114 604 capiti-

1147 614 1221 652 bus
1252 625 1397 652 novem
1423 643 1430 660 ‚
1461 615 1526 664 qui
1557 626 1578 652 a
1610 615 1735 652 literis
1767 616 1984 654 initialibus
2015 616 2116 654 Her-

1146 686 1317 713 mannus
1358 677 1565 725 incipiunt.
1596 676 1645 714 lit
1676 676 1748 714 lioc
1780 677 1957 716 indicant
1987 678 2112 716 versi-

1145 737 1222 776 culi
1254 737 1330 775 sub
1360 738 1480 774 linem
1510 739 1669 787 operis:

1159 817 1294 847 Nostrae
1310 816 1483 854 scriptoris
1500 814 1581 846 dant
1600 823 1720 847 nomen
1740 818 1885 849 initiales
1901 841 1910 856 ‚

1160 866 1217 895 Est
1240 864 1280 896 de
1297 866 1385 896 Reen
1406 868 1503 897 natus
1518 886 1528 902 ,
1547 866 1615 904 ltyd
1635 867 1705 905 ipse
1722 871 1994 907 cognominatus,

1629 918 1643 954 4
1659 916 1743 954 467.
1771 917 2034 969 Maydeburyz'

1148 985 1338 1025 Videmus
1380 988 1499 1038 igitur
1541 988 1646 1025 Reen
1697 998 1787 1026 esse
1832 990 2012 1038 patriam.
2055 991 2112 1027 Jo.

1149 1047 1319 1086 Wolfius
1337 1049 1372 1086 in
1392 1048 1525 1087 Indice
1549 1050 1781 1087 Lectionum
1798 1050 2110 1089 Memorabilium

1151 1109 1257 1148 hunc
1303 1115 1484 1148 nostrum
1542 1115 1763 1158 memorat,
1807 1116 1847 1148 et
1890 1111 1999 1149 addit
2047 1123 2116 1150 an-

1153 1182 1247 1209 num
1281 1171 1398 1209 4480.
1430 1172 1466 1208 in
1517 1173 1600 1221 ipso
1629 1177 1762 1210 autem
1793 1183 1910 1223 opere
1943 1173 2036 1211 nihil
2067 1173 2116 1211 de

1150 1243 1195 1269 eo
1239 1232 1408 1271 habetur
1451 1233 1514 1271 illo
1556 1244 1685 1281 anno,
1716 1233 1785 1272 sed
1825 1236 1956 1285 potius
1985 1235 2115 1274 suba.

1154 1293 1268 1331 4460.
1312 1298 1407 1331 tom.
1453 1294 1481 1331 1.
1519 1306 1555 1344 p.
1588 1294 1676 1332 864.
1709 1300 1748 1333 et
1779 1307 1938 1335 rursum
1970 1296 2018 1334 ad
2048 1308 2117 1334 an-

1150 1365 1248 1392 num
1280 1354 1395 1392 4467.
1428 1367 1464 1405 p.
1495 1355 1584 1394 877.
1615 1356 1812 1406 quaedam
1844 1358 1935 1397 inde
1978 1369 2116 1396 excer-

1150 1419 1217 1465 pta
1247 1415 1448 1466 leguntur.

1328 1542 1627 1621 LIBER
1664 1544 1926 1608 XVIII.

1207 1687 1361 1767 SABA
1372 1725 1609 1778 Malaspz'na,
1623 1726 1713 1765 vide
1734 1737 1853 1778 supra
1875 1728 1951 1766 sub
1978 1727 2051 1766 litt.
2069 1730 2116 1766 Μ.

1201 1789 1375 1827 ,Ιοαηηθε
1400 1788 1687 1828 SABADINUS
1731 1788 1778 1827 de
1807 1789 2010 1836 Arientzs,
2049 1793 2118 1829 Bo-

1149 1853 1378 1899 noniensis,
1405 1851 1480 1890 sub
1524 1852 1681 1890 initium
1713 1852 1836 1890 seculi
1878 1853 1978 1890 XVl.
2020 1851 2119 1901 Ejus

1148 1912 1397 1964 Colloquium
1422 1912 1476 1951 ad
1497 1913 1736 1952 Ferrariam
1751 1912 1906 1965 plebem
1935 1925 2004 1964 pro
2025 1925 2118 1952 con-

1144 1974 1254 2026 jugio
1280 1976 1486 2014 Lucretiae
1512 1976 1674 2026 Borgiae
1701 1974 1944 2024 (Alexandri
1966 1976 2028 2013 Vl.
2050 1977 2118 2013 PP.

1145 2038 1272 2085 filiae)
1303 2038 1341 2075 in
1383 2037 1634 2088 Alphonsum
1679 2039 1994 2089 primogenitum
2038 2039 2118 2077 Du-

1146 2100 1272 2138 calem
1318 2101 1560 2147 Estensem,
1592 2104 1726 2138 exstat
1768 2101 1848 2139 MS.
1878 2102 1915 2138 in
1948 2100 2043 2139 Bibl.
2075 2101 2114 2138 S.

1147 2161 1347 2200 Germani.
1378 2164 1494 2200 Bern.
1525 2161 1575 2200 de
1605 2162 1864 2201 Montfaucon
1895 2163 1992 2201 Bibl.
2017 2162 2115 2201 Bibl.

1146 2223 1253 2262 MSS.
1282 2235 1321 2273 p.
1351 2223 1466 2262 4439.

1199 2284 1221 2306 ³⁶
1243 2285 1498 2335 Quamquam
1526 2287 1643 2324 unico
1667 2287 1731 2324 iilo
1753 2288 1948 2337 opusculo
1969 2288 2032 2326 hic
2055 2289 2114 2325 in-

1149 2346 1278 2385 dicato
1305 2346 1535 2386 Sabadinus
1560 2349 1635 2385 iste
1667 2348 1795 2386 locum
1830 2347 1902 2385 sibi
1928 2348 2116 2387 vendicat

1152 2410 1189 2446 in
1224 2409 1470 2448 Bibliotheca
1501 2410 1683 2460 scriptor.
1725 2410 1894 2448 Latinor.
1928 2420 2004 2447 non
2031 2422 2114 2448 uno

1153 2476 1286 2510 tamen
1308 2483 1428 2522 opere
1450 2473 1659 2522 scriptoris
1685 2471 1846 2510 titulum
1864 2471 1936 2509 sibi
1958 2483 2114 2522 prome—

1153 2534 1233 2571 ruit
1253 2545 1262 2581 3
1298 2533 1367 2571 sed
1394 2533 1615 2572 vernacula
1639 2534 1772 2571 omnia
1796 2532 1916 2580 dedit,
1940 2544 2110 2582 quorum

1152 2599 1215 2632 est
1240 2594 1384 2632 titulus
1410 2593 1604 2643 legendus
1633 2605 1696 2644 ap.
1728 2593 1889 2631 Orlandi
1925 2595 2117 2632 scrittori

1151 2653 1362 2705 Boloqnesz'
1384 2667 1420 2705 p.
1447 2656 1535 2694 474.
1557 2656 1660 2704 (304.
1686 2659 1726 2693 et
1743 2656 1916 2705 amplius
1932 2667 1993 2706 ap.
2012 2657 2113 2694 Fan—

1153 2718 1258 2755 tuzzi
1290 2715 1446 2754 Notizt'e
1476 2720 1544 2754 etc.
1580 2721 1673 2755 tom.
1706 2717 1733 2754 I.
1760 2728 1847 2768 pag.
1885 2717 1971 2754 476.
2001 2717 2113 2766 Opus

1152 2783 1287 2816 autem
1313 2780 1376 2816 cui
1409 2780 1468 2816 tit.
1494 2777 1527 2816 le
1552 2777 1711 2817 Novelle
1738 2780 1974 2817 Porrettane
2002 2778 2114 2816 Bolo-

1149 2851 1229 2891 9na
1250 2839 1362 2879 4483.
1385 2840 1484 2878 Ven.
1510 2841 1613 2879 4484
1635 2845 1675 2878 et
1705 2840 1798 2878 ibid.
1821 2841 1922 2879 4504
1946 2842 2013 2879 454
2026 2841 2062 2878 0.
2087 2841 2110 2878 f.

1153 2902 1267 2941 4545,
1300 2901 1416 2940 4525.
1445 2902 1562 2940 4534.
1593 2902 1775 2941 Veronae
1817 2903 1932 2941 4540.
1957 2903 1993 2939 8.
2017 2913 2109 2941 euni

1151 2965 1287 3002 maiori
1317 2964 1538 3002 celebritati
1571 2965 1744 3013 extulit.)

1203 3024 1545 3072 SABBATlNUS,
1591 3026 1812 3075 Episcopus
1855 3026 2080 3064 Genucnsis
2100 3057 2109 3072 ,

1150 3087 1216 3135 qui
1246 3096 1281 3123 a.
1311 3085 1401 3123 876.
1445 3086 1618 3124 Concilio
1662 3087 1889 3135 'Helm-nsi,
1919 3093 1960 3126 et
2006 3099 2110 3141 anno

1148 3151 1343 3196 sequente.
1403 3148 1657 3186 Ravennensi
1701 3149 1904 3196 interfuit,
1949 3151 2109 3200 scripsit

1148 3206 1401 3258 Epitaphium
1431 3209 1470 3247 S.
1496 3208 1617 3258 Syri,
1648 3221 1766 3259 quem
1799 3211 1882 3260 ipse
1924 3211 2108 3250 Genuam

1146 3270 1417 3307 transtulerat..
1456 3271 1646 3320 Ugliullus
1695 3273 1802 3311 ltalia
1842 3274 1882 3311 S.
1912 3278 2005 3312 tom.
2044 3274 2104 3312 lY.

1151 3337 1315 3369 'v'oclilese
1333 3343 1425 3379 parte
1443 3342 1498 3371 Ill.
1521 3350 1550 3381 p.
1570 3340 1642 3376 514.
