2533 4009
440 265 515 303 176

429 335 566 372 *inentis
592 334 792 372 roboravi.
817 324 976 370 credens
994 344 1067 381 per
1092 332 1201 387 haee
1221 333 1374 385 aliquos

430 396 655 444 aedificari.
680 394 745 432 cui
765 391 939 430 videlicet
954 395 1064 442 operi
1081 392 1238 432 titulum
1258 397 1375 446 impo—

428 456 514 493 sui.
537 468 556 492 a
610 453 853 500 Qtjmlono
894 453 1163 493 LEGENDUM
1203 456 1280 494 SIT
1324 457 1371 495 {N

427 518 586 555 Rssnt's
611 514 913 552 l'lSlssllJllUS.

480 578 546 614 EJ:
558 576 736 627 petitione
753 587 920 626 namque
934 575 1115 628 fratrum
1133 583 1372 629 nostrorum,

427 636 712 676 x·itani*sc111cte'
746 637 975 683 NlleLAl,
1016 652 1083 678 nec
1123 653 1195 680 non
1247 643 1377 680 sancti

426 697 672 736 WOLFGAN
679 698 694 733 s
697 699 726 736 :1
746 698 779 745 b)
798 699 1007 740 emendans
1027 732 1034 746 .
1060 702 1165 741 sicut
1190 704 1228 741 in
1245 705 1374 743 utriu-

424 771 519 811 sque
549 759 650 798 vitae
677 759 837 810 proto-qo
863 762 1093 810 intimatur,
1115 765 1261 816 scripsi
1280 799 1286 811 ,
1305 778 1376 804 an-

424 827 579 873 tequam
598 822 877 872 proficiscerer
905 825 959 864 ad
981 827 1261 866 monasterium
1284 830 1315 866 F
1318 829 1375 867 ul-

421 884 549 922 dense.
577 883 646 921 sed
674 888 710 922 et
741 887 860 924 vitam
881 888 1012 925 sancti
1033 889 1272 937 ALTONIS,
1295 903 1377 929 una

423 956 509 982 cum
542 944 780 996 quibusdam
815 948 1060 988 carminibus
1098 950 1152 988 ad
1196 951 1374 990 eumdem

423 1011 601 1047 sanctum
621 1009 921 1060 pertenentibus.
956 1012 1164 1063 Postquam
1198 1024 1291 1052 vero
1316 1026 1378 1052 re-

422 1068 503 1106 dii.
523 1072 646 1108 vitani
665 1071 794 1108 sancti
815 1071 970 1110 MAGNI
997 1074 1165 1124 scripsi,
1207 1074 1379 1126 comput-

423 1142 493 1170 sus
527 1130 705 1183 fratrum
726 1132 894 1171 duorum
928 1133 1116 1184 precibus
1160 1136 1308 1176 intimis
1347 1142 1385 1176 et

423 1193 615 1241 assiduis,
652 1195 905 1235 WlLlllimtl
930 1196 1080 1236 scilicet
1097 1211 1150 1237 eae
1170 1211 1383 1251 coiiqreqa-

425 1256 523 1294 tione
540 1261 687 1305 nostra,
709 1261 746 1296 et
766 1257 932 1299 alterius
956 1260 1027 1311 qui
1048 1260 1102 1299 ad
1124 1273 1192 1301 nos
1209 1262 1386 1301 discendi

423 1330 551 1358 causa
582 1332 637 1358 eo:
666 1321 902 1359 monasterio
932 1323 1062 1361 sancti
1102 1325 1238 1374 Maqnz·
1277 1326 1385 1364 venit

423 1382 662 1421 ADALHAM
693 1382 846 1430 dictus,
881 1385 1027 1435 quique
1045 1397 1146 1424 nunc
1164 1386 1383 1425 ins-anctae

423 1441 548 1495 Afrae
571 1443 749 1483 coenobio
779 1444 914 1484 Abbas
936 1453 994 1486 est
1021 1448 1220 1486 constitus.

479 1507 571 1545 Post
591 1506 684 1545 haec
713 1511 845 1546 autem
874 1520 963 1546 cum
993 1509 1168 1548 viderem
1198 1510 1317 1550 simul
1351 1516 1389 1550 et

396 1559 398 1563 ’
431 1569 611 1607 audirem
629 1569 802 1621 undique
819 1570 1073 1610 Christianae
1101 1572 1301 1624 reh'qionis
1324 1574 1388 1612 de-

421 1632 695 1679 structionem,
722 1635 928 1672 Rectorum
953 1638 987 1672 et
1014 1635 1243 1687 Principum
1262 1636 1381 1686 περίι-

418 1695 589 1742 flentium
631 1696 671 1732 in
707 1694 883 1734 subditos
905 1726 912 1737 .
955 1700 1035 1734 tam
1079 1697 1116 1735 iu
1151 1698 1380 1750 spirituali,

421 1768 540 1807 quam
556 1756 759 1795 saeculari
793 1757 876 1796 vita
910 1758 1083 1810 positos,
1131 1759 1380 1812 doleremque

414 1818 567 1868 juqiter
587 1830 662 1869 pro
679 1817 824 1857 talibus
841 1851 850 1867 ,
869 1821 1043 1870 coqitare
1063 1833 1169 1873 coepi
1188 1853 1195 1862 .
1224 1827 1264 1861 ut
1288 1824 1382 1874 quia

424 1881 554 1921 nullus
583 1882 817 1933 diynaretur
849 1896 907 1922 me
923 1884 1066 1923 audire
1087 1887 1286 1924 communi
1300 1898 1381 1925 ser-

424 1956 532 1983 mone
549 1944 781 1996 loquentem,
802 1958 876 1998 pro
894 1947 1134 1999 miseriaque
1161 1952 1270 1987 tanta
1292 1961 1380 1986 con-

423 2006 609 2046 dolentem
628 2038 635 2051 ,
651 2007 714 2046 vel
734 2007 938 2047 scribendo
955 2008 1092 2061 aliqua
1113 2022 1254 2049 sacrae
1273 2012 1382 2050 Scri-

418 2073 564 2120 pturae
587 2068 710 2108 verba
730 2069 981 2122 proferrem.
1008 2072 1110 2110 unde
1129 2072 1281 2124 aliquos
1310 2085 1376 2111 ae-

423 2130 584 2180 dificare
615 2143 780 2183 possem.
813 2134 896 2171 Hac
928 2133 1051 2183 iqitur
1081 2146 1206 2173 causa
1235 2136 1382 2187 scripsi

424 2191 568 2232 librum
594 2194 670 2232 mei
690 2207 842 2246 quoque
868 2195 997 2246 operis
1020 2196 1293 2245 novissimum,
1317 2199 1384 2236 cui

424 2254 577 2294 titulum
601 2257 766 2307 imposui
794 2259 855 2295 nii
881 2259 1043 2297 CURSU
1089 2260 1380 2299 St‘lltlTUAtA.

424 2330 454 2363 (χ
484 2318 527 2355 In
551 2330 625 2369 quo
650 2317 829 2357 videlicet
863 2318 963 2357 libro
1006 2324 1198 2371 quantum
1219 2333 1292 2372 per
1317 2333 1382 2360 sa-

424 2390 517 2416 crae
541 2381 797 2431 scripturae.
822 2380 1076 2432 mamimeque
1095 2394 1170 2433 per
1196 2382 1382 2422 Psalteriz

425 2443 462 2477 et
488 2440 697 2490 Evanqelii
723 2453 906 2491 campum
932 2454 1097 2481 currere
1119 2445 1230 2496 potui
1248 2477 1255 2488 ,
1281 2445 1381 2484 scri-

423 2500 543 2540 bendo
570 2502 729 2554 protuli.
755 2505 863 2542 Inter
879 2504 974 2543 haec
995 2508 1031 2543 et
1055 2517 1260 2544 sermones
1290 2519 1383 2558 quo-

427 2563 565 2614 sdam,
596 2566 633 2615 d)
654 2577 721 2604 nec
746 2578 820 2604 non
854 2568 1041 2616 epistolas
1072 2580 1148 2619 pro
1190 2571 1384 2608 communi

437 2626 605 2666 utilitate
629 2628 795 2680 scripsi:
820 2640 922 2680 quas
941 2641 975 2668 si
999 2630 1088 2680 quis
1109 2629 1211 2682 forte
1252 2630 1378 2681 leqere

481 2758 515 2794 a)
534 2760 592 2790 llic
609 2758 691 2790 liber
710 2761 782 2791 sive
797 2769 902 2792 sermo
927 2760 1035 2793 adhuc
1055 2762 1274 2795 desideratur.

482 2807 517 2847 b)
530 2808 607 2839 Vita
617 2810 651 2841 S.
665 2809 869 2850 Wotsyanqi
882 2812 1035 2850 Episcopi
1050 2813 1299 2845 Ratisbonensis
1309 2814 1389 2846 ibid.

423 2865 495 2897 pag.
510 2857 663 2889 815-6-24.
683 2859 845 2898 rhythmis
865 2865 896 2890 et
918 2863 1068 2891 oratione
1086 2865 1248 2901 prosaria.
1267 2863 1390 2894 Edide-

425 2911 472 2937 rat
489 2906 543 2937 sed
566 2910 637 2939 sine
654 2908 786 2939 Othloni
806 2909 1010 2948 praefatione
1030 2910 1242 2942 mabillonius
1263 2914 1332 2943 Sec.
1352 2915 1388 2942 V.

425 2956 625 2988 Benedictin.
651 2966 725 2997 pag.
753 2957 825 2988 71⁶2.
863 2960 936 2989 Vita
969 2959 1002 2990 S.
1041 2959 1188 2990 Nic-olai
1228 2962 1388 2999 myrensis

423 3004 528 3036 adhuc
557 3007 771 3038 desideratur.
819 3010 911 3040 Sicut
940 3010 1013 3039 Vita
1036 3009 1068 3041 S.
1096 3009 1222 3047 Momm·
1244 3018 1387 3049 quoquo.

424 3054 492 3084 svd.
523 3056 602 3086 Vita
619 3058 655 3089 S.
682 3058 827 3088 Alconis
850 3059 986 3089 Abbati<
1013 3060 1045 3089 in
1071 3061 1207 3090 navaria
1234 3062 1387 3098 superio·

432 3111 465 3132 re
487 3112 544 3141 qu*¹
566 3110 601 3135 Α.
624 3107 696 3137 760.
721 3109 806 3139 diem
832 3108 941 3146 obiit,
968 3106 1021 3138 illa
1054 3109 1125 3146 ipsa
1154 3107 1283 3139 videtur
1305 3117 1390 3148 quae

429 3156 533 3182 exstat
558 3156 628 3185 sine
645 3159 790 3188 auctoris
811 3159 944 3189 nomine
966 3160 997 3188 in
1027 3159 1114 3189 Actis
1141 3159 1288 3189 sanctor.
1313 3162 1336 3189 t.
1355 3158 1385 3189 ἱ).

436 3200 530 3231 Febr.
558 3203 587 3233 9.
607 3213 681 3243 pag.
709 3207 769 3236 555·
805 3213 833 3237 et
854 3209 886 3238 in
907 3207 1087 3239 mabillonii
1105 3209 1174 3238 Soc.
1198 3208 1253 3238 ΙΙΙ.
1277 3208 1308 3239 ⁶2.
1331 3211 1390 3239 Be-

433 3250 591 3281 nedictin.
615 3262 647 3292 p.
663 3255 733 3286 ⁶217.

495 3306 526 3334 C}
550 3301 680 3333 Librum
700 3305 740 3333 rte
766 3308 881 3338 Cursu
897 3309 1086 3348 spirituali
1113 3307 1216 3339 edidit
1239 3308 1389 3340 laudatus

438 3348 548 3376 1¹¹⁷ziu⁸
576 3353 652 3381 tom.
689 3353 718 3382 5.
743 3358 929 3388 anecdotor.
966 3363 1056 3397 parte
1087 3359 1118 3388 ⁶2.
1143 3366 1216 3397 pag.
1238 3357 1391 3389 556-400.

436 3396 490 3424 nbi
510 3397 685 3434 *abjicitur
703 3411 773 3442 pag.
793 3406 862 3435 398,
886 3409 1030 3438 narratio
1049 3408 1086 3438 «le
1103 3409 1227 3439 (jornite
1252 3416 1307 3447 per
1324 3415 1378 3437 so-

1229 263 1596 303 OTHONUM

1451 334 1620 374 voluerit
1641 337 1772 387 ,apud
1795 349 1862 378 nos
1885 340 2061 380 invenire
2082 343 2240 394 poterit.
2258 342 2412 393 Scripsi

1450 399 1565 436 etiam
1581 402 1670 435 ante
1685 397 1822 449 plures
1846 412 1969 441 annos
1998 402 2146 443 tibrum
2195 406 2256 443 DF.
2290 405 2410 444 CON-

1452 460 1688 499 FESSIONE
1722 460 1924 501 ACTUUM
1969 467 2213 513 MEORUM,
2245 468 2277 515 θ’)
2307 469 2354 504 ut
2378 466 2416 506 si

1415 540 1422 543 -
1450 535 1530 574 qua
1560 522 1769 573 infirim'tas
1792 522 1855 562 vet
1891 523 2097 566 subitanea
2131 539 2238 568 mors
2275 540 2334 567 me
2372 529 2412 568 in

1449 584 1640 623 extremis
1664 583 1869 635 impediret
1903 597 1930 623 a
1959 587 2088 627 debita
2131 590 2381 643 Confessione
2400 621 2409 634 ,

1448 646 1586 685 saltem
1612 657 1685 696 per
1714 646 1865 698 scripta
1901 649 2193 702 patefacerem,
2231 653 2320 704 quis
2357 665 2412 692 θα)

1448 708 1669 759 memetispo
1686 741 1695 757 ,
1717 709 1806 759 quis
1824 720 1879 747 ea:
1911 709 2011 748 DEI
2023 713 2157 761 ‚qratia
2179 725 2314 754 essem.

1501 770 1637 808 Adhuc
1658 770 1846 823 proferre
1872 769 1971 810 tibet
1992 773 2159 827 duarum
2176 775 2409 816 Orationum

1448 833 1582 872 verba.
1601 833 1628 871 Α
1638 832 1809 872 ttendens
1819 834 1920 872 enim
1931 835 2105 886 saepius,
2119 837 2214 887 quia
2220 837 2413 889 plurimos

1451 894 1644 946 exemplis
1671 896 1811 946 pravis
1857 896 2028 944 seduoei,
2073 897 2170 936 talia
2215 900 2414 939 Orationis

1450 956 1575 996 verba
1607 957 1788 996 scr-ibere
1821 958 1965 1004 studui,
1995 959 2199 1012 inquibus
2222 963 2412 1014 unusqui-

1451 1030 1548 1071 sque
1576 1020 1676 1059 satis
1705 1020 1840 1059 doceri
1874 1025 2029 1074 potest,
2059 1021 2247 1074 quomodo
2271 1034 2346 1075 pro
2373 1035 2413 1063 se

1453 1086 1489 1120 et
1513 1094 1586 1133 pro
1600 1082 1692 1122 aliis
1708 1094 1827 1122 orare
1850 1083 2006 1123 debeat:
2026 1095 2129 1136 quae
2151 1083 2300 1124 scilicet
2317 1085 2398 1124 Ora

1455 1144 1576 1184 tiones
1598 1156 1686 1183 cum
1710 1146 1736 1183 a
1769 1144 2010 1197 quibusdam
2034 1147 2129 1198 jam
2166 1144 2386 1185 habeantur
2403 1178 2413 1195 ,

1456 1206 1496 1243 in
1525 1206 1594 1245 hoc
1629 1206 1815 1258 opusculo
1845 1207 2074 1247 describere
2097 1207 2216 1247 nolui.
2235 1209 2319 1247 Hae
2343 1221 2414 1247 au-

1458 1272 1531 1306 tem
1566 1269 1795 1318 Orationes,
1825 1270 1983 1321 aliaque
2006 1271 2193 1323 superius
2206 1270 2417 1310 dedictan-

1456 1329 1606 1368 didono
1630 1330 1799 1381 prolata
1821 1363 1829 1379 ,
1862 1335 1967 1370 tauto
1996 1333 2121 1383 maqis
2146 1332 2289 1383 pietati
2309 1333 2416 1372 Divi-

1457 1404 1531 1430 nae
1560 1396 1713 1432 constat
1739 1393 1971 1446 referenda,
1998 1398 2154 1445 quanto
2168 1393 2338 1446 amplius
2351 1406 2416 1432 no-

1459 1458 1540 1492 tum
1569 1459 1626 1493 est
1654 1467 1714 1494 me
1742 1456 1850 1494 vitiis
1870 1456 2058 1506 plurimis
2093 1455 2288 1507 quondam
2313 1455 2417 1495 dedi-

1459 1520 1540 1555 tum
1569 1517 1667 1556 nihil
1691 1517 1830 1556 horum
1846 1517 2050 1556 meruisse.
2069 1517 2157 1556 Ideo
2172 1520 2304 1557 autem
2322 1517 2416 1558 haec

1453 1580 1606 1631 protuli
1626 1611 1633 1627 ,
1664 1585 1707 1618 ut
1725 1582 1854 1632 Juxta
1883 1580 1951 1619 hoo
1979 1579 2088 1631 quod
2114 1580 2194 1633 ipse
2223 1581 2413 1620 Dominus

1456 1643 1496 1681 in
1526 1642 1733 1693 Evanqelio
1761 1641 1918 1680 cuidam
1953 1641 2205 1682 daemoniaco
2237 1643 2264 1680 ὰ
2291 1653 2334 1682 se
2373 1642 2417 1681 li-

1454 1702 1589 1742 berato
1617 1703 1817 1755 praecipit
1846 1703 1996 1753 dicens,
2029 1704 2136 1744 Vade
2176 1706 2212 1743 in
2253 1704 2414 1744 domum

1457 1771 1593 1813 tuam,
1623 1772 1662 1804 ot
1693 1778 1806 1805 narra
1838 1772 1986 1817 quanta
2018 1767 2160 1806 fecerit
2188 1767 2257 1806 tibi
2285 1768 2413 1816 DEus3

1455 1840 1522 1879 eqo
1551 1840 1702 1880 quoque
1731 1840 1968 1877 narrarem,
2003 1834 2155 1881 quanta
2182 1829 2280 1868 mihi
2307 1827 2415 1868 bene-

1453 1890 1547 1941 ficia
1579 1891 1695 1930 DEus
1719 1889 1963 1930 eoehibuerit.

1509 1954 1745 1993 OTHONUM
1798 1954 2128 2004 Imperatorum,
2173 1953 2297 2005 primi
2333 1955 2416 1992 sive

1458 2016 1590 2065 magni
1620 2015 1668 2054 ab
1698 2017 1770 2054 An.
1801 2017 1890 2055 938.
1923 2015 1970 2054 ad
2002 2016 2095 2054 974.
2115 2015 2278 2055 secundi
2301 2015 2350 2056 ab
2370 2017 2414 2055 A.

1457 2078 1546 2116 97t.
1577 2079 1623 2117 ad
1655 2080 1746 2117 984.
1777 2085 1816 2117 et
1847 2079 1954 2118 tertii
1980 2080 2027 2118 ab
2056 2079 2130 2119 An.
2160 2080 2250 2120 984.
2280 2079 2326 2119 ad
2364 2082 2409 2119 A.

1456 2142 1571 2180 4003.
1603 2142 1823 2192 Diplomata
1853 2141 2047 2191 quaedam
2073 2143 2111 2180 in
2137 2142 2300 2181 illustris
2320 2143 2413 2180 Bes-

1456 2204 1541 2242 selii
1581 2204 1777 2243 Chronico
1822 2204 2063 2243 Gotwieensi
2094 2215 2181 2256 pag.
2211 2205 2298 2243 459.
2328 2215 2410 2254 seq.

1459 2266 1533 2304 493
1564 2267 1655 2304 209.
1684 2265 1852 2304 Othonis
1882 2267 1996 2317 primi
2025 2267 2141 2305 etiam
2172 2266 2275 2317 apud
2313 2267 2413 2304 Hen-

1457 2329 1579 2366 ricum
1611 2328 1859 2367 Moibomium
1892 2333 1986 2367 tom.
2012 2329 2048 2367 3.
2074 2340 2205 2368 rerum
2226 2328 2410 2367 German.

1461 2401 1547 2441 pag.
1578 2390 1669 2429 739.
1699 2390 1788 2429 754.

1511 2453 1580 2491 Pro
1608 2452 1751 2491 Othone
1779 2453 1840 2490 IV.
1862 2454 1927 2503 qui
1954 2453 2001 2492 ab
2025 2453 2070 2492 A.
2097 2453 2199 2493 4208
2223 2452 2269 2492 ad
2297 2453 2412 2492 4342.

1458 2517 1724 2566 imperitavit,
1747 2521 1878 2554 exstat
1902 2516 2088 2567 Apologia
2114 2514 2299 2563 Henriei,
2323 2516 2414 2554 Mei-

1458 2578 1574 2616 bomii
1604 2579 1667 2616 avi
1698 2578 1894 2617 adversus
1929 2579 2237 2629 Urspergensem
2277 2578 2414 2628 Cuspi-

1459 2641 1649 2688 nianum,
1679 2640 1767 2678 Sel).
1810 2641 2057 2679 Munsterum
2102 2640 2279 2690 aliosque
2307 2639 2409 2677 edita

1452 2772 1548 2804 litum
1564 2779 1670 2812 aquae
1689 2770 1857 2811 judicium
1875 2770 2045 2802 diffamato
2062 2778 2162 2811 super
2177 2772 2253 2811 equi
2270 2772 2390 2810 rupina
2404 2793 2413 2807 ‚

1449 2826 1548 2861 atque
1572 2819 1589 2851 a
1613 2825 1707 2851 reatu
1725 2819 1862 2851 liberato
1880 2842 1889 2857 ‚
1908 2823 1941 2851 et
1958 2820 2182 2858 fragmentum
2198 2820 2240 2850 de
2256 2818 2416 2852 transla-

1451 2871 1545 2901 tione
1568 2869 1730 2909 corporis
1762 2870 1796 2901 S.
1824 2869 1992 2911 lgionysii
2014 2877 2031 2900 e
2058 2871 2198 2909 Francia
2221 2871 2255 2901 in
2279 2871 2416 2902 Germa-

1451 2922 1540 2950 niam
1565 2919 1605 2950 ad
1633 2920 1867 2950 monasterium
1892 2921 1921 2949 S.
1946 2920 2194 2952 Emmerammi.

1509 2968 1542 3006 d)
1563 2971 1611 2999 Ex
1634 2968 1686 2999 his
1711 2968 1820 3000 eidem
1848 2969 1941 3000 Pezio
1971 2968 2127 3000 debemus
2150 2969 2355 3009 Epistulam
2376 2969 2417 3000 do

1449 3017 1697 3057 permissionis
1734 3017 1902 3048 bonorum
1938 3022 1971 3048 et
1993 3017 2166 3049 matorum
2189 3019 2308 3050 causis
2338 3026 2414 3059 pag.

1450 3068 1604 3099 2253-5256.
1622 3074 1656 3101 et
1677 3077 1871 3098 sermonem
1888 3069 1927 3098 in
1961 3067 2089 3100 Natali
2112 3068 2359 3108 Apostolorum
2381 3078 2412 3108 p.

1449 3117 1602 3150 2359-544.
1625 3119 1688 3148 Nec
1713 3126 1778 3149 non
1803 3118 2044 3157 precationem
2066 3116 2265 3157 peccatoris
2285 3139 2295 3155 ,
2311 3116 2412 3148 Theo-

1448 3167 1540 3199 disco
1564 3167 1720 3199 idiomate
1735 3191 1743 3207 ,
1760 3172 1841 3199 tom.
1867 3167 1897 3199 1.
1921 3166 2110 3199 anecdotor.
2138 3174 2213 3207 pag.
2235 3164 2309 3197 417.
2333 3174 2409 3198 cum

1450 3219 1561 3248 Latina
1592 3216 1747 3248 Otholoni
1772 3218 1928 3254 versione
1947 3225 1979 3257 p.
2001 3212 2073 3248 4⁶21.
2112 3216 2216 3254 incip.
2256 3214 2410 3246 Trohtim

1451 3266 1673 3306 (tlmahtisler.

1509 3315 1540 3354 e)
1563 3317 1620 3347 llic
1638 3318 1705 3356 ipse
1722 3315 1851 3348 videtur
1870 3325 1968 3356 quern
1991 3315 2202 3347 mabillonius
2229 3315 2260 3345 in
2293 3313 2411 3346 Anale-

1450 3367 1510 3396 rtis
1533 3365 1646 3396 edidit.
