2533 4009
454 289 506 326 78
1362 271 1547 314 MILO

452 359 545 408 Regi
566 362 653 408 post
673 355 823 394 Milonis
847 353 995 390 obitum
1015 346 1402 389 obtulitJIUCssAL-

449 419 546 457 DUS
577 419 820 469 propinquus
841 415 927 452 cius
951 424 995 451 ac
1026 411 1273 461 discipulus,
1314 420 1402 446 ver-

451 482 561 520 sibus
582 491 681 530 quos
706 477 828 516 edidit
852 475 1093 515 Edmundus
1109 476 1284 512 Martene
1309 476 1403 508 tom.

455 545 491 581 4.
517 541 741 580 anecdotor.
767 550 853 589 pag.
878 539 938 575 46.

471 611 554 654 Milo
569 615 664 649 poeta
687 613 765 639 tuus
779 633 789 646 ,
809 611 922 639 noster
944 604 1133 638 didascalus
1158 603 1245 635 idem

510 661 685 698 Ingenium
714 659 811 688 cuius
835 658 898 689 hoc
921 657 1006 687 benc
1031 655 1253 695 prodit-opus.

466 710 620 739 Carmine
643 709 699 746 qui
727 706 902 747 quondam
924 707 1036 737 vitam
1059 705 1233 742 descripsit
1251 700 1413 737 amandi,

507 757 670 788 praesulis
696 758 834 794 eximii,
858 755 977 787 detulit
1002 759 1102 793 atque
1126 753 1201 783 tibi.

467 811 562 839 Hunc
584 815 718 847 quoque
755 808 982 845 conscriptum
1007 808 1117 835 vestro
1141 802 1202 833 sub
1227 801 1353 831 honore
1379 798 1419 828 li-

1274 848 1397 879 bellum

513 911 598 938 Dum
624 910 760 946 cuperet
784 909 900 937 votum
924 903 1158 935 concelebrare
1184 908 1282 930 suum
1298 923 1306 934 ‚

476 958 607 990 Occidit
623 957 789 987 humanae
810 955 999 996 persolvens
1022 953 1133 983 debita
1159 952 1245 980 vitae
1268 952 1332 978 etc.

508 1018 563 1055 De
587 1020 674 1054 arte
699 1015 866 1053 metrica
896 1014 1038 1051 librum
1071 1012 1265 1048 memorat
1303 1006 1417 1044 Vale-

456 1082 540 1119 rius
564 1079 743 1118 Andreas
767 1077 865 1115 Bibl.
895 1074 988 1122 Belg
1022 1083 1108 1122 pag.
1130 1070 1219 1107 676,

507 1139 706 1192 Epz‘stolas
743 1137 789 1176 ad
821 1136 1002 1174 diversos
1045 1132 1288 1170 Trithemius
1330 1140 1414 1179 cap.

455 1205 517 1242 83.
542 1203 589 1240 dc
615 1203 653 1239 S.
683 1201 728 1237 E.
764 1203 803 1236 et
847 1197 895 1235 de
927 1195 1152 1235 illustribus
1195 1191 1417 1230 Benedicti-

456 1266 517 1302 nis
557 1265 603 1301 II.
641 1263 703 1301 50.
742 1259 1004 1310 Epitaphium
1038 1257 1194 1296 Milonis
1238 1256 1276 1291 in
1308 1253 1417 1291 Actis

460 1327 639 1365 Sanctor.
661 1329 756 1362 tom.
783 1323 818 1360 3.
844 1322 934 1360 ι166.
954 1321 1013 1359 46.
1040 1330 1128 1369 pag.
1157 1317 1217 1356 46.
1244 1316 1293 1354 ab
1319 1317 1419 1354 Huc-

468 1387 584 1426 baldo
606 1392 649 1425 ut
675 1386 859 1435 suspicor
884 1385 917 1421 ei
940 1383 1139 1432 positum·

453 1457 529 1488 Milo
558 1458 657 1487 Poeta
675 1455 818 1494 Sophus,
836 1453 937 1486 cubat
951 1452 1015 1483 hoc
1033 1450 1094 1485 sub
1112 1455 1277 1480 marmore
1296 1447 1426 1479 clausus

451 1507 606 1537 Carmine
628 1504 841 1543 dulciloquus
858 1527 866 1541 ,
889 1504 947 1541 qui
978 1501 1106 1533 librum
1131 1499 1328 1530 Sobrietatis

452 1555 589 1592 Edidit,
617 1559 649 1585 et
671 1556 829 1585 Sanctum
854 1551 994 1592 pulchre
1017 1551 1168 1589 depinxit
1195 1546 1381 1578 Amandum
1399 1569 1408 1583 ‚

453 1605 607 1638 Floribus
631 1612 794 1635 exornans
811 1627 819 1642 ‚
844 1605 950 1632 metro
977 1606 1142 1640 prosaque
1158 1601 1342 1628 venustans
1362 1619 1371 1632 ,

458 1657 556 1688 Tanti
580 1655 752 1686 pontificis
774 1652 918 1692 palmam
938 1673 946 1688 ,
969 1653 1074 1688 caput
1097 1649 1129 1686 a)
1144 1651 1246 1686 atque
1268 1646 1432 1676 Coronam

514 1715 626 1754 Alius
642 1713 761 1752 MILO
777 1711 1111 1760 Archiepiscopus
1129 1707 1428 1744 Beneventanus

461 1789 525 1816 an.
555 1776 657 1815 4074
687 1774 735 1812 de
761 1784 839 1823 quo
864 1769 1104 1810 Edmundus
1129 1771 1307 1808 Martene
1333 1770 1427 1803 tom.

469 1839 530 1876 vl.
559 1840 851 1875 monumentor.
879 1844 966 1883 pag.
994 1831 1110 1871 4053.
1136 1835 1257 1879 atque
1286 1827 1430 1877 Ughcl-

464 1901 529 1938 lus
553 1904 649 1936 tom.
674 1898 774 1936 Vlll.
800 1907 888 1946 pag.
913 1895 976 1932 88.
1004 1894 1068 1931 ubi
1099 1890 1300 1941 Synodica
1346 1890 1433 1926 eius

469 1964 505 2000 in
536 1959 696 2010 Synodo
722 1960 1006 1997 Beneventana
1032 1954 1091 1993 An
1137 1952 1250 1991 4075.

527 2023 648 2062 MILO
674 2021 807 2059 Abbas
828 2015 1094 2057 Luaeovz'ensis
1120 2016 1224 2053 circa
1251 2013 1295 2051 A.
1318 2012 1436 2051 4000.

470 2085 562 2124 vide
582 2083 793 2123 Mabillonii
820 2081 1010 2119 Analecta
1037 2091 1071 2128 p.
1090 2078 1183 2116 248.
1204 2076 1266 2114 ed.
1293 2086 1438 2113 novae.

528 2145 648 2185 MILO
666 2144 838 2183 nuncius
855 2142 1012 2180 Genrici
1033 2137 1237 2179 Remensz's
1255 2136 1440 2186 Archiep.

476 2209 523 2248 ad
555 2206 827 2246 Alexandrum
860 2203 926 2242 III.
956 2202 1074 2252 cujus
1106 2202 1255 2239 mentio
1287 2200 1324 2236 in
1351 2197 1442 2236 Alo-

471 2269 614 2309 xandri
643 2267 834 2318 Epistolis
863 2264 967 2316 apud
999 2263 1116 2302 Edm.
1141 2264 1319 2301 Martene
1346 2265 1444 2297 tom.

476 2333 514 2371 2.
546 2342 675 2369 novae
706 2328 950 2367 collectionis
981 2337 1068 2377 pag.
1097 2324 1188 2363 742.
1227 2323 1318 2361 846.
1349 2322 1445 2359 842.

472 2393 562 2432 966.
589 2392 701 2430 Α1465
726 2395 860 2428 tamen
883 2393 926 2427 ut
950 2388 1114 2426 videtur
1137 2386 1258 2425 MILO
1286 2383 1332 2422 de
1354 2383 1447 2422 The—

475 2453 537 2493 bio
569 2453 620 2491 id.
651 2463 741 2503 pag.
773 2451 868 2490 754.

526 2516 646 2554 MILO
677 2514 902 2564 Episcopus
933 2512 1178 2550 Morinorum
1218 2509 1447 2547 Teruanen-

474 2578 532 2617 sis
558 2577 606 2615 de
635 2586 714 2626 quo
736 2574 947 2613 Albericus
977 2573 1023 2611 ad
1043 2573 1116 2610 An.
1139 2572 1253 2610 4456.
1279 2570 1325 2607 In
1350 2569 1450 2607 Nor-

481 2639 590 2678 berto
617 2637 742 2689 fides,
775 2636 816 2673 in
846 2633 1054 2673 Bernorclo
1087 2632 1291 2681 charitas,
1316 2631 1356 2669 in
1378 2630 1450 2669 Μί-

481 2701 565 2739 lone
582 2698 765 2750 refloruit
779 2695 1000 2735 humilitas.
1027 2696 1225 2733 Robcrtus
1246 2693 1294 2732 dc
1314 2693 1449 2731 Monte

480 2763 526 2801 ad
560 2763 633 2799 An.
669 2761 783 2799 4439.
815 2757 1007 2797 Florebat
1036 2758 1104 2796 hoc
1150 2762 1320 2807 tempore
1359 2753 1450 2793 Gal-

484 2824 613 2863 licana
647 2821 824 2859 Ecclesia
850 2832 925 2872 per
955 2831 1066 2859 vtros
1096 2817 1287 2869 rellqiwe
1317 2828 1365 2854 ac
1388 2827 1451 2854 sa-

478 2884 629 2939 ptentia
648 2882 847 2929 illustres,
871 2880 1058 2919 Milonem
1074 2881 1336 2918 Mormensem
1361 2876 1452 2926 Epi-

483 2957 670 2998 scopum,
701 2941 935 2982 humilitatis
979 2940 1126 2979 virtute
1166 2938 1448 2989 praecipuum.

485 3008 588 3058 Ejus
617 3007 788 3057 diploma
818 3015 880 3041 an.
917 3003 1031 3040 4442.
1061 3000 1164 3051 apud
1195 3001 1383 3038 Miracum
1412 2999 1447 3033 in

488 3071 632 3111 Codice
662 3068 919 3107 donationum
946 3069 1039 3102 tom.
1065 3065 1099 3102 4.
1126 3074 1213 3113 pag.
1241 3061 1329 3099 389.
1356 3058 1450 3096 edit.

492 3143 630 3170 novae.

549 3191 766 3230 Guilelmus
786 3188 832 3228 cle
856 3187 1096 3234 MILTONA,
1118 3195 1236 3235 supra
1266 3188 1359 3222 tom.
1387 3182 1451 3220 III.

495 3265 582 3305 pag.
613 3253 701 3292 445.

557 3393 591 3432 a)
617 3393 686 3424 Val.
716 3391 863 3423 Andreas
894 3395 926 3421 et
952 3390 1103 3421 Oudinus
1129 3387 1241 3427 capis.

1529 341 1698 378 Joannes
1715 335 2144 389 MILVERNAEUSsup.
2162 342 2189 376 t.
2207 339 2268 377 IV.
2285 351 2323 390 p.
2335 341 2411 379 389
2423 349 2432 360 ‘

1529 404 1701 439 loannes
1732 399 2131 439 MILVERODUNUS.
2157 400 2285 451 Supra
2309 405 2336 439 t.
2362 401 2425 441 IV.

1480 477 1566 516 pag.
1598 463 1689 501 389.

1539 523 1664 563 Guido
1690 521 1735 560 cle
1764 518 1903 560 MIMO.
1930 521 2054 571 Supra
2082 523 2237 562 GUlDO
2266 525 2307 563 S.
2343 523 2438 562 Ger-

1483 587 1593 625 mani
1620 591 1718 623 tom.
1750 584 1784 621 3.
1817 593 1902 632 pag.
1935 583 2023 620 424.

1541 645 1760 686 Guilelmus
1790 642 2010 682 MINARDI.
2042 644 2137 694 Sup.
2159 650 2185 683 t.
2212 648 2246 685 3.
2279 658 2316 696 p.
2347 647 2440 685 446.

1540 707 1815 749 MlNDEn‘SlS
1831 705 2033 743 Ecclesiae
2047 705 2443 746 ChroniconAuctore

1488 771 1701 819 Anonymo
1731 768 1778 806 ab
1803 766 1877 805 An-
1903 765 1994 803 780.
2020 765 2067 803 ad
2091 766 2203 804 4474.
2229 767 2377 806 editum
2394 767 2443 806 ab

1489 834 1655 871 Henrico
1686 829 1891 868 Meibomio
1922 832 2018 864 tom.
2054 828 2087 865 4.
2119 828 2353 876 scriptorum
2385 839 2446 866 re-

1491 904 1579 931 rum
1611 892 1881 929 Germanicar.
1913 899 1999 938 pag.
2032 887 2120 926 550.
2148 887 2238 926 573.
2262 890 2445 938 praemit-

1490 958 1630 991 tuntur
1675 951 1851 1001 rhythmi
1883 949 1932 987 de
1974 948 2204 987 fundatione
2234 949 2338 988 illius
2366 951 2440 988 Ec-

1490 1015 1633 1053 clesiae
1653 1026 1660 1050 :

1629 1074 1733 1104 Annis
1761 1072 1888 1103 curisti
1913 1071 2115 1110 octingentis

1672 1121 1733 1153 Sed
1760 1121 1812 1151 his
1836 1121 1949 1151 decem
1973 1127 2012 1151 ex
2033 1119 2086 1150 his
2109 1117 2229 1150 demtis

1669 1169 1843 1210 Templum
1867 1170 2014 1208 primum
2038 1168 2196 1199 conditur

1667 1220 1758 1250 Petri
1786 1217 1917 1258 cephae
1939 1217 1981 1248 ad
2005 1216 2168 1247 honorem
2193 1219 2258 1248 etc.

1494 1271 1716 1310 Chronicon
1739 1269 1861 1307 breve
1881 1268 2168 1317 Episcoporum
2186 1265 2456 1305 Mindensium

1494 1333 1542 1371 ab
1575 1332 1647 1370 An.
1675 1331 1766 1368 780.
1797 1341 1867 1380 per
1896 1339 2022 1367 annos
2052 1328 2302 1378 octingentos
2325 1325 2458 1365 edide-

1495 1398 1556 1433 rat
1585 1393 1644 1431 Jo.
1683 1392 1874 1430 Pistorius
1913 1389 1960 1428 ad
1991 1389 2141 1427 calcem
2171 1389 2305 1439 magni
2335 1387 2457 1427 Chro-

1499 1456 1572 1493 nici
1603 1454 1747 1503 Belgici
1780 1451 1955 1489 Francos.
1987 1449 2103 1488 4707.
2130 1450 2246 1489 4654.
2276 1446 2338 1488 fol.
2371 1459 2458 1499 pag.

1498 1517 1590 1555 723.
1620 1526 1700 1553 una
1729 1525 1821 1553 cum
1852 1513 2013 1562 triginta
2043 1510 2131 1561 ejus
2159 1511 2362 1550 Ecclesiae
2383 1510 2463 1560 pri-

1500 1579 1655 1629 vilegiis
1686 1587 1772 1627 pag.
1805 1574 1897 1613 734.
1928 1574 2168 1623 illorumque
2197 1573 2220 1611 a
2249 1571 2387 1612 Carolo
2417 1572 2463 1610 V.

1505 1641 1602 1689 Imp.
1633 1638 1933 1676 confirmatione
1963 1647 2050 1685 pag.
2082 1635 2171 1673 754.

1555 1702 1726 1738 Joannes
1754 1699 1938 1737 MINIUS.
1963 1698 2091 1747 Supra
2114 1701 2142 1734 t.
2164 1696 2230 1742 IV.
2265 1707 2303 1746 p.
2327 1695 2416 1733 389.
2437 1694 2442 1697 '

1556 1760 1749 1800 Antonius
1791 1758 2064 1798 MINUCCIUS
2106 1757 2249 1807 (Erico
2286 1755 2464 1794 Mauritio

1504 1820 1827 1870 MERICUTIUS)
1858 1820 1906 1858 de
1935 1822 2050 1858 Prato
2080 1820 2236 1866 veteri⁷
2264 1818 2467 1856 Juriscon-

1507 1885 1640 1923 soltus
1670 1882 1952 1929 Bononiensis,
1981 1879 2098 1931 cujus
2144 1877 2266 1917 libros
2301 1888 2378 1916 sem
2420 1875 2467 1915 de

1507 1944 1638 1998 feudis
1669 1946 1755 1982 sive
1792 1943 1841 1982 de
1883 1942 2022 1981 usibus
2066 1940 2301 1988 feudorum,
2338 1937 2468 1977 Fride-

1513 2008 1580 2046 rici
1611 2007 1677 2044 III.
1707 2007 1804 2055 Imp.
1832 2004 1951 2054 jussu
1979 2004 2221 2053 compositos
2240 2006 2281 2040 et
2300 2000 2345 2039 A.
2364 2000 2468 2040 4428

1516 2069 1745 2116 absolutos,
1777 2067 2066 2116 inscriptosque
2091 2062 2344 2114 Sigismundo
2368 2063 2469 2112 Imp.

1513 2131 1666 2181 primus
1696 2141 1744 2167 cx
1775 2127 1871 2167 Bibl.
1903 2128 2019 2176 Regia
2050 2125 2258 2164 Parisiensi
2291 2123 2471 2174 vulgavit
2510 2148 2513 2153 ψ

1514 2193 1575 2231 vir
1603 2191 1887 2230 celeberrimus
1930 2189 2104 2226 loannes
2147 2185 2392 2232 Schilterus‚
2422 2183 2469 2222 ad

1516 2254 1664 2293 calcem
1695 2251 1850 2291 CodIcis
1870 2250 1976 2288 Juris
1999 2247 2246 2287 Alemannici
2277 2245 2471 2292 Feudalis‚

1520 2317 1557 2353 in
1589 2315 1767 2354 Comitiis
1795 2313 1948 2351 Noricis
1977 2310 2051 2349 An.
2079 2309 2193 2348 4280.
2224 2306 2473 2358 promulgati,

1520 2377 1694 2425 editique
1725 2375 1976 2425 Argentorat.
2009 2371 2123 2411 4696.
2157 2371 2192 2408 4.
2218 2373 2259 2408 et
2285 2367 2385 2407 4728
2411 2367 2474 2405 fol.

1519 2438 1617 2477 Vide
1646 2437 1749 2476 lirici
1779 2436 1946 2474 Mauritii
1984 2432 2290 2472 dissertationes
2318 2441 2355 2480 p.
2387 2428 2476 2469 447.

1522 2512 1603 2551 seq.
1635 2503 1675 2537 et
1704 2498 1802 2537 Acta
1833 2495 1954 2535 Erud.
1987 2493 2088 2534 4697
2117 2504 2205 2544 pag.
2236 2492 2325 2531 464.

1579 2564 1593 2577 ¹
1619 2563 1692 2601 Est
1721 2561 1841 2598 etiam
1881 2557 2061 2596 eiusdem
2102 2554 2263 2594 Antonii
2297 2554 2480 2604 Reperto-

1521 2626 1628 2664 rium
1646 2634 1767 2675 super
1778 2618 1964 2674 operibus
1980 2616 2139 2656 Bartolz'
2151 2615 2197 2655 de
2213 2613 2481 2666 Saaeoferrato

1523 2699 1612 2726 cum
1631 2682 1899 2724 addz'tiom'bus
1916 2685 1953 2720 et
1967 2675 2277 2731 suppletionibus
2293 2677 2379 2714 5466
2397 2676 2480 2713 loco

1523 2755 1562 2789 et
1579 2760 1682 2788 anno
1701 2747 1851 2785 editum
1874 2747 1911 2782 in
1935 2744 1996 2781 fol.
2015 2740 2233 2780 Consilium
2251 2739 2338 2775 eius
2358 2736 2483 2786 quod-

1523 2813 1613 2850 dam
1636 2810 1762 2859 reperi
1790 2816 1983 2845 excusum
2013 2805 2049 2840 in
2081 2799 2323 2841 Bibliotheca
2360 2798 2484 2836 Felini

1524 2876 1561 2910 in
1598 2871 1737 2910 eodem
1777 2870 2031 2916 compactum
2064 2863 2268 2902 volumine
2305 2864 2418 2911 parte
2449 2861 2483 2898 4.

1524 2933 1789 2973 Consiliorum
1812 2928 2022 2967 Barbaciae
2046 2925 2254 2964 Mediolani
2280 2934 2342 2961 an.
2369 2921 2485 2961 4490.

1525 2998 1610 3033 sive
1632 3005 1723 3032 cum
1741 2992 1878 3030 codem
1900 3001 2018 3041 opere
2041 2998 2253 3035 excusum,
2274 2986 2360 3024 sive
2381 2995 2488 3022 seor-

1527 3069 1614 3096 sum
1642 3057 1725 3094 loco
1751 3059 1791 3091 et
1814 3064 1918 3092 anno
1943 3053 2079 3102 ignoti.
2112 3049 2292 3099 Denique
2314 3047 2352 3084 in
2389 3045 2484 3084 Cod.

1529 3119 1616 3157 427.
1657 3118 1734 3155 MS.
1766 3120 1877 3153 extat
1912 3113 2262 3152 membranaceum
2298 3108 2487 3147 volumen

1528 3182 1730 3231 eleganter
1754 3179 1945 3228 scriptum
1972 3185 2068 3214 auro
2097 3177 2137 3212 et
2174 3171 2340 3223 picturis
2374 3180 2488 3207 orna-

1533 3248 1631 3292 tum,
1660 3243 1695 3280 in
1722 3252 1800 3291 quo
1820 3240 2048 3279 continetur
2073 3235 2237 3275 materia
2262 3231 2488 3272 Feudorum
