<?xml version="1.0" encoding="UTF-8"?>
<!DOCTYPE html PUBLIC "-//W3C//DTD XHTML 1.0 Transitional//EN"
    "http://www.w3.org/TR/xhtml1/DTD/xhtml1-transitional.dtd">
<html xmlns="http://www.w3.org/1999/xhtml" xml:lang="en" lang="en">
 <head>
  <title>
</title>
<meta http-equiv="Content-Type" content="text/html;charset=utf-8" />
  <meta name='ocr-system' content='tesseract 3.04.00' />
  <meta name='ocr-capabilities' content='ocr_page ocr_carea ocr_par ocr_line ocrx_word'/>
</head>
<body>
  <div class='ocr_page' id='page_1' title='image "./bibliothecalatin05fabruoft/bibliothecalatin05fabruoft_0030.png"; bbox 0 0 2533 4009; ppageno 0'>
   <div class='ocr_carea' id='block_1_1' title="bbox 425 240 1565 281">
    <p class='ocr_par' dir='ltr' id='par_1_1' title="bbox 425 240 1565 281">
     <span class='ocr_line' id='line_1_1' title="bbox 425 240 1565 281; baseline -0.002 0"><span class='ocrx_word' id='word_1_1' title='bbox 425 241 479 281; x_wconf 61' lang='lat'>2⁷4</span> <span class='ocrx_word' id='word_1_2' title='bbox 1007 247 1009 249; x_wconf 83' lang='lat'>&#39;</span> <span class='ocrx_word' id='word_1_3' title='bbox 1272 240 1565 281; x_wconf 81' lang='lat' dir='ltr'>MARCUS</span> 
     </span>
    </p>
   </div>
   <div class='ocr_carea' id='block_1_2' title="bbox 422 307 1384 3408">
    <p class='ocr_par' dir='ltr' id='par_1_2' title="bbox 424 307 1381 783">
     <span class='ocr_line' id='line_1_2' title="bbox 427 307 1378 361; baseline 0.001 -14"><span class='ocrx_word' id='word_1_4' title='bbox 427 321 516 347; x_wconf 78' lang='lat' dir='ltr'>mus</span> <span class='ocrx_word' id='word_1_5' title='bbox 535 340 540 356; x_wconf 73' lang='grc'>.</span> <span class='ocrx_word' id='word_1_6' title='bbox 566 313 602 346; x_wconf 82' lang='lat' dir='ltr'>ee</span> <span class='ocrx_word' id='word_1_7' title='bbox 622 321 677 347; x_wconf 66' lang='lat' dir='ltr'>ea:</span> <span class='ocrx_word' id='word_1_8' title='bbox 707 308 879 347; x_wconf 73' lang='lat' dir='ltr'>involuto</span> <span class='ocrx_word' id='word_1_9' title='bbox 899 311 935 346; x_wconf 82' lang='lat' dir='ltr'>et</span> <span class='ocrx_word' id='word_1_10' title='bbox 956 307 1232 348; x_wconf 63' lang='lat' dir='ltr'>inextricabili</span> <span class='ocrx_word' id='word_1_11' title='bbox 1252 321 1378 361; x_wconf 82' lang='lat' dir='ltr'>paene</span> 
     </span>
     <span class='ocr_line' id='line_1_3' title="bbox 427 368 1379 423; baseline 0.002 -14"><span class='ocrx_word' id='word_1_12' title='bbox 427 376 654 419; x_wconf 76' lang='lat' dir='ltr'><em>caractere,</em></span> <span class='ocrx_word' id='word_1_13' title='bbox 682 370 812 423; x_wconf 75' lang='lat' dir='ltr'>qualis</span> <span class='ocrx_word' id='word_1_14' title='bbox 838 368 901 407; x_wconf 87' lang='lat' dir='ltr'>illo</span> <span class='ocrx_word' id='word_1_15' title='bbox 936 374 1104 422; x_wconf 84' lang='lat' dir='ltr'>tempore</span> <span class='ocrx_word' id='word_1_16' title='bbox 1130 370 1379 411; x_wconf 69' lang='lat' dir='ltr'>tabellionum</span> 
     </span>
     <span class='ocr_line' id='line_1_4' title="bbox 435 432 1381 486; baseline 0.002 -15"><span class='ocrx_word' id='word_1_17' title='bbox 435 433 526 484; x_wconf 76' lang='lat' dir='ltr'>fuit.</span> <span class='ocrx_word' id='word_1_18' title='bbox 553 433 836 473; x_wconf 66' lang='lat' dir='ltr'>evolem-amus.</span> <span class='ocrx_word' id='word_1_19' title='bbox 867 432 1014 471; x_wconf 83' lang='lat' dir='ltr'>Eodem</span> <span class='ocrx_word' id='word_1_20' title='bbox 1049 433 1177 472; x_wconf 62' lang='lat' dir='ltr'>mixto</span> <span class='ocrx_word' id='word_1_21' title='bbox 1209 435 1381 486; x_wconf 76' lang='lat' dir='ltr'><em>scriptae</em></span> 
     </span>
     <span class='ocr_line' id='line_1_5' title="bbox 424 494 1381 547; baseline 0.002 -14"><span class='ocrx_word' id='word_1_22' title='bbox 424 496 539 547; x_wconf 80' lang='lat' dir='ltr'>fuere</span> <span class='ocrx_word' id='word_1_23' title='bbox 567 495 754 546; x_wconf 55' lang='lat' dir='ltr'>,Ital-culfi</span> <span class='ocrx_word' id='word_1_24' title='bbox 782 494 1004 546; x_wconf 69' lang='lat' dir='ltr'>formulae.</span> <span class='ocrx_word' id='word_1_25' title='bbox 1034 496 1137 534; x_wconf 77' lang='lat' dir='ltr'>sicut</span> <span class='ocrx_word' id='word_1_26' title='bbox 1166 497 1205 534; x_wconf 81' lang='lat' dir='ltr'>in</span> <span class='ocrx_word' id='word_1_27' title='bbox 1231 497 1381 536; x_wconf 84' lang='lat' dir='ltr'>Codici—</span> 
     </span>
     <span class='ocr_line' id='line_1_6' title="bbox 428 557 1381 609; baseline 0.003 -14"><span class='ocrx_word' id='word_1_28' title='bbox 428 558 500 597; x_wconf 74' lang='grc' dir='ltr'>[ηις</span> <span class='ocrx_word' id='word_1_29' title='bbox 525 558 697 609; x_wconf 71' lang='lat' dir='ltr'>antiquis</span> <span class='ocrx_word' id='word_1_30' title='bbox 727 557 1001 608; x_wconf 69' lang='lat' dir='ltr'>reperiuntur.</span> <span class='ocrx_word' id='word_1_31' title='bbox 1037 560 1236 607; x_wconf 77' lang='lat' dir='ltr'>Insignem</span> <span class='ocrx_word' id='word_1_32' title='bbox 1268 560 1381 598; x_wconf 89' lang='lat' dir='ltr'>Codi—</span> 
     </span>
     <span class='ocr_line' id='line_1_7' title="bbox 427 621 1380 669; baseline 0.001 -12"><span class='ocrx_word' id='word_1_33' title='bbox 427 632 512 658; x_wconf 81' lang='lat' dir='ltr'>cem</span> <span class='ocrx_word' id='word_1_34' title='bbox 561 621 699 658; x_wconf 83' lang='lat' dir='ltr'>barum</span> <span class='ocrx_word' id='word_1_35' title='bbox 744 621 1031 669; x_wconf 76' lang='lat' dir='ltr'>formularum,</span> <span class='ocrx_word' id='word_1_36' title='bbox 1075 632 1267 660; x_wconf 85' lang='lat' dir='ltr'>annorum</span> <span class='ocrx_word' id='word_1_37' title='bbox 1298 633 1380 660; x_wconf 86' lang='lat' dir='ltr'>am-</span> 
     </span>
     <span class='ocr_line' id='line_1_8' title="bbox 425 674 1377 732; baseline 0.001 -12"><span class='ocrx_word' id='word_1_38' title='bbox 425 684 529 732; x_wconf 81' lang='lat' dir='ltr'>plius</span> <span class='ocrx_word' id='word_1_39' title='bbox 561 684 653 721; x_wconf 84' lang='lat' dir='ltr'>DCC</span> <span class='ocrx_word' id='word_1_40' title='bbox 686 694 802 720; x_wconf 85' lang='lat' dir='ltr'>servo</span> <span class='ocrx_word' id='word_1_41' title='bbox 834 688 974 721; x_wconf 87' lang='lat' dir='ltr'>nactus</span> <span class='ocrx_word' id='word_1_42' title='bbox 1003 695 1050 722; x_wconf 79' lang='lat' dir='ltr'>ex</span> <span class='ocrx_word' id='word_1_43' title='bbox 1078 674 1253 721; x_wconf 81' lang='lat' dir='ltr'>sectione</span> <span class='ocrx_word' id='word_1_44' title='bbox 1283 684 1377 722; x_wconf 82' lang='lat' dir='ltr'>Bibl.</span> 
     </span>
     <span class='ocr_line' id='line_1_9' title="bbox 425 744 641 783; baseline 0.009 -3"><span class='ocrx_word' id='word_1_45' title='bbox 425 744 641 783; x_wconf 54' lang='lat' dir='ltr'>(ludiariam</span> 
     </span>
    </p>

    <p class='ocr_par' dir='ltr' id='par_1_3' title="bbox 424 806 1382 1792">
     <span class='ocr_line' id='line_1_10' title="bbox 480 806 1378 858; baseline -0.001 -15"><span class='ocrx_word' id='word_1_46' title='bbox 480 806 681 845; x_wconf 81' lang='lat' dir='ltr'>MARCUS</span> <span class='ocrx_word' id='word_1_47' title='bbox 711 808 913 846; x_wconf 88' lang='lat' dir='ltr'>Romanus</span> <span class='ocrx_word' id='word_1_48' title='bbox 948 809 1057 858; x_wconf 80' lang='lat' dir='ltr'>Papa</span> <span class='ocrx_word' id='word_1_49' title='bbox 1087 819 1147 845; x_wconf 84' lang='lat' dir='ltr'>an.</span> <span class='ocrx_word' id='word_1_50' title='bbox 1174 808 1248 845; x_wconf 87' lang='grc'>336</span> <span class='ocrx_word' id='word_1_51' title='bbox 1269 808 1291 844; x_wconf 77' lang='lat' dir='ltr'>a</span> <span class='ocrx_word' id='word_1_52' title='bbox 1317 807 1378 844; x_wconf 87' lang='grc'>46.</span> 
     </span>
     <span class='ocr_line' id='line_1_11' title="bbox 425 868 1376 919; baseline -0.001 -13"><span class='ocrx_word' id='word_1_53' title='bbox 425 868 584 907; x_wconf 82' lang='lat' dir='ltr'>Jannar.</span> <span class='ocrx_word' id='word_1_54' title='bbox 616 869 662 907; x_wconf 84' lang='lat' dir='ltr'>ad</span> <span class='ocrx_word' id='word_1_55' title='bbox 694 870 730 907; x_wconf 89' lang='lat'>7.</span> <span class='ocrx_word' id='word_1_56' title='bbox 762 870 918 908; x_wconf 83' lang='lat' dir='ltr'><strong>Octobr.</strong></span> <span class='ocrx_word' id='word_1_57' title='bbox 959 870 1005 908; x_wconf 91' lang='lat' dir='ltr'>ad</span> <span class='ocrx_word' id='word_1_58' title='bbox 1045 880 1163 919; x_wconf 84' lang='lat' dir='ltr'>quem</span> <span class='ocrx_word' id='word_1_59' title='bbox 1204 868 1376 917; x_wconf 79' lang='lat' dir='ltr'>Epistola</span> 
     </span>
     <span class='ocr_line' id='line_1_12' title="bbox 427 931 1378 982; baseline -0.002 -15"><span class='ocrx_word' id='word_1_60' title='bbox 427 931 501 969; x_wconf 75' lang='lat' dir='ltr'>sub</span> <span class='ocrx_word' id='word_1_61' title='bbox 530 931 732 969; x_wconf 74' lang='lat' dir='ltr'>Athanasii</span> <span class='ocrx_word' id='word_1_62' title='bbox 764 937 803 969; x_wconf 86' lang='lat' dir='ltr'>et</span> <span class='ocrx_word' id='word_1_63' title='bbox 842 933 1116 982; x_wconf 57' lang='lat' dir='ltr'>[Egyptiorum</span> <span class='ocrx_word' id='word_1_64' title='bbox 1164 931 1378 979; x_wconf 85' lang='lat' dir='ltr'>Episcopo-</span> 
     </span>
     <span class='ocr_line' id='line_1_13' title="bbox 426 990 1378 1042; baseline -0.003 -12"><span class='ocrx_word' id='word_1_65' title='bbox 426 1004 513 1031; x_wconf 86' lang='lat' dir='ltr'>rum</span> <span class='ocrx_word' id='word_1_66' title='bbox 547 997 729 1042; x_wconf 81' lang='lat' dir='ltr'>nomine,</span> <span class='ocrx_word' id='word_1_67' title='bbox 764 996 799 1031; x_wconf 86' lang='lat' dir='ltr'>in</span> <span class='ocrx_word' id='word_1_68' title='bbox 833 994 1022 1032; x_wconf 77' lang='lat' dir='ltr'>Blondelli</span> <span class='ocrx_word' id='word_1_69' title='bbox 1056 990 1378 1030; x_wconf 77' lang='lat' dir='ltr'>Pseudo-Isidoro</span> 
     </span>
     <span class='ocr_line' id='line_1_14' title="bbox 427 1051 1380 1105; baseline -0.006 -11"><span class='ocrx_word' id='word_1_70' title='bbox 427 1067 513 1105; x_wconf 65' lang='lat' dir='ltr'>pag.</span> <span class='ocrx_word' id='word_1_71' title='bbox 544 1057 632 1094; x_wconf 74' lang='grc'>436.</span> <span class='ocrx_word' id='word_1_72' title='bbox 665 1068 739 1095; x_wconf 82' lang='lat' dir='ltr'>una</span> <span class='ocrx_word' id='word_1_73' title='bbox 770 1068 860 1094; x_wconf 87' lang='lat' dir='ltr'>cum</span> <span class='ocrx_word' id='word_1_74' title='bbox 885 1056 1001 1093; x_wconf 84' lang='lat' dir='ltr'>Marci</span> <span class='ocrx_word' id='word_1_75' title='bbox 1027 1055 1073 1092; x_wconf 87' lang='lat' dir='ltr'>ad</span> <span class='ocrx_word' id='word_1_76' title='bbox 1099 1054 1260 1091; x_wconf 88' lang='lat' dir='ltr'>eosdem</span> <span class='ocrx_word' id='word_1_77' title='bbox 1288 1051 1380 1102; x_wconf 83' lang='lat' dir='ltr'>Epi-</span> 
     </span>
     <span class='ocr_line' id='line_1_15' title="bbox 425 1113 1379 1167; baseline -0.004 -12"><span class='ocrx_word' id='word_1_78' title='bbox 425 1117 524 1155; x_wconf 81' lang='lat' dir='ltr'><em>stola</em></span> <span class='ocrx_word' id='word_1_79' title='bbox 570 1120 752 1156; x_wconf 82' lang='lat' dir='ltr'>similitcr</span> <span class='ocrx_word' id='word_1_80' title='bbox 796 1118 1046 1167; x_wconf 87' lang='lat' dir='ltr'>supposititia</span> <span class='ocrx_word' id='word_1_81' title='bbox 1087 1127 1172 1165; x_wconf 85' lang='lat' dir='ltr'>pag.</span> <span class='ocrx_word' id='word_1_82' title='bbox 1213 1115 1300 1154; x_wconf 87' lang='grc'>438.</span> <span class='ocrx_word' id='word_1_83' title='bbox 1331 1113 1379 1152; x_wconf 87' lang='lat' dir='ltr'>de</span> 
     </span>
     <span class='ocr_line' id='line_1_16' title="bbox 427 1177 1382 1229; baseline -0.005 -11"><span class='ocrx_word' id='word_1_84' title='bbox 427 1192 592 1218; x_wconf 88' lang='lat' dir='ltr'>numero</span> <span class='ocrx_word' id='word_1_85' title='bbox 623 1180 893 1229; x_wconf 81' lang='lat' dir='ltr'>Capitulorum</span> <span class='ocrx_word' id='word_1_86' title='bbox 926 1179 1013 1215; x_wconf 89' lang='lat' dir='ltr'>sive</span> <span class='ocrx_word' id='word_1_87' title='bbox 1044 1178 1253 1216; x_wconf 88' lang='lat' dir='ltr'>Canonum</span> <span class='ocrx_word' id='word_1_88' title='bbox 1279 1177 1382 1215; x_wconf 90' lang='lat' dir='ltr'>Con-</span> 
     </span>
     <span class='ocr_line' id='line_1_17' title="bbox 426 1239 1379 1280; baseline -0.002 -1"><span class='ocrx_word' id='word_1_89' title='bbox 426 1243 501 1279; x_wconf 80' lang='lat' dir='ltr'>cilii</span> <span class='ocrx_word' id='word_1_90' title='bbox 534 1243 704 1280; x_wconf 73' lang='lat' dir='ltr'>Nicaeni.</span> <span class='ocrx_word' id='word_1_91' title='bbox 735 1241 881 1279; x_wconf 84' lang='lat' dir='ltr'>Confer</span> <span class='ocrx_word' id='word_1_92' title='bbox 913 1240 1099 1279; x_wconf 78' lang='lat' dir='ltr'>Lutlovici</span> <span class='ocrx_word' id='word_1_93' title='bbox 1125 1240 1256 1279; x_wconf 86' lang='lat' dir='ltr'>Jacobi</span> <span class='ocrx_word' id='word_1_94' title='bbox 1282 1239 1379 1278; x_wconf 90' lang='lat' dir='ltr'>Bibl.</span> 
     </span>
     <span class='ocr_line' id='line_1_18' title="bbox 426 1302 1377 1354; baseline -0.003 -12"><span class='ocrx_word' id='word_1_95' title='bbox 426 1305 669 1342; x_wconf 86' lang='lat' dir='ltr'>Pontiliciam</span> <span class='ocrx_word' id='word_1_96' title='bbox 692 1316 777 1354; x_wconf 87' lang='lat' dir='ltr'>pag.</span> <span class='ocrx_word' id='word_1_97' title='bbox 797 1304 884 1342; x_wconf 75' lang='grc'>456.</span> <span class='ocrx_word' id='word_1_98' title='bbox 904 1304 966 1342; x_wconf 91' lang='lat' dir='ltr'>ubi</span> <span class='ocrx_word' id='word_1_99' title='bbox 986 1305 1105 1342; x_wconf 88' lang='lat' dir='ltr'>etiam</span> <span class='ocrx_word' id='word_1_100' title='bbox 1123 1302 1377 1353; x_wconf 72' lang='lat' dir='ltr'>Epitaphium</span> 
     </span>
     <span class='ocr_line' id='line_1_19' title="bbox 426 1366 1382 1416; baseline -0.003 -11"><span class='ocrx_word' id='word_1_101' title='bbox 426 1366 530 1416; x_wconf 85' lang='lat' dir='ltr'>quod</span> <span class='ocrx_word' id='word_1_102' title='bbox 554 1367 670 1404; x_wconf 88' lang='lat' dir='ltr'>Marci</span> <span class='ocrx_word' id='word_1_103' title='bbox 703 1367 916 1404; x_wconf 79' lang='lat' dir='ltr'>memoriae</span> <span class='ocrx_word' id='word_1_104' title='bbox 948 1368 987 1404; x_wconf 83' lang='lat' dir='ltr'>S.</span> <span class='ocrx_word' id='word_1_105' title='bbox 1017 1367 1214 1404; x_wconf 77' lang='lat' dir='ltr'>Damasus</span> <span class='ocrx_word' id='word_1_106' title='bbox 1243 1376 1382 1403; x_wconf 88' lang='lat' dir='ltr'>conse—</span> 
     </span>
     <span class='ocr_line' id='line_1_20' title="bbox 424 1427 1379 1479; baseline -0.002 -12"><span class='ocrx_word' id='word_1_107' title='bbox 424 1430 563 1467; x_wconf 80' lang='lat' dir='ltr'>cravit.</span> <span class='ocrx_word' id='word_1_108' title='bbox 595 1430 649 1467; x_wconf 85' lang='lat' dir='ltr'>De</span> <span class='ocrx_word' id='word_1_109' title='bbox 680 1430 766 1479; x_wconf 84' lang='lat' dir='ltr'>ejus</span> <span class='ocrx_word' id='word_1_110' title='bbox 800 1427 991 1476; x_wconf 84' lang='lat' dir='ltr'>Decreto,</span> <span class='ocrx_word' id='word_1_111' title='bbox 1023 1440 1101 1479; x_wconf 85' lang='lat' dir='ltr'>quo</span> <span class='ocrx_word' id='word_1_112' title='bbox 1122 1428 1379 1466; x_wconf 89' lang='lat' dir='ltr'>constituisse</span> 
     </span>
     <span class='ocr_line' id='line_1_21' title="bbox 427 1491 1379 1542; baseline -0.001 -14"><span class='ocrx_word' id='word_1_113' title='bbox 427 1491 596 1530; x_wconf 87' lang='lat' dir='ltr'>traditur</span> <span class='ocrx_word' id='word_1_114' title='bbox 612 1496 655 1530; x_wconf 91' lang='lat' dir='ltr'>ut</span> <span class='ocrx_word' id='word_1_115' title='bbox 674 1493 898 1542; x_wconf 76' lang='lat' dir='ltr'>Episcopus</span> <span class='ocrx_word' id='word_1_116' title='bbox 915 1492 1112 1530; x_wconf 89' lang='lat' dir='ltr'>Ostiensis</span> <span class='ocrx_word' id='word_1_117' title='bbox 1129 1491 1244 1541; x_wconf 89' lang='lat' dir='ltr'>pallio</span> <span class='ocrx_word' id='word_1_118' title='bbox 1263 1495 1379 1528; x_wconf 82' lang='lat' dir='ltr'>utens</span> 
     </span>
     <span class='ocr_line' id='line_1_22' title="bbox 426 1553 1379 1605; baseline -0.004 -12"><span class='ocrx_word' id='word_1_119' title='bbox 426 1555 666 1605; x_wconf 72' lang='lat' dir='ltr'>Episcopum</span> <span class='ocrx_word' id='word_1_120' title='bbox 694 1554 810 1592; x_wconf 88' lang='lat' dir='ltr'>Urbis</span> <span class='ocrx_word' id='word_1_121' title='bbox 826 1555 970 1591; x_wconf 86' lang='lat' dir='ltr'>Romae</span> <span class='ocrx_word' id='word_1_122' title='bbox 987 1557 1264 1600; x_wconf 63' lang='lat' dir='ltr'>consecraret.</span> <span class='ocrx_word' id='word_1_123' title='bbox 1290 1553 1379 1590; x_wconf 79' lang='lat' dir='ltr'>vide</span> 
     </span>
     <span class='ocr_line' id='line_1_23' title="bbox 426 1615 1377 1666; baseline -0.003 -11"><span class='ocrx_word' id='word_1_124' title='bbox 426 1619 585 1656; x_wconf 84' lang='lat' dir='ltr'>Petrum</span> <span class='ocrx_word' id='word_1_125' title='bbox 618 1617 816 1655; x_wconf 74' lang='lat' dir='ltr'>Constant</span> <span class='ocrx_word' id='word_1_126' title='bbox 849 1617 884 1653; x_wconf 93' lang='lat' dir='ltr'>in</span> <span class='ocrx_word' id='word_1_127' title='bbox 917 1616 1106 1666; x_wconf 86' lang='lat' dir='ltr'>Epistolis</span> <span class='ocrx_word' id='word_1_128' title='bbox 1145 1615 1377 1653; x_wconf 77' lang='lat' dir='ltr'>Pontificum</span> 
     </span>
     <span class='ocr_line' id='line_1_24' title="bbox 426 1679 1380 1731; baseline -0.001 -15"><span class='ocrx_word' id='word_1_129' title='bbox 426 1691 511 1731; x_wconf 83' lang='lat' dir='ltr'>pag.</span> <span class='ocrx_word' id='word_1_130' title='bbox 544 1679 634 1718; x_wconf 82' lang='lat'><strong>350.</strong></span> <span class='ocrx_word' id='word_1_131' title='bbox 664 1679 959 1717; x_wconf 89' lang='lat' dir='ltr'>Tillemontium</span> <span class='ocrx_word' id='word_1_132' title='bbox 992 1683 1087 1716; x_wconf 88' lang='lat' dir='ltr'>tom.</span> <span class='ocrx_word' id='word_1_133' title='bbox 1126 1679 1210 1716; x_wconf 75' lang='lat' dir='ltr'>Vll.</span> <span class='ocrx_word' id='word_1_134' title='bbox 1238 1679 1380 1716; x_wconf 87' lang='lat' dir='ltr'>Memo-</span> 
     </span>
     <span class='ocr_line' id='line_1_25' title="bbox 427 1742 963 1792; baseline -0.002 -13"><span class='ocrx_word' id='word_1_135' title='bbox 427 1744 573 1781; x_wconf 91' lang='lat' dir='ltr'>riarum</span> <span class='ocrx_word' id='word_1_136' title='bbox 608 1743 649 1780; x_wconf 84' lang='lat' dir='ltr'><strong>H.</strong></span> <span class='ocrx_word' id='word_1_137' title='bbox 682 1742 724 1780; x_wconf 84' lang='lat' dir='ltr'><strong>E.</strong></span> <span class='ocrx_word' id='word_1_138' title='bbox 757 1753 844 1792; x_wconf 78' lang='lat' dir='ltr'>pag.</span> <span class='ocrx_word' id='word_1_139' title='bbox 873 1742 963 1779; x_wconf 87' lang='grc'>268.</span> 
     </span>
    </p>

    <p class='ocr_par' dir='ltr' id='par_1_4' title="bbox 426 1803 1382 2041">
     <span class='ocr_line' id='line_1_26' title="bbox 489 1803 1382 1852; baseline -0.002 -10"><span class='ocrx_word' id='word_1_140' title='bbox 489 1805 633 1842; x_wconf 80' lang='lat' dir='ltr'>Petrus</span> <span class='ocrx_word' id='word_1_141' title='bbox 656 1804 858 1843; x_wconf 75' lang='lat' dir='ltr'>MARCUS</span> <span class='ocrx_word' id='word_1_142' title='bbox 883 1803 1168 1846; x_wconf 74' lang='lat' dir='ltr'>Subdiaconus.</span> <span class='ocrx_word' id='word_1_143' title='bbox 1186 1807 1304 1852; x_wconf 86' lang='lat' dir='ltr'>atque</span> <span class='ocrx_word' id='word_1_144' title='bbox 1322 1803 1382 1840; x_wconf 90' lang='lat' dir='ltr'>ln-</span> 
     </span>
     <span class='ocr_line' id='line_1_27' title="bbox 427 1865 1380 1916; baseline -0.002 -12"><span class='ocrx_word' id='word_1_145' title='bbox 427 1867 601 1905; x_wconf 83' lang='lat' dir='ltr'>nocentii</span> <span class='ocrx_word' id='word_1_146' title='bbox 634 1867 697 1904; x_wconf 91' lang='lat' dir='ltr'>lll.</span> <span class='ocrx_word' id='word_1_147' title='bbox 730 1867 856 1916; x_wconf 86' lang='lat' dir='ltr'>Papae</span> <span class='ocrx_word' id='word_1_148' title='bbox 894 1868 1105 1904; x_wconf 83' lang='lat' dir='ltr'>Corrector</span> <span class='ocrx_word' id='word_1_149' title='bbox 1147 1865 1380 1902; x_wconf 80' lang='lat' dir='ltr'>litterarum.</span> 
     </span>
     <span class='ocr_line' id='line_1_28' title="bbox 426 1926 1382 1967; baseline -0.004 0"><span class='ocrx_word' id='word_1_150' title='bbox 426 1929 523 1967; x_wconf 78' lang='lat' dir='ltr'>Vide</span> <span class='ocrx_word' id='word_1_151' title='bbox 567 1928 768 1966; x_wconf 83' lang='lat' dir='ltr'>Andream</span> <span class='ocrx_word' id='word_1_152' title='bbox 814 1927 867 1966; x_wconf 90' lang='lat' dir='ltr'>du</span> <span class='ocrx_word' id='word_1_153' title='bbox 905 1927 1063 1966; x_wconf 85' lang='lat' dir='ltr'>Chesne</span> <span class='ocrx_word' id='word_1_154' title='bbox 1109 1931 1202 1964; x_wconf 90' lang='lat' dir='ltr'>tom.</span> <span class='ocrx_word' id='word_1_155' title='bbox 1233 1926 1275 1963; x_wconf 82' lang='lat' dir='ltr'><strong>V.</strong></span> <span class='ocrx_word' id='word_1_156' title='bbox 1307 1938 1382 1964; x_wconf 83' lang='lat' dir='ltr'>rer.</span> 
     </span>
     <span class='ocr_line' id='line_1_29' title="bbox 426 1989 848 2041; baseline -0.007 -12"><span class='ocrx_word' id='word_1_157' title='bbox 426 1993 610 2030; x_wconf 86' lang='lat' dir='ltr'>Francor.</span> <span class='ocrx_word' id='word_1_158' title='bbox 640 2002 726 2041; x_wconf 83' lang='lat' dir='ltr'>pag.</span> <span class='ocrx_word' id='word_1_159' title='bbox 757 1989 848 2028; x_wconf 87' lang='grc'>727.</span> 
     </span>
    </p>

    <p class='ocr_par' dir='ltr' id='par_1_5' title="bbox 434 2050 1384 2156">
     <span class='ocr_line' id='line_1_30' title="bbox 485 2050 1384 2101; baseline -0.006 -8"><span class='ocrx_word' id='word_1_160' title='bbox 485 2052 687 2093; x_wconf 83' lang='lat' dir='ltr'><strong>MARCUS</strong></span> <span class='ocrx_word' id='word_1_161' title='bbox 707 2055 904 2093; x_wconf 85' lang='lat' dir='ltr'>Antonius</span> <span class='ocrx_word' id='word_1_162' title='bbox 921 2052 1152 2092; x_wconf 79' lang='lat' dir='ltr'>Sabellicus.</span> <span class='ocrx_word' id='word_1_163' title='bbox 1169 2051 1286 2101; x_wconf 81' lang='lat' dir='ltr'>Infra⁷</span> <span class='ocrx_word' id='word_1_164' title='bbox 1304 2050 1384 2089; x_wconf 90' lang='lat' dir='ltr'>SA-</span> 
     </span>
     <span class='ocr_line' id='line_1_31' title="bbox 434 2117 691 2156; baseline 0.004 -1"><span class='ocrx_word' id='word_1_165' title='bbox 434 2117 691 2156; x_wconf 87' lang='lat' dir='ltr'>BELLICUS.</span> 
     </span>
    </p>

    <p class='ocr_par' dir='ltr' id='par_1_6' title="bbox 424 2176 1379 2280">
     <span class='ocr_line' id='line_1_32' title="bbox 480 2176 1379 2223; baseline -0.003 -6"><span class='ocrx_word' id='word_1_166' title='bbox 480 2178 682 2217; x_wconf 77' lang='lat' dir='ltr'>MARCUS</span> <span class='ocrx_word' id='word_1_167' title='bbox 725 2178 1031 2223; x_wconf 72' lang='lat' dir='ltr'>Aventicensis,</span> <span class='ocrx_word' id='word_1_168' title='bbox 1064 2177 1163 2215; x_wconf 81' lang='lat' dir='ltr'>infra</span> <span class='ocrx_word' id='word_1_169' title='bbox 1209 2176 1379 2216; x_wconf 79' lang='lat' dir='ltr'>Marcus</span> 
     </span>
     <span class='ocr_line' id='line_1_33' title="bbox 424 2240 707 2280; baseline -0.004 -1"><span class='ocrx_word' id='word_1_170' title='bbox 424 2240 707 2280; x_wconf 78' lang='lat' dir='ltr'>Lausanensis.</span> 
     </span>
    </p>

    <p class='ocr_par' dir='ltr' id='par_1_7' title="bbox 422 2303 1378 2600">
     <span class='ocr_line' id='line_1_34' title="bbox 477 2303 1376 2353; baseline -0.002 -12"><span class='ocrx_word' id='word_1_171' title='bbox 477 2303 679 2341; x_wconf 79' lang='lat' dir='ltr'><strong>MARCUS</strong></span> <span class='ocrx_word' id='word_1_172' title='bbox 701 2304 832 2341; x_wconf 87' lang='lat' dir='ltr'>nescio</span> <span class='ocrx_word' id='word_1_173' title='bbox 857 2303 947 2353; x_wconf 89' lang='lat' dir='ltr'>quis</span> <span class='ocrx_word' id='word_1_174' title='bbox 972 2304 1074 2341; x_wconf 86' lang='lat' dir='ltr'>circa</span> <span class='ocrx_word' id='word_1_175' title='bbox 1102 2313 1165 2340; x_wconf 86' lang='lat' dir='ltr'>an.</span> <span class='ocrx_word' id='word_1_176' title='bbox 1197 2303 1285 2340; x_wconf 74' lang='grc'>445.</span> <span class='ocrx_word' id='word_1_177' title='bbox 1312 2312 1376 2339; x_wconf 92' lang='lat' dir='ltr'>cu-</span> 
     </span>
     <span class='ocr_line' id='line_1_35' title="bbox 422 2363 1377 2416; baseline -0.003 -13"><span class='ocrx_word' id='word_1_178' title='bbox 422 2375 490 2414; x_wconf 84' lang='lat' dir='ltr'>Jus</span> <span class='ocrx_word' id='word_1_179' title='bbox 520 2363 700 2416; x_wconf 77' lang='lat' dir='ltr'>Epistola</span> <span class='ocrx_word' id='word_1_180' title='bbox 727 2365 774 2403; x_wconf 89' lang='lat' dir='ltr'>ad</span> <span class='ocrx_word' id='word_1_181' title='bbox 807 2365 850 2402; x_wconf 75' lang='lat' dir='ltr'><strong>G.</strong></span> <span class='ocrx_word' id='word_1_182' title='bbox 875 2365 1059 2402; x_wconf 89' lang='lat' dir='ltr'>devotam</span> <span class='ocrx_word' id='word_1_183' title='bbox 1089 2364 1297 2402; x_wconf 85' lang='lat' dir='ltr'>foeminam</span> <span class='ocrx_word' id='word_1_184' title='bbox 1329 2363 1377 2401; x_wconf 88' lang='lat' dir='ltr'>de</span> 
     </span>
     <span class='ocr_line' id='line_1_36' title="bbox 428 2425 1377 2477; baseline -0.001 -14"><span class='ocrx_word' id='word_1_185' title='bbox 428 2427 581 2465; x_wconf 80' lang='lat' dir='ltr'>visione</span> <span class='ocrx_word' id='word_1_186' title='bbox 612 2439 673 2465; x_wconf 89' lang='lat' dir='ltr'>an.</span> <span class='ocrx_word' id='word_1_187' title='bbox 708 2428 822 2466; x_wconf 88' lang='grc'>4449.</span> <span class='ocrx_word' id='word_1_188' title='bbox 858 2425 1050 2477; x_wconf 69' lang='lat' dir='ltr'>Tunydali</span> <span class='ocrx_word' id='word_1_189' title='bbox 1071 2427 1205 2464; x_wconf 86' lang='lat' dir='ltr'>militis</span> <span class='ocrx_word' id='word_1_190' title='bbox 1231 2426 1377 2475; x_wconf 80' lang='lat' dir='ltr'>llyber-</span> 
     </span>
     <span class='ocr_line' id='line_1_37' title="bbox 429 2490 1375 2528; baseline 0 -3"><span class='ocrx_word' id='word_1_191' title='bbox 429 2490 581 2527; x_wconf 84' lang='lat' dir='ltr'>niensis</span> <span class='ocrx_word' id='word_1_192' title='bbox 610 2491 632 2527; x_wconf 78' lang='lat' dir='ltr'>a</span> <span class='ocrx_word' id='word_1_193' title='bbox 662 2500 703 2527; x_wconf 85' lang='lat' dir='ltr'>se</span> <span class='ocrx_word' id='word_1_194' title='bbox 735 2491 771 2527; x_wconf 90' lang='lat' dir='ltr'>in</span> <span class='ocrx_word' id='word_1_195' title='bbox 805 2492 984 2528; x_wconf 88' lang='lat' dir='ltr'>Latinum</span> <span class='ocrx_word' id='word_1_196' title='bbox 1016 2500 1207 2526; x_wconf 88' lang='lat' dir='ltr'>conversa</span> <span class='ocrx_word' id='word_1_197' title='bbox 1245 2492 1375 2526; x_wconf 80' lang='lat' dir='ltr'>exstat</span> 
     </span>
     <span class='ocr_line' id='line_1_38' title="bbox 426 2551 1378 2600; baseline 0 -12"><span class='ocrx_word' id='word_1_198' title='bbox 426 2552 464 2588; x_wconf 88' lang='lat' dir='ltr'>in</span> <span class='ocrx_word' id='word_1_199' title='bbox 489 2551 690 2590; x_wconf 89' lang='lat' dir='ltr'>Edmundi</span> <span class='ocrx_word' id='word_1_200' title='bbox 717 2554 890 2590; x_wconf 64' lang='lat' dir='ltr'>Martene</span> <span class='ocrx_word' id='word_1_201' title='bbox 916 2557 942 2590; x_wconf 90' lang='lat' dir='ltr'>t.</span> <span class='ocrx_word' id='word_1_202' title='bbox 969 2554 982 2591; x_wconf 97' lang='grc'>4</span> <span class='ocrx_word' id='word_1_203' title='bbox 1011 2551 1188 2590; x_wconf 84' lang='lat' dir='ltr'>anecdot.</span> <span class='ocrx_word' id='word_1_204' title='bbox 1220 2563 1255 2600; x_wconf 94' lang='lat' dir='ltr'>p.</span> <span class='ocrx_word' id='word_1_205' title='bbox 1290 2551 1378 2588; x_wconf 80' lang='grc'>490.</span> 
     </span>
    </p>

    <p class='ocr_par' dir='ltr' id='par_1_8' title="bbox 429 2613 1383 3408">
     <span class='ocr_line' id='line_1_39' title="bbox 483 2613 1379 2663; baseline -0.002 -11"><span class='ocrx_word' id='word_1_206' title='bbox 483 2615 682 2653; x_wconf 85' lang='lat' dir='ltr'>MARCUS</span> <span class='ocrx_word' id='word_1_207' title='bbox 707 2616 821 2653; x_wconf 71' lang='lat' dir='ltr'>Poeta</span> <span class='ocrx_word' id='word_1_208' title='bbox 837 2646 847 2663; x_wconf 83' lang='lat'><em>,</em></span> <span class='ocrx_word' id='word_1_209' title='bbox 873 2616 912 2653; x_wconf 86' lang='lat' dir='ltr'>S.</span> <span class='ocrx_word' id='word_1_210' title='bbox 936 2613 1134 2652; x_wconf 74' lang='lat' dir='ltr'>Benedicti</span> <span class='ocrx_word' id='word_1_211' title='bbox 1151 2614 1379 2651; x_wconf 84' lang='lat' dir='ltr'>Casinensis</span> 
     </span>
     <span class='ocr_line' id='line_1_40' title="bbox 429 2676 1379 2727; baseline -0.002 -12"><span class='ocrx_word' id='word_1_212' title='bbox 429 2677 530 2715; x_wconf 86' lang='lat' dir='ltr'>circa</span> <span class='ocrx_word' id='word_1_213' title='bbox 562 2689 624 2716; x_wconf 89' lang='lat' dir='ltr'>an.</span> <span class='ocrx_word' id='word_1_214' title='bbox 656 2676 746 2716; x_wconf 92' lang='grc'>604.</span> <span class='ocrx_word' id='word_1_215' title='bbox 776 2677 997 2727; x_wconf 84' lang='lat' dir='ltr'>discipulus</span> <span class='ocrx_word' id='word_1_216' title='bbox 1021 2681 1060 2715; x_wconf 88' lang='lat' dir='ltr'>et</span> <span class='ocrx_word' id='word_1_217' title='bbox 1085 2676 1298 2721; x_wconf 81' lang='lat' dir='ltr'>familiaris⁷</span> <span class='ocrx_word' id='word_1_218' title='bbox 1322 2680 1379 2713; x_wconf 87' lang='lat' dir='ltr'>te-</span> 
     </span>
     <span class='ocr_line' id='line_1_41' title="bbox 430 2737 1383 2789; baseline -0.002 -12"><span class='ocrx_word' id='word_1_219' title='bbox 430 2744 491 2777; x_wconf 87' lang='lat' dir='ltr'>ste</span> <span class='ocrx_word' id='word_1_220' title='bbox 522 2740 724 2788; x_wconf 74' lang='lat' dir='ltr'>Sigeberto</span> <span class='ocrx_word' id='word_1_221' title='bbox 754 2751 837 2789; x_wconf 84' lang='lat' dir='ltr'>cap.</span> <span class='ocrx_word' id='word_1_222' title='bbox 869 2740 930 2778; x_wconf 88' lang='lat'>33.</span> <span class='ocrx_word' id='word_1_223' title='bbox 960 2740 1084 2778; x_wconf 84' lang='lat' dir='ltr'>vitam</span> <span class='ocrx_word' id='word_1_224' title='bbox 1108 2740 1145 2778; x_wconf 91' lang='lat' dir='ltr'>S.</span> <span class='ocrx_word' id='word_1_225' title='bbox 1184 2737 1383 2776; x_wconf 74' lang='lat' dir='ltr'>Benedicti</span> 
     </span>
     <span class='ocr_line' id='line_1_42' title="bbox 429 2800 1381 2851; baseline -0.003 -12"><span class='ocrx_word' id='word_1_226' title='bbox 429 2815 455 2839; x_wconf 81' lang='grc' dir='ltr'><em>α</em></span> <span class='ocrx_word' id='word_1_227' title='bbox 481 2801 669 2851; x_wconf 73' lang='lat' dir='ltr'>G⁷·e90rz&#39;o</span> <span class='ocrx_word' id='word_1_228' title='bbox 695 2802 834 2851; x_wconf 74' lang='lat' dir='ltr'>Maqno</span> <span class='ocrx_word' id='word_1_229' title='bbox 867 2801 976 2849; x_wconf 74' lang='lat' dir='ltr'>(libro</span> <span class='ocrx_word' id='word_1_230' title='bbox 1007 2801 1181 2839; x_wconf 86' lang='lat' dir='ltr'>secundo</span> <span class='ocrx_word' id='word_1_231' title='bbox 1211 2800 1381 2849; x_wconf 83' lang='lat' dir='ltr'>dialogo-</span> 
     </span>
     <span class='ocr_line' id='line_1_43' title="bbox 431 2860 1380 2914; baseline -0.005 -12"><span class='ocrx_word' id='word_1_232' title='bbox 431 2866 532 2911; x_wconf 76' lang='lat' dir='ltr'>rum)</span> <span class='ocrx_word' id='word_1_233' title='bbox 562 2863 798 2914; x_wconf 78' lang='lat' dir='ltr'>descriptam</span> <span class='ocrx_word' id='word_1_234' title='bbox 829 2861 1036 2912; x_wconf 72' lang='lat' dir='ltr'>defloravit</span> <span class='ocrx_word' id='word_1_235' title='bbox 1065 2861 1220 2899; x_wconf 81' lang='lat' dir='ltr'>heroico</span> <span class='ocrx_word' id='word_1_236' title='bbox 1251 2860 1380 2898; x_wconf 83' lang='lat' dir='ltr'>brevi-</span> 
     </span>
     <span class='ocr_line' id='line_1_44' title="bbox 434 2923 1380 2977; baseline -0.006 -14"><span class='ocrx_word' id='word_1_237' title='bbox 434 2925 561 2977; x_wconf 77' lang='lat' dir='ltr'>loquio</span> <span class='ocrx_word' id='word_1_238' title='bbox 586 2929 622 2963; x_wconf 88' lang='lat' dir='ltr'>et</span> <span class='ocrx_word' id='word_1_239' title='bbox 640 2936 774 2976; x_wconf 80' lang='lat' dir='ltr'>pauca</span> <span class='ocrx_word' id='word_1_240' title='bbox 791 2924 849 2962; x_wconf 73' lang='lat' dir='ltr'>‘de</span> <span class='ocrx_word' id='word_1_241' title='bbox 877 2925 1077 2962; x_wconf 81' lang='lat' dir='ltr'>miraculis</span> <span class='ocrx_word' id='word_1_242' title='bbox 1102 2926 1139 2962; x_wconf 80' lang='lat' dir='ltr'>S.</span> <span class='ocrx_word' id='word_1_243' title='bbox 1167 2923 1380 2971; x_wconf 74' lang='lat' dir='ltr'>Benedicti)</span> 
     </span>
     <span class='ocr_line' id='line_1_45' title="bbox 430 2985 1381 3040; baseline -0.006 -13"><span class='ocrx_word' id='word_1_244' title='bbox 430 2987 714 3040; x_wconf 78' lang='lat' dir='ltr'>superaddidit.</span> <span class='ocrx_word' id='word_1_245' title='bbox 768 2986 911 3025; x_wconf 81' lang='lat' dir='ltr'>Prodiit</span> <span class='ocrx_word' id='word_1_246' title='bbox 958 2988 994 3024; x_wconf 91' lang='lat' dir='ltr'>in</span> <span class='ocrx_word' id='word_1_247' title='bbox 1034 2987 1211 3035; x_wconf 84' lang='lat' dir='ltr'>Prosperi</span> <span class='ocrx_word' id='word_1_248' title='bbox 1253 2985 1381 3023; x_wconf 89' lang='lat' dir='ltr'>Marti-</span> 
     </span>
     <span class='ocr_line' id='line_1_46' title="bbox 434 3049 1376 3100; baseline -0.004 -12"><span class='ocrx_word' id='word_1_249' title='bbox 434 3052 548 3100; x_wconf 68' lang='lat' dir='ltr'>nengi</span> <span class='ocrx_word' id='word_1_250' title='bbox 593 3051 809 3088; x_wconf 76' lang='lat' dir='ltr'>Brixiensis</span> <span class='ocrx_word' id='word_1_251' title='bbox 853 3053 958 3086; x_wconf 92' lang='lat' dir='ltr'>tomo</span> <span class='ocrx_word' id='word_1_252' title='bbox 989 3049 1104 3086; x_wconf 86' lang='lat' dir='ltr'>tertio</span> <span class='ocrx_word' id='word_1_253' title='bbox 1148 3049 1376 3085; x_wconf 73' lang='lat' dir='ltr'>Poematum</span> 
     </span>
     <span class='ocr_line' id='line_1_47' title="bbox 436 3109 1378 3160; baseline -0.001 -13"><span class='ocrx_word' id='word_1_254' title='bbox 436 3116 642 3160; x_wconf 84' lang='lat' dir='ltr'>veterum,</span> <span class='ocrx_word' id='word_1_255' title='bbox 673 3116 839 3151; x_wconf 81' lang='lat' dir='ltr'>curante</span> <span class='ocrx_word' id='word_1_256' title='bbox 869 3109 1040 3149; x_wconf 83' lang='lat' dir='ltr'>Arnoldo</span> <span class='ocrx_word' id='word_1_257' title='bbox 1071 3110 1239 3156; x_wconf 83' lang='lat' dir='ltr'>Wiono,</span> <span class='ocrx_word' id='word_1_258' title='bbox 1270 3110 1378 3147; x_wconf 88' lang='lat' dir='ltr'>Rom.</span> 
     </span>
     <span class='ocr_line' id='line_1_48' title="bbox 437 3171 1382 3212; baseline -0.002 -2"><span class='ocrx_word' id='word_1_259' title='bbox 437 3173 551 3211; x_wconf 71' lang='lat'><strong>4590.</strong></span> <span class='ocrx_word' id='word_1_260' title='bbox 586 3174 618 3211; x_wconf 98' lang='grc'>4.</span> <span class='ocrx_word' id='word_1_261' title='bbox 649 3184 688 3211; x_wconf 86' lang='lat' dir='ltr'>et</span> <span class='ocrx_word' id='word_1_262' title='bbox 727 3175 763 3211; x_wconf 91' lang='lat' dir='ltr'>in</span> <span class='ocrx_word' id='word_1_263' title='bbox 795 3173 1002 3212; x_wconf 87' lang='lat' dir='ltr'>Mabillonii</span> <span class='ocrx_word' id='word_1_264' title='bbox 1034 3173 1120 3212; x_wconf 87' lang='lat' dir='ltr'>Sec.</span> <span class='ocrx_word' id='word_1_265' title='bbox 1151 3174 1184 3211; x_wconf 89' lang='grc'>4.</span> <span class='ocrx_word' id='word_1_266' title='bbox 1217 3171 1382 3210; x_wconf 88' lang='lat' dir='ltr'>Benedi-</span> 
     </span>
     <span class='ocr_line' id='line_1_49' title="bbox 434 3234 1382 3285; baseline -0.002 -12"><span class='ocrx_word' id='word_1_267' title='bbox 434 3237 528 3274; x_wconf 86' lang='lat' dir='ltr'>ctin.</span> <span class='ocrx_word' id='word_1_268' title='bbox 559 3246 645 3285; x_wconf 88' lang='lat' dir='ltr'>pag.</span> <span class='ocrx_word' id='word_1_269' title='bbox 674 3235 736 3273; x_wconf 89' lang='grc'>28.</span> <span class='ocrx_word' id='word_1_270' title='bbox 762 3235 998 3285; x_wconf 84' lang='lat' dir='ltr'>jampridem</span> <span class='ocrx_word' id='word_1_271' title='bbox 1031 3235 1131 3274; x_wconf 87' lang='lat' dir='ltr'>lecta</span> <span class='ocrx_word' id='word_1_272' title='bbox 1154 3234 1270 3272; x_wconf 88' lang='lat' dir='ltr'>Paulo</span> <span class='ocrx_word' id='word_1_273' title='bbox 1296 3234 1382 3272; x_wconf 84' lang='lat' dir='ltr'>Dia-</span> 
     </span>
     <span class='ocr_line' id='line_1_50' title="bbox 438 3295 1382 3347; baseline -0.002 -11"><span class='ocrx_word' id='word_1_274' title='bbox 438 3308 535 3337; x_wconf 91' lang='lat' dir='ltr'>cono</span> <span class='ocrx_word' id='word_1_275' title='bbox 564 3302 603 3335; x_wconf 89' lang='lat' dir='ltr'>ct</span> <span class='ocrx_word' id='word_1_276' title='bbox 634 3295 870 3334; x_wconf 86' lang='lat' dir='ltr'>Aldrevaldo</span> <span class='ocrx_word' id='word_1_277' title='bbox 888 3328 898 3344; x_wconf 85' lang='lat'><em>‚</em></span> <span class='ocrx_word' id='word_1_278' title='bbox 922 3302 964 3337; x_wconf 91' lang='lat' dir='ltr'>ut</span> <span class='ocrx_word' id='word_1_279' title='bbox 992 3297 1049 3335; x_wconf 83' lang='lat' dir='ltr'>Jo.</span> <span class='ocrx_word' id='word_1_280' title='bbox 1074 3298 1249 3347; x_wconf 80' lang='lat' dir='ltr'>Baptista</span> <span class='ocrx_word' id='word_1_281' title='bbox 1279 3297 1382 3334; x_wconf 89' lang='lat' dir='ltr'>Mau-</span> 
     </span>
     <span class='ocr_line' id='line_1_51' title="bbox 439 3358 1377 3408; baseline -0.004 -11"><span class='ocrx_word' id='word_1_282' title='bbox 439 3371 507 3398; x_wconf 85' lang='lat' dir='ltr'>rus</span> <span class='ocrx_word' id='word_1_283' title='bbox 536 3358 581 3398; x_wconf 84' lang='lat' dir='ltr'>ad</span> <span class='ocrx_word' id='word_1_284' title='bbox 630 3359 729 3396; x_wconf 75' lang='lat' dir='ltr'>l&#39;etri</span> <span class='ocrx_word' id='word_1_285' title='bbox 770 3359 923 3395; x_wconf 82' lang='lat' dir='ltr'>Diaconi</span> <span class='ocrx_word' id='word_1_286' title='bbox 963 3370 1047 3408; x_wconf 85' lang='lat' dir='ltr'>cap.</span> <span class='ocrx_word' id='word_1_287' title='bbox 1082 3361 1116 3397; x_wconf 89' lang='grc'>3.</span> <span class='ocrx_word' id='word_1_288' title='bbox 1161 3359 1377 3396; x_wconf 79' lang='lat' dir='ltr'>annotavit.</span> 
     </span>
    </p>
   </div>
   <div class='ocr_carea' id='block_1_3' title="bbox 1447 312 2406 3405">
    <p class='ocr_par' dir='ltr' id='par_1_9' title="bbox 1447 312 2396 798">
     <span class='ocr_line' id='line_1_52' title="bbox 1452 312 2392 364; baseline 0 -12"><span class='ocrx_word' id='word_1_289' title='bbox 1452 313 1560 352; x_wconf 82' lang='lat' dir='ltr'>Idem</span> <span class='ocrx_word' id='word_1_290' title='bbox 1593 315 1730 352; x_wconf 84' lang='lat' dir='ltr'>Petrus</span> <span class='ocrx_word' id='word_1_291' title='bbox 1760 312 1872 352; x_wconf 87' lang='lat' dir='ltr'>docet</span> <span class='ocrx_word' id='word_1_292' title='bbox 1911 316 2083 354; x_wconf 89' lang='lat' dir='ltr'>Marcum</span> <span class='ocrx_word' id='word_1_293' title='bbox 2114 314 2318 364; x_wconf 86' lang='lat' dir='ltr'>scripsisse</span> <span class='ocrx_word' id='word_1_294' title='bbox 2345 313 2392 352; x_wconf 81' lang='lat' dir='ltr'>de</span> 
     </span>
     <span class='ocr_line' id='line_1_53' title="bbox 1453 373 2389 415; baseline -0.001 -2"><span class='ocrx_word' id='word_1_295' title='bbox 1453 375 1533 414; x_wconf 79' lang='lat' dir='ltr'>situ</span> <span class='ocrx_word' id='word_1_296' title='bbox 1555 378 1591 413; x_wconf 88' lang='lat' dir='ltr'>et</span> <span class='ocrx_word' id='word_1_297' title='bbox 1608 374 1893 413; x_wconf 80' lang='lat' dir='ltr'>constructione</span> <span class='ocrx_word' id='word_1_298' title='bbox 1917 373 2102 415; x_wconf 80' lang='lat' dir='ltr'>Coenobii</span> <span class='ocrx_word' id='word_1_299' title='bbox 2131 374 2389 415; x_wconf 80' lang='lat' dir='ltr'>Cassinensis.</span> 
     </span>
     <span class='ocr_line' id='line_1_54' title="bbox 1456 436 2394 487; baseline 0.001 -12"><span class='ocrx_word' id='word_1_300' title='bbox 1456 437 1587 475; x_wconf 86' lang='lat' dir='ltr'>Edidit</span> <span class='ocrx_word' id='word_1_301' title='bbox 1624 437 1799 487; x_wconf 77' lang='lat' dir='ltr'>Angelus</span> <span class='ocrx_word' id='word_1_302' title='bbox 1829 447 1850 475; x_wconf 89' lang='lat' dir='ltr'>a</span> <span class='ocrx_word' id='word_1_303' title='bbox 1878 436 1983 476; x_wconf 84' lang='lat' dir='ltr'>Nuce</span> <span class='ocrx_word' id='word_1_304' title='bbox 2011 437 2059 476; x_wconf 89' lang='lat' dir='ltr'>ad</span> <span class='ocrx_word' id='word_1_305' title='bbox 2088 436 2236 475; x_wconf 86' lang='lat' dir='ltr'>calcem</span> <span class='ocrx_word' id='word_1_306' title='bbox 2271 437 2394 476; x_wconf 88' lang='lat' dir='ltr'>Chro-</span> 
     </span>
     <span class='ocr_line' id='line_1_55' title="bbox 1456 498 2394 549; baseline 0.001 -13"><span class='ocrx_word' id='word_1_307' title='bbox 1456 501 1530 537; x_wconf 88' lang='lat' dir='ltr'>nici</span> <span class='ocrx_word' id='word_1_308' title='bbox 1562 500 1701 537; x_wconf 81' lang='lat' dir='ltr'>Leonis</span> <span class='ocrx_word' id='word_1_309' title='bbox 1729 498 1946 547; x_wconf 85' lang='lat' dir='ltr'>Ostiensis,</span> <span class='ocrx_word' id='word_1_310' title='bbox 1975 500 2040 549; x_wconf 90' lang='lat' dir='ltr'>qui</span> <span class='ocrx_word' id='word_1_311' title='bbox 2072 498 2190 548; x_wconf 75' lang='lat' dir='ltr'>liujus</span> <span class='ocrx_word' id='word_1_312' title='bbox 2208 500 2394 537; x_wconf 83' lang='lat' dir='ltr'>carminis</span> 
     </span>
     <span class='ocr_line' id='line_1_56' title="bbox 1454 561 2392 600; baseline -0.001 -1"><span class='ocrx_word' id='word_1_313' title='bbox 1454 562 1634 599; x_wconf 86' lang='lat' dir='ltr'>meminit</span> <span class='ocrx_word' id='word_1_314' title='bbox 1678 562 1742 599; x_wconf 88' lang='lat' dir='ltr'>lll.</span> <span class='ocrx_word' id='word_1_315' title='bbox 1772 561 1834 599; x_wconf 90' lang='grc'>29.</span> <span class='ocrx_word' id='word_1_316' title='bbox 1881 561 2022 599; x_wconf 83' lang='lat' dir='ltr'>Exstat</span> <span class='ocrx_word' id='word_1_317' title='bbox 2050 562 2166 599; x_wconf 89' lang='lat' dir='ltr'>etiam</span> <span class='ocrx_word' id='word_1_318' title='bbox 2197 564 2302 598; x_wconf 88' lang='lat' dir='ltr'>tomo</span> <span class='ocrx_word' id='word_1_319' title='bbox 2330 561 2392 600; x_wconf 89' lang='lat' dir='ltr'><strong>IV.</strong></span> 
     </span>
     <span class='ocr_line' id='line_1_57' title="bbox 1455 621 2396 673; baseline -0.001 -12"><span class='ocrx_word' id='word_1_320' title='bbox 1455 624 1629 662; x_wconf 77' lang='lat' dir='ltr'>thesauri</span> <span class='ocrx_word' id='word_1_321' title='bbox 1662 623 1794 662; x_wconf 87' lang='lat' dir='ltr'>ltaliae</span> <span class='ocrx_word' id='word_1_322' title='bbox 1822 623 2072 661; x_wconf 88' lang='lat' dir='ltr'>Muratoriani</span> <span class='ocrx_word' id='word_1_323' title='bbox 2100 633 2188 673; x_wconf 89' lang='lat' dir='ltr'>pag.</span> <span class='ocrx_word' id='word_1_324' title='bbox 2216 621 2304 660; x_wconf 83' lang='grc'>605.</span> <span class='ocrx_word' id='word_1_325' title='bbox 2333 621 2396 660; x_wconf 92' lang='lat' dir='ltr'>In-</span> 
     </span>
     <span class='ocr_line' id='line_1_58' title="bbox 1453 681 2396 737; baseline -0.002 -15"><span class='ocrx_word' id='word_1_326' title='bbox 1453 687 1570 736; x_wconf 84' lang='lat' dir='ltr'>cipit:</span> <span class='ocrx_word' id='word_1_327' title='bbox 1605 685 1728 725; x_wconf 83' lang='lat' dir='ltr'>Coeca</span> <span class='ocrx_word' id='word_1_328' title='bbox 1749 683 1985 737; x_wconf 78' lang='lat' dir='ltr'>profanatas</span> <span class='ocrx_word' id='word_1_329' title='bbox 2007 681 2148 723; x_wconf 77' lang='lat' dir='ltr'>coleret</span> <span class='ocrx_word' id='word_1_330' title='bbox 2169 684 2260 723; x_wconf 82' lang='lat' dir='ltr'>dum</span> <span class='ocrx_word' id='word_1_331' title='bbox 2277 681 2396 721; x_wconf 83' lang='lat' dir='ltr'>curba</span> 
     </span>
     <span class='ocr_line' id='line_1_59' title="bbox 1447 745 2395 798; baseline -0.002 -13"><span class='ocrx_word' id='word_1_332' title='bbox 1447 747 1611 798; x_wconf 72' lang='lat' dir='ltr'>fiyuros.</span> <span class='ocrx_word' id='word_1_333' title='bbox 1643 747 1738 785; x_wconf 83' lang='lat' dir='ltr'>Vide</span> <span class='ocrx_word' id='word_1_334' title='bbox 1768 752 1808 785; x_wconf 87' lang='lat' dir='ltr'>et</span> <span class='ocrx_word' id='word_1_335' title='bbox 1837 747 1937 785; x_wconf 88' lang='lat' dir='ltr'>infra</span> <span class='ocrx_word' id='word_1_336' title='bbox 1961 746 2160 785; x_wconf 87' lang='lat' dir='ltr'>MARCUS</span> <span class='ocrx_word' id='word_1_337' title='bbox 2179 745 2395 786; x_wconf 77' lang='lat' dir='ltr'>Maoeimus.</span> 
     </span>
    </p>

    <p class='ocr_par' dir='ltr' id='par_1_10' title="bbox 1452 807 2399 908">
     <span class='ocr_line' id='line_1_60' title="bbox 1504 807 2399 859; baseline -0.001 -12"><span class='ocrx_word' id='word_1_338' title='bbox 1504 809 1705 848; x_wconf 83' lang='lat' dir='ltr'>MARCUS</span> <span class='ocrx_word' id='word_1_339' title='bbox 1735 808 2012 859; x_wconf 74' lang='lat' dir='ltr'>cassinensis,</span> <span class='ocrx_word' id='word_1_340' title='bbox 2044 807 2150 847; x_wconf 88' lang='lat' dir='ltr'>idem</span> <span class='ocrx_word' id='word_1_341' title='bbox 2171 819 2260 847; x_wconf 91' lang='lat' dir='ltr'>cum</span> <span class='ocrx_word' id='word_1_342' title='bbox 2283 819 2399 858; x_wconf 89' lang='lat' dir='ltr'>supe—</span> 
     </span>
     <span class='ocr_line' id='line_1_61' title="bbox 1452 881 1565 908; baseline 0.009 -1"><span class='ocrx_word' id='word_1_343' title='bbox 1452 881 1565 908; x_wconf 73' lang='lat' dir='ltr'>ruore.</span> 
     </span>
    </p>

    <p class='ocr_par' dir='ltr' id='par_1_11' title="bbox 1451 930 2402 1292">
     <span class='ocr_line' id='line_1_62' title="bbox 1505 930 2394 983; baseline -0.001 -14"><span class='ocrx_word' id='word_1_344' title='bbox 1505 931 1704 970; x_wconf 82' lang='lat' dir='ltr'>MARCUS</span> <span class='ocrx_word' id='word_1_345' title='bbox 1714 930 1760 969; x_wconf 88' lang='lat' dir='ltr'>de</span> <span class='ocrx_word' id='word_1_346' title='bbox 1777 932 1925 971; x_wconf 83' lang='lat' dir='ltr'>Cottnis</span> <span class='ocrx_word' id='word_1_347' title='bbox 1940 933 2138 971; x_wconf 88' lang='lat' dir='ltr'>Bohemus</span> <span class='ocrx_word' id='word_1_348' title='bbox 2154 932 2394 983; x_wconf 75' lang='lat' dir='ltr'>sigismundi</span> 
     </span>
     <span class='ocr_line' id='line_1_63' title="bbox 1452 993 2396 1043; baseline 0.001 -12"><span class='ocrx_word' id='word_1_349' title='bbox 1452 993 1550 1043; x_wconf 87' lang='lat' dir='ltr'>Imp.</span> <span class='ocrx_word' id='word_1_350' title='bbox 1580 993 1776 1031; x_wconf 83' lang='lat' dir='ltr'>archiater</span> <span class='ocrx_word' id='word_1_351' title='bbox 1804 995 1906 1032; x_wconf 90' lang='lat' dir='ltr'>circa</span> <span class='ocrx_word' id='word_1_352' title='bbox 1930 1005 1994 1032; x_wconf 90' lang='lat' dir='ltr'>an.</span> <span class='ocrx_word' id='word_1_353' title='bbox 2015 994 2118 1032; x_wconf 87' lang='grc'>4428</span> <span class='ocrx_word' id='word_1_354' title='bbox 2141 995 2203 1032; x_wconf 87' lang='lat' dir='ltr'>cui</span> <span class='ocrx_word' id='word_1_355' title='bbox 2228 993 2396 1032; x_wconf 87' lang='lat' dir='ltr'>oblatam</span> 
     </span>
     <span class='ocr_line' id='line_1_64' title="bbox 1451 1054 2401 1093; baseline 0.002 -2"><span class='ocrx_word' id='word_1_356' title='bbox 1451 1054 1500 1092; x_wconf 89' lang='lat' dir='ltr'>de</span> <span class='ocrx_word' id='word_1_357' title='bbox 1530 1054 1759 1093; x_wconf 85' lang='lat' dir='ltr'>infirmitate</span> <span class='ocrx_word' id='word_1_358' title='bbox 1791 1066 1862 1093; x_wconf 85' lang='lat' dir='ltr'>sua</span> <span class='ocrx_word' id='word_1_359' title='bbox 1891 1055 1913 1093; x_wconf 78' lang='lat' dir='ltr'>a</span> <span class='ocrx_word' id='word_1_360' title='bbox 1941 1054 2092 1093; x_wconf 87' lang='lat' dir='ltr'>Joanne</span> <span class='ocrx_word' id='word_1_361' title='bbox 2112 1054 2264 1093; x_wconf 85' lang='lat' dir='ltr'>Abbate</span> <span class='ocrx_word' id='word_1_362' title='bbox 2287 1055 2401 1093; x_wconf 85' lang='lat' dir='ltr'>Lam-</span> 
     </span>
     <span class='ocr_line' id='line_1_65' title="bbox 1454 1114 2402 1155; baseline 0 -1"><span class='ocrx_word' id='word_1_363' title='bbox 1454 1117 1616 1155; x_wconf 86' lang='lat' dir='ltr'>bacensi</span> <span class='ocrx_word' id='word_1_364' title='bbox 1648 1117 1964 1155; x_wconf 81' lang='lat' dir='ltr'>informationem</span> <span class='ocrx_word' id='word_1_365' title='bbox 2008 1114 2130 1154; x_wconf 89' lang='lat' dir='ltr'>edidit</span> <span class='ocrx_word' id='word_1_366' title='bbox 2172 1115 2402 1154; x_wconf 86' lang='lat' dir='ltr'>Bernardus</span> 
     </span>
     <span class='ocr_line' id='line_1_66' title="bbox 1454 1176 2397 1229; baseline -0.002 -12"><span class='ocrx_word' id='word_1_367' title='bbox 1454 1180 1529 1217; x_wconf 91' lang='lat' dir='ltr'>Pez</span> <span class='ocrx_word' id='word_1_368' title='bbox 1555 1179 1591 1216; x_wconf 93' lang='lat' dir='ltr'>in</span> <span class='ocrx_word' id='word_1_369' title='bbox 1621 1179 1910 1229; x_wconf 71' lang='lat' dir='ltr'>prolegomenis</span> <span class='ocrx_word' id='word_1_370' title='bbox 1934 1177 1982 1217; x_wconf 87' lang='lat' dir='ltr'>ad</span> <span class='ocrx_word' id='word_1_371' title='bbox 2003 1185 2097 1216; x_wconf 89' lang='lat' dir='ltr'>tom.</span> <span class='ocrx_word' id='word_1_372' title='bbox 2115 1178 2151 1217; x_wconf 83' lang='grc'>2.</span> <span class='ocrx_word' id='word_1_373' title='bbox 2173 1176 2397 1216; x_wconf 85' lang='lat' dir='ltr'>anecdotor.</span> 
     </span>
     <span class='ocr_line' id='line_1_67' title="bbox 1454 1239 1793 1292; baseline -0.003 -13"><span class='ocrx_word' id='word_1_374' title='bbox 1454 1253 1540 1292; x_wconf 86' lang='lat' dir='ltr'>pag.</span> <span class='ocrx_word' id='word_1_375' title='bbox 1572 1239 1793 1280; x_wconf 86' lang='lat' dir='ltr'>XXXVllI.</span> 
     </span>
    </p>

    <p class='ocr_par' dir='ltr' id='par_1_12' title="bbox 1454 1301 2397 1415">
     <span class='ocr_line' id='line_1_68' title="bbox 1506 1301 2397 1353; baseline -0.001 -12"><span class='ocrx_word' id='word_1_376' title='bbox 1506 1302 1707 1342; x_wconf 78' lang='lat' dir='ltr'>MARCUS</span> <span class='ocrx_word' id='word_1_377' title='bbox 1737 1302 1953 1353; x_wconf 49' lang='lat' dir='ltr'>(leoffius,</span> <span class='ocrx_word' id='word_1_378' title='bbox 1984 1313 2103 1353; x_wconf 83' lang='lat' dir='ltr'>supra</span> <span class='ocrx_word' id='word_1_379' title='bbox 2131 1301 2397 1348; x_wconf 88' lang='lat' dir='ltr'>GEORGIUS,</span> 
     </span>
     <span class='ocr_line' id='line_1_69' title="bbox 1454 1366 1810 1415; baseline -0.003 -12"><span class='ocrx_word' id='word_1_380' title='bbox 1454 1369 1547 1403; x_wconf 87' lang='lat' dir='ltr'>tom.</span> <span class='ocrx_word' id='word_1_381' title='bbox 1579 1366 1601 1403; x_wconf 88' lang='lat'><strong>3</strong></span> <span class='ocrx_word' id='word_1_382' title='bbox 1633 1377 1720 1415; x_wconf 81' lang='lat' dir='ltr'>pag.</span> <span class='ocrx_word' id='word_1_383' title='bbox 1749 1366 1810 1403; x_wconf 85' lang='grc'>34.</span> 
     </span>
    </p>

    <p class='ocr_par' dir='ltr' id='par_1_13' title="bbox 1507 1424 2353 1476">
     <span class='ocr_line' id='line_1_70' title="bbox 1507 1424 2353 1476; baseline -0.005 -10"><span class='ocrx_word' id='word_1_384' title='bbox 1507 1427 1708 1467; x_wconf 86' lang='lat' dir='ltr'>MARCUS</span> <span class='ocrx_word' id='word_1_385' title='bbox 1737 1425 1948 1476; x_wconf 67' lang='lat' dir='ltr'>Maruhcs,</span> <span class='ocrx_word' id='word_1_386' title='bbox 1980 1427 2078 1464; x_wconf 89' lang='lat' dir='ltr'>infra</span> <span class='ocrx_word' id='word_1_387' title='bbox 2104 1424 2353 1465; x_wconf 88' lang='lat' dir='ltr'>MARULUS.</span> 
     </span>
    </p>

    <p class='ocr_par' dir='ltr' id='par_1_14' title="bbox 1453 1486 2405 2351">
     <span class='ocr_line' id='line_1_71' title="bbox 1506 1486 2400 1539; baseline -0.004 -11"><span class='ocrx_word' id='word_1_388' title='bbox 1506 1490 1704 1529; x_wconf 84' lang='lat' dir='ltr'>MARCUS</span> <span class='ocrx_word' id='word_1_389' title='bbox 1728 1489 1934 1528; x_wconf 70' lang='lat' dir='ltr'>,tlaoez&#39;mus</span> <span class='ocrx_word' id='word_1_390' title='bbox 1951 1519 1960 1534; x_wconf 93' lang='lat'>‚</span> <span class='ocrx_word' id='word_1_391' title='bbox 1980 1489 2200 1539; x_wconf 88' lang='lat' dir='ltr'>Episcopus</span> <span class='ocrx_word' id='word_1_392' title='bbox 2226 1492 2269 1526; x_wconf 87' lang='lat' dir='ltr'>ut</span> <span class='ocrx_word' id='word_1_393' title='bbox 2288 1486 2400 1538; x_wconf 87' lang='lat' dir='ltr'>ajunt</span> 
     </span>
     <span class='ocr_line' id='line_1_72' title="bbox 1455 1550 2400 1602; baseline -0.003 -13"><span class='ocrx_word' id='word_1_394' title='bbox 1455 1553 1877 1602; x_wconf 74' lang='lat' dir='ltr'>caesaraugustanus,</span> <span class='ocrx_word' id='word_1_395' title='bbox 1907 1552 2074 1601; x_wconf 88' lang='lat' dir='ltr'>scriptor</span> <span class='ocrx_word' id='word_1_396' title='bbox 2102 1550 2400 1588; x_wconf 89' lang='lat' dir='ltr'>commentitius</span> 
     </span>
     <span class='ocr_line' id='line_1_73' title="bbox 1457 1611 2402 1662; baseline -0.006 -7"><span class='ocrx_word' id='word_1_397' title='bbox 1457 1614 1670 1662; x_wconf 76' lang='lat' dir='ltr'>Chronici7</span> <span class='ocrx_word' id='word_1_398' title='bbox 1701 1615 1786 1652; x_wconf 87' lang='lat' dir='ltr'>sive</span> <span class='ocrx_word' id='word_1_399' title='bbox 1815 1613 2124 1652; x_wconf 83' lang='lat' dir='ltr'>continuationis</span> <span class='ocrx_word' id='word_1_400' title='bbox 2154 1611 2307 1650; x_wconf 88' lang='lat' dir='ltr'>Pseudo</span> <span class='ocrx_word' id='word_1_401' title='bbox 2327 1612 2402 1650; x_wconf 90' lang='lat' dir='ltr'>De-</span> 
     </span>
     <span class='ocr_line' id='line_1_74' title="bbox 1455 1673 2400 1716; baseline -0.005 -1"><span class='ocrx_word' id='word_1_402' title='bbox 1455 1679 1530 1715; x_wconf 77' lang='lat' dir='ltr'>xtri</span> <span class='ocrx_word' id='word_1_403' title='bbox 1563 1677 1610 1716; x_wconf 87' lang='lat' dir='ltr'>ab</span> <span class='ocrx_word' id='word_1_404' title='bbox 1640 1678 1684 1715; x_wconf 92' lang='lat' dir='ltr'>A.</span> <span class='ocrx_word' id='word_1_405' title='bbox 1716 1677 1759 1714; x_wconf 91' lang='lat' dir='ltr'>C.</span> <span class='ocrx_word' id='word_1_406' title='bbox 1792 1677 1880 1714; x_wconf 84' lang='grc'>430.</span> <span class='ocrx_word' id='word_1_407' title='bbox 1910 1674 1958 1713; x_wconf 86' lang='lat' dir='ltr'>ad</span> <span class='ocrx_word' id='word_1_408' title='bbox 2004 1675 2092 1714; x_wconf 80' lang='grc'>642.</span> <span class='ocrx_word' id='word_1_409' title='bbox 2135 1673 2269 1714; x_wconf 87' lang='lat' dir='ltr'>Edidit</span> <span class='ocrx_word' id='word_1_410' title='bbox 2308 1684 2400 1712; x_wconf 90' lang='lat' dir='ltr'>cum</span> 
     </span>
     <span class='ocr_line' id='line_1_75' title="bbox 1454 1736 2402 1790; baseline -0.006 -12"><span class='ocrx_word' id='word_1_411' title='bbox 1454 1740 1595 1790; x_wconf 87' lang='lat' dir='ltr'>amplis</span> <span class='ocrx_word' id='word_1_412' title='bbox 1624 1739 1921 1778; x_wconf 83' lang='lat' dir='ltr'>commentariis</span> <span class='ocrx_word' id='word_1_413' title='bbox 1950 1737 2185 1776; x_wconf 89' lang='lat' dir='ltr'>Franciscus</span> <span class='ocrx_word' id='word_1_414' title='bbox 2219 1736 2402 1774; x_wconf 86' lang='lat' dir='ltr'>Bivarius</span> 
     </span>
     <span class='ocr_line' id='line_1_76' title="bbox 1454 1797 2400 1841; baseline -0.006 0"><span class='ocrx_word' id='word_1_415' title='bbox 1454 1801 1604 1841; x_wconf 85' lang='lat' dir='ltr'>Madrit.</span> <span class='ocrx_word' id='word_1_416' title='bbox 1629 1801 1731 1840; x_wconf 78' lang='grc'>4645</span> <span class='ocrx_word' id='word_1_417' title='bbox 1757 1801 1818 1839; x_wconf 84' lang='lat' dir='ltr'>fol.</span> <span class='ocrx_word' id='word_1_418' title='bbox 1844 1805 1883 1838; x_wconf 90' lang='lat' dir='ltr'>et</span> <span class='ocrx_word' id='word_1_419' title='bbox 1909 1800 2014 1838; x_wconf 89' lang='lat' dir='ltr'>hunc</span> <span class='ocrx_word' id='word_1_420' title='bbox 2037 1800 2209 1838; x_wconf 86' lang='lat' dir='ltr'>Marcum</span> <span class='ocrx_word' id='word_1_421' title='bbox 2228 1797 2400 1836; x_wconf 88' lang='lat' dir='ltr'>eundem</span> 
     </span>
     <span class='ocr_line' id='line_1_77' title="bbox 1456 1860 2402 1910; baseline -0.004 -8"><span class='ocrx_word' id='word_1_422' title='bbox 1456 1865 1547 1902; x_wconf 86' lang='lat' dir='ltr'>facit</span> <span class='ocrx_word' id='word_1_423' title='bbox 1575 1875 1665 1902; x_wconf 90' lang='lat' dir='ltr'>cum</span> <span class='ocrx_word' id='word_1_424' title='bbox 1710 1865 1836 1902; x_wconf 90' lang='lat' dir='ltr'>Marco</span> <span class='ocrx_word' id='word_1_425' title='bbox 1866 1861 2120 1901; x_wconf 86' lang='lat' dir='ltr'>Benedictino</span> <span class='ocrx_word' id='word_1_426' title='bbox 2150 1860 2198 1899; x_wconf 89' lang='lat' dir='ltr'>de</span> <span class='ocrx_word' id='word_1_427' title='bbox 2229 1871 2307 1910; x_wconf 91' lang='lat' dir='ltr'>quo</span> <span class='ocrx_word' id='word_1_428' title='bbox 2336 1870 2402 1898; x_wconf 88' lang='lat' dir='ltr'>su-</span> 
     </span>
     <span class='ocr_line' id='line_1_78' title="bbox 1455 1923 2404 1976; baseline -0.004 -12"><span class='ocrx_word' id='word_1_429' title='bbox 1455 1937 1536 1976; x_wconf 87' lang='lat' dir='ltr'>pra.</span> <span class='ocrx_word' id='word_1_430' title='bbox 1566 1925 1731 1964; x_wconf 80' lang='lat' dir='ltr'>Perinde</span> <span class='ocrx_word' id='word_1_431' title='bbox 1761 1925 1951 1964; x_wconf 83' lang='lat' dir='ltr'>falluntur</span> <span class='ocrx_word' id='word_1_432' title='bbox 1980 1923 2048 1975; x_wconf 81' lang='lat' dir='ltr'>qui</span> <span class='ocrx_word' id='word_1_433' title='bbox 2077 1925 2250 1963; x_wconf 90' lang='lat' dir='ltr'>Marcum</span> <span class='ocrx_word' id='word_1_434' title='bbox 2280 1924 2404 1961; x_wconf 82' lang='lat' dir='ltr'>Bene-</span> 
     </span>
     <span class='ocr_line' id='line_1_79' title="bbox 1455 1985 2401 2032; baseline -0.005 -5"><span class='ocrx_word' id='word_1_435' title='bbox 1455 1989 1647 2027; x_wconf 88' lang='lat' dir='ltr'>dictioum</span> <span class='ocrx_word' id='word_1_436' title='bbox 1678 1988 1927 2027; x_wconf 88' lang='lat' dir='ltr'>confundunt</span> <span class='ocrx_word' id='word_1_437' title='bbox 1945 1999 2036 2026; x_wconf 83' lang='lat' dir='ltr'>cum</span> <span class='ocrx_word' id='word_1_438' title='bbox 2061 1988 2189 2026; x_wconf 85' lang='lat' dir='ltr'>Marco</span> <span class='ocrx_word' id='word_1_439' title='bbox 2213 1985 2401 2032; x_wconf 88' lang='lat' dir='ltr'>Eremita‚</span> 
     </span>
     <span class='ocr_line' id='line_1_80' title="bbox 1455 2046 2403 2102; baseline -0.005 -13"><span class='ocrx_word' id='word_1_440' title='bbox 1455 2052 1602 2090; x_wconf 84' lang='lat' dir='ltr'>Graeco</span> <span class='ocrx_word' id='word_1_441' title='bbox 1632 2052 1822 2102; x_wconf 83' lang='lat' dir='ltr'>scriptore</span> <span class='ocrx_word' id='word_1_442' title='bbox 1847 2050 2158 2096; x_wconf 79' lang='lat' dir='ltr'>sententiarum,</span> <span class='ocrx_word' id='word_1_443' title='bbox 2181 2047 2230 2086; x_wconf 91' lang='lat' dir='ltr'>de</span> <span class='ocrx_word' id='word_1_444' title='bbox 2259 2046 2403 2098; x_wconf 91' lang='lat' dir='ltr'>quibus</span> 
     </span>
     <span class='ocr_line' id='line_1_81' title="bbox 1457 2110 2400 2162; baseline -0.005 -11"><span class='ocrx_word' id='word_1_445' title='bbox 1457 2115 1493 2151; x_wconf 92' lang='lat' dir='ltr'>in</span> <span class='ocrx_word' id='word_1_446' title='bbox 1525 2113 1622 2151; x_wconf 88' lang='lat' dir='ltr'>Bibl.</span> <span class='ocrx_word' id='word_1_447' title='bbox 1652 2115 1824 2152; x_wconf 83' lang='lat' dir='ltr'>Graecae</span> <span class='ocrx_word' id='word_1_448' title='bbox 1854 2118 1949 2151; x_wconf 88' lang='lat' dir='ltr'>tom.</span> <span class='ocrx_word' id='word_1_449' title='bbox 1980 2112 2079 2152; x_wconf 87' lang='lat' dir='ltr'><strong>VIII.</strong></span> <span class='ocrx_word' id='word_1_450' title='bbox 2109 2122 2196 2162; x_wconf 83' lang='lat' dir='ltr'>pag.</span> <span class='ocrx_word' id='word_1_451' title='bbox 2221 2110 2296 2149; x_wconf 88' lang='grc'>349</span> <span class='ocrx_word' id='word_1_452' title='bbox 2318 2119 2400 2159; x_wconf 87' lang='lat' dir='ltr'>seq.</span> 
     </span>
     <span class='ocr_line' id='line_1_82' title="bbox 1456 2172 2405 2226; baseline -0.004 -12"><span class='ocrx_word' id='word_1_453' title='bbox 1456 2178 1582 2214; x_wconf 88' lang='lat' dir='ltr'>Marco</span> <span class='ocrx_word' id='word_1_454' title='bbox 1611 2177 1780 2214; x_wconf 82' lang='lat' dir='ltr'>Maximo</span> <span class='ocrx_word' id='word_1_455' title='bbox 1811 2175 1900 2214; x_wconf 88' lang='lat' dir='ltr'>fidei</span> <span class='ocrx_word' id='word_1_456' title='bbox 1929 2179 2123 2226; x_wconf 89' lang='lat' dir='ltr'>quantum</span> <span class='ocrx_word' id='word_1_457' title='bbox 2154 2174 2206 2213; x_wconf 87' lang='lat' dir='ltr'>sit</span> <span class='ocrx_word' id='word_1_458' title='bbox 2229 2172 2405 2211; x_wconf 87' lang='lat' dir='ltr'>tribuen-</span> 
     </span>
     <span class='ocr_line' id='line_1_83' title="bbox 1454 2234 2398 2288; baseline -0.005 -12"><span class='ocrx_word' id='word_1_459' title='bbox 1454 2239 1574 2287; x_wconf 81' lang='lat' dir='ltr'>dum,</span> <span class='ocrx_word' id='word_1_460' title='bbox 1605 2242 1694 2288; x_wconf 85' lang='lat' dir='ltr'>pete</span> <span class='ocrx_word' id='word_1_461' title='bbox 1724 2250 1745 2277; x_wconf 90' lang='lat' dir='ltr'>a</span> <span class='ocrx_word' id='word_1_462' title='bbox 1786 2240 1866 2277; x_wconf 84' lang='lat' dir='ltr'>Nic.</span> <span class='ocrx_word' id='word_1_463' title='bbox 1911 2238 2083 2277; x_wconf 87' lang='lat' dir='ltr'>Antonio</span> <span class='ocrx_word' id='word_1_464' title='bbox 2127 2235 2192 2274; x_wconf 88' lang='lat' dir='ltr'>lib.</span> <span class='ocrx_word' id='word_1_465' title='bbox 2227 2235 2270 2274; x_wconf 93' lang='lat' dir='ltr'>V.</span> <span class='ocrx_word' id='word_1_466' title='bbox 2302 2234 2398 2273; x_wconf 90' lang='lat' dir='ltr'>Bibl.</span> 
     </span>
     <span class='ocr_line' id='line_1_84' title="bbox 1453 2301 1987 2351; baseline 0.004 -14"><span class='ocrx_word' id='word_1_467' title='bbox 1453 2301 1600 2339; x_wconf 88' lang='lat' dir='ltr'>veteris</span> <span class='ocrx_word' id='word_1_468' title='bbox 1627 2301 1818 2350; x_wconf 83' lang='lat' dir='ltr'>Hispanae</span> <span class='ocrx_word' id='word_1_469' title='bbox 1849 2312 1933 2351; x_wconf 88' lang='lat' dir='ltr'>cap.</span> <span class='ocrx_word' id='word_1_470' title='bbox 1963 2301 1987 2339; x_wconf 89' lang='grc'>2</span> 
     </span>
    </p>

    <p class='ocr_par' dir='ltr' id='par_1_15' title="bbox 1450 2360 2406 3405">
     <span class='ocr_line' id='line_1_85' title="bbox 1504 2360 2405 2412; baseline -0.003 -11"><span class='ocrx_word' id='word_1_471' title='bbox 1504 2362 1706 2401; x_wconf 86' lang='lat' dir='ltr'>MARCUS</span> <span class='ocrx_word' id='word_1_472' title='bbox 1737 2362 1955 2412; x_wconf 76' lang='lat' dir='ltr'>l‘AULUS‚</span> <span class='ocrx_word' id='word_1_473' title='bbox 1984 2364 2162 2402; x_wconf 87' lang='lat' dir='ltr'>Venetus</span> <span class='ocrx_word' id='word_1_474' title='bbox 2193 2371 2284 2400; x_wconf 88' lang='lat' dir='ltr'>cum</span> <span class='ocrx_word' id='word_1_475' title='bbox 2331 2360 2405 2398; x_wconf 89' lang='lat' dir='ltr'>fra-</span> 
     </span>
     <span class='ocr_line' id='line_1_86' title="bbox 1450 2423 2400 2475; baseline -0.004 -12"><span class='ocrx_word' id='word_1_476' title='bbox 1450 2428 1509 2463; x_wconf 88' lang='lat' dir='ltr'>tre</span> <span class='ocrx_word' id='word_1_477' title='bbox 1548 2435 1619 2463; x_wconf 91' lang='lat' dir='ltr'>suo</span> <span class='ocrx_word' id='word_1_478' title='bbox 1661 2424 1705 2463; x_wconf 88' lang='lat' dir='ltr'>A.</span> <span class='ocrx_word' id='word_1_479' title='bbox 1743 2426 1786 2464; x_wconf 92' lang='lat' dir='ltr'>C.</span> <span class='ocrx_word' id='word_1_480' title='bbox 1817 2426 1931 2464; x_wconf 84' lang='grc'>4269.</span> <span class='ocrx_word' id='word_1_481' title='bbox 1963 2425 2056 2464; x_wconf 87' lang='lat' dir='ltr'>adiit</span> <span class='ocrx_word' id='word_1_482' title='bbox 2073 2426 2251 2475; x_wconf 86' lang='lat' dir='ltr'>regiones</span> <span class='ocrx_word' id='word_1_483' title='bbox 2266 2423 2400 2462; x_wconf 87' lang='lat' dir='ltr'>Orien-</span> 
     </span>
     <span class='ocr_line' id='line_1_87' title="bbox 1452 2483 2403 2537; baseline -0.004 -12"><span class='ocrx_word' id='word_1_484' title='bbox 1452 2487 1579 2535; x_wconf 83' lang='lat' dir='ltr'>tales,</span> <span class='ocrx_word' id='word_1_485' title='bbox 1629 2488 1803 2526; x_wconf 86' lang='lat' dir='ltr'>Persiam</span> <span class='ocrx_word' id='word_1_486' title='bbox 1857 2489 2184 2537; x_wconf 88' lang='lat' dir='ltr'>Tartariamque‚</span> <span class='ocrx_word' id='word_1_487' title='bbox 2213 2490 2253 2524; x_wconf 89' lang='lat' dir='ltr'>et</span> <span class='ocrx_word' id='word_1_488' title='bbox 2300 2483 2403 2535; x_wconf 86' lang='lat' dir='ltr'>apud</span> 
     </span>
     <span class='ocr_line' id='line_1_88' title="bbox 1453 2544 2406 2601; baseline -0.003 -13"><span class='ocrx_word' id='word_1_489' title='bbox 1453 2544 1638 2601; x_wconf 83' lang='lat' dir='ltr'>magnum</span> <span class='ocrx_word' id='word_1_490' title='bbox 1670 2549 1791 2588; x_wconf 89' lang='lat' dir='ltr'>Cham</span> <span class='ocrx_word' id='word_1_491' title='bbox 1824 2549 2050 2599; x_wconf 83' lang='lat' dir='ltr'>Presbyteri</span> <span class='ocrx_word' id='word_1_492' title='bbox 2084 2549 2250 2588; x_wconf 77' lang='lat' dir='ltr'>loannis</span> <span class='ocrx_word' id='word_1_493' title='bbox 2279 2548 2406 2586; x_wconf 87' lang='lat' dir='ltr'>victo-</span> 
     </span>
     <span class='ocr_line' id='line_1_89' title="bbox 1452 2610 2405 2662; baseline -0.004 -11"><span class='ocrx_word' id='word_1_494' title='bbox 1452 2624 1533 2651; x_wconf 85' lang='lat' dir='ltr'>rem</span> <span class='ocrx_word' id='word_1_495' title='bbox 1565 2613 1786 2661; x_wconf 81' lang='lat' dir='ltr'>gratiosus,</span> <span class='ocrx_word' id='word_1_496' title='bbox 1818 2623 1887 2662; x_wconf 86' lang='lat' dir='ltr'>per</span> <span class='ocrx_word' id='word_1_497' title='bbox 1916 2623 2042 2650; x_wconf 88' lang='lat' dir='ltr'>annos</span> <span class='ocrx_word' id='word_1_498' title='bbox 2072 2611 2194 2651; x_wconf 86' lang='lat' dir='ltr'><strong>XVII.</strong></span> <span class='ocrx_word' id='word_1_499' title='bbox 2239 2610 2405 2660; x_wconf 83' lang='lat' dir='ltr'>negotiis</span> 
     </span>
     <span class='ocr_line' id='line_1_90' title="bbox 1454 2671 2405 2725; baseline -0.004 -13"><span class='ocrx_word' id='word_1_500' title='bbox 1454 2675 1603 2725; x_wconf 87' lang='lat' dir='ltr'>imperii</span> <span class='ocrx_word' id='word_1_501' title='bbox 1631 2674 1754 2723; x_wconf 80' lang='lat' dir='ltr'>illius,</span> <span class='ocrx_word' id='word_1_502' title='bbox 1780 2673 2124 2724; x_wconf 76' lang='lat' dir='ltr'>legationibusque</span> <span class='ocrx_word' id='word_1_503' title='bbox 2139 2683 2208 2723; x_wconf 84' lang='lat' dir='ltr'>per</span> <span class='ocrx_word' id='word_1_504' title='bbox 2224 2671 2405 2710; x_wconf 88' lang='lat' dir='ltr'>diversas</span> 
     </span>
     <span class='ocr_line' id='line_1_91' title="bbox 1454 2734 2403 2785; baseline -0.005 -10"><span class='ocrx_word' id='word_1_505' title='bbox 1454 2741 1578 2778; x_wconf 86' lang='lat' dir='ltr'>terras</span> <span class='ocrx_word' id='word_1_506' title='bbox 1594 2735 1772 2785; x_wconf 80' lang='lat' dir='ltr'>ejusdem</span> <span class='ocrx_word' id='word_1_507' title='bbox 1791 2734 1983 2774; x_wconf 83' lang='lat' dir='ltr'>obeundis</span> <span class='ocrx_word' id='word_1_508' title='bbox 2000 2735 2277 2773; x_wconf 83' lang='lat' dir='ltr'>dexteritatem</span> <span class='ocrx_word' id='word_1_509' title='bbox 2291 2744 2403 2772; x_wconf 91' lang='lat' dir='ltr'>suam</span> 
     </span>
     <span class='ocr_line' id='line_1_92' title="bbox 1452 2795 2404 2849; baseline -0.006 -12"><span class='ocrx_word' id='word_1_510' title='bbox 1452 2799 1656 2849; x_wconf 87' lang='lat' dir='ltr'>probavit,</span> <span class='ocrx_word' id='word_1_511' title='bbox 1689 2798 1872 2836; x_wconf 75' lang='lat' dir='ltr'>venetias</span> <span class='ocrx_word' id='word_1_512' title='bbox 1901 2797 2043 2835; x_wconf 87' lang='lat' dir='ltr'>deinde</span> <span class='ocrx_word' id='word_1_513' title='bbox 2072 2807 2164 2835; x_wconf 89' lang='lat' dir='ltr'>cum</span> <span class='ocrx_word' id='word_1_514' title='bbox 2208 2795 2294 2834; x_wconf 88' lang='lat' dir='ltr'>aliis</span> <span class='ocrx_word' id='word_1_515' title='bbox 2336 2805 2404 2845; x_wconf 87' lang='lat' dir='ltr'>po-</span> 
     </span>
     <span class='ocr_line' id='line_1_93' title="bbox 1454 2855 2404 2910; baseline -0.004 -12"><span class='ocrx_word' id='word_1_516' title='bbox 1454 2860 1655 2910; x_wconf 87' lang='lat' dir='ltr'>pularibus</span> <span class='ocrx_word' id='word_1_517' title='bbox 1685 2861 1771 2898; x_wconf 90' lang='lat' dir='ltr'>suis</span> <span class='ocrx_word' id='word_1_518' title='bbox 1801 2859 1844 2898; x_wconf 90' lang='lat' dir='ltr'>A.</span> <span class='ocrx_word' id='word_1_519' title='bbox 1879 2860 1995 2898; x_wconf 72' lang='grc'>4295.</span> <span class='ocrx_word' id='word_1_520' title='bbox 2026 2869 2239 2904; x_wconf 82' lang='lat' dir='ltr'>reversus,</span> <span class='ocrx_word' id='word_1_521' title='bbox 2279 2855 2404 2895; x_wconf 77' lang='lat' dir='ltr'>libros</span> 
     </span>
     <span class='ocr_line' id='line_1_94' title="bbox 1454 2918 2404 2972; baseline -0.003 -12"><span class='ocrx_word' id='word_1_522' title='bbox 1454 2926 1534 2960; x_wconf 81' lang='lat' dir='ltr'>tres</span> <span class='ocrx_word' id='word_1_523' title='bbox 1553 2921 1751 2971; x_wconf 82' lang='lat' dir='ltr'>jucundos</span> <span class='ocrx_word' id='word_1_524' title='bbox 1776 2922 1880 2960; x_wconf 80' lang='lat' dir='ltr'>lectu</span> <span class='ocrx_word' id='word_1_525' title='bbox 1908 2920 1954 2959; x_wconf 88' lang='lat' dir='ltr'>de</span> <span class='ocrx_word' id='word_1_526' title='bbox 1977 2918 2204 2972; x_wconf 71' lang='lat' dir='ltr'>reqiomous</span> <span class='ocrx_word' id='word_1_527' title='bbox 2223 2918 2404 2958; x_wconf 82' lang='lat' dir='ltr'>Orienta-</span> 
     </span>
     <span class='ocr_line' id='line_1_95' title="bbox 1454 2981 2402 3034; baseline -0.001 -13"><span class='ocrx_word' id='word_1_528' title='bbox 1454 2982 1557 3022; x_wconf 82' lang='lat' dir='ltr'>libus</span> <span class='ocrx_word' id='word_1_529' title='bbox 1582 2985 1739 3034; x_wconf 88' lang='lat' dir='ltr'>scripsit</span> <span class='ocrx_word' id='word_1_530' title='bbox 1763 3015 1772 3032; x_wconf 81' lang='lat'><em>,</em></span> <span class='ocrx_word' id='word_1_531' title='bbox 1806 2985 1842 3021; x_wconf 88' lang='lat' dir='ltr'>in</span> <span class='ocrx_word' id='word_1_532' title='bbox 1876 2995 1954 3034; x_wconf 88' lang='lat' dir='ltr'>quo</span> <span class='ocrx_word' id='word_1_533' title='bbox 1983 2988 2023 3021; x_wconf 84' lang='lat' dir='ltr'>et</span> <span class='ocrx_word' id='word_1_534' title='bbox 2041 2982 2138 3021; x_wconf 78' lang='lat' dir='ltr'>tides</span> <span class='ocrx_word' id='word_1_535' title='bbox 2157 2981 2402 3034; x_wconf 86' lang='lat' dir='ltr'>etjudicium</span> 
     </span>
     <span class='ocr_line' id='line_1_96' title="bbox 1454 3045 2404 3096; baseline -0.002 -12"><span class='ocrx_word' id='word_1_536' title='bbox 1454 3047 1648 3093; x_wconf 81' lang='lat' dir='ltr'>auctoris,</span> <span class='ocrx_word' id='word_1_537' title='bbox 1667 3057 1687 3083; x_wconf 90' lang='lat' dir='ltr'>a</span> <span class='ocrx_word' id='word_1_538' title='bbox 1706 3047 1802 3084; x_wconf 90' lang='lat' dir='ltr'>viris</span> <span class='ocrx_word' id='word_1_539' title='bbox 1823 3046 2034 3096; x_wconf 84' lang='lat' dir='ltr'>praeclaris</span> <span class='ocrx_word' id='word_1_540' title='bbox 2050 3045 2284 3084; x_wconf 85' lang='lat' dir='ltr'>celebratur.</span> <span class='ocrx_word' id='word_1_541' title='bbox 2301 3045 2404 3083; x_wconf 88' lang='lat' dir='ltr'>Scri—</span> 
     </span>
     <span class='ocr_line' id='line_1_97' title="bbox 1454 3106 2402 3158; baseline -0.001 -12"><span class='ocrx_word' id='word_1_542' title='bbox 1454 3110 1532 3158; x_wconf 81' lang='lat' dir='ltr'>psit</span> <span class='ocrx_word' id='word_1_543' title='bbox 1561 3112 1694 3146; x_wconf 79' lang='lat' dir='ltr'>autem</span> <span class='ocrx_word' id='word_1_544' title='bbox 1726 3108 1885 3157; x_wconf 80' lang='lat' dir='ltr'>italice,</span> <span class='ocrx_word' id='word_1_545' title='bbox 1918 3120 1992 3146; x_wconf 90' lang='lat' dir='ltr'>non</span> <span class='ocrx_word' id='word_1_546' title='bbox 2041 3108 2204 3146; x_wconf 84' lang='lat' dir='ltr'>Latine:</span> <span class='ocrx_word' id='word_1_547' title='bbox 2247 3106 2402 3145; x_wconf 88' lang='lat' dir='ltr'>Titulus</span> 
     </span>
     <span class='ocr_line' id='line_1_98' title="bbox 1458 3167 2406 3221; baseline -0.002 -13"><span class='ocrx_word' id='word_1_548' title='bbox 1458 3175 1542 3208; x_wconf 89' lang='lat' dir='ltr'>est:</span> <span class='ocrx_word' id='word_1_549' title='bbox 1570 3169 1674 3208; x_wconf 80' lang='lat' dir='ltr'>Delie</span> <span class='ocrx_word' id='word_1_550' title='bbox 1708 3169 1946 3221; x_wconf 68' lang='lat' dir='ltr'>maraviqlie</span> <span class='ocrx_word' id='word_1_551' title='bbox 1975 3169 2038 3209; x_wconf 80' lang='lat' dir='ltr'>del</span> <span class='ocrx_word' id='word_1_552' title='bbox 2060 3167 2198 3210; x_wconf 72' lang='lat' dir='ltr'>Moneta</span> <span class='ocrx_word' id='word_1_553' title='bbox 2234 3179 2309 3220; x_wconf 82' lang='lat' dir='ltr'>per</span> <span class='ocrx_word' id='word_1_554' title='bbox 2347 3167 2406 3207; x_wconf 80' lang='lat' dir='ltr'>lui</span> 
     </span>
     <span class='ocr_line' id='line_1_99' title="bbox 1454 3229 2404 3281; baseline -0.001 -11"><span class='ocrx_word' id='word_1_555' title='bbox 1454 3230 1592 3270; x_wconf 84' lang='lat' dir='ltr'>vedute</span> <span class='ocrx_word' id='word_1_556' title='bbox 1618 3234 1650 3278; x_wconf 83' lang='grc'>4)</span> <span class='ocrx_word' id='word_1_557' title='bbox 1681 3231 1778 3270; x_wconf 81' lang='lat' dir='ltr'>delle</span> <span class='ocrx_word' id='word_1_558' title='bbox 1808 3236 1978 3271; x_wconf 78' lang='lat' dir='ltr'>eostume</span> <span class='ocrx_word' id='word_1_559' title='bbox 2007 3231 2050 3270; x_wconf 86' lang='lat' dir='ltr'>di</span> <span class='ocrx_word' id='word_1_560' title='bbox 2074 3230 2186 3271; x_wconf 78' lang='lat' dir='ltr'>varii</span> <span class='ocrx_word' id='word_1_561' title='bbox 2202 3229 2341 3281; x_wconf 76' lang='lat' dir='ltr'>paesi,</span> <span class='ocrx_word' id='word_1_562' title='bbox 2366 3234 2404 3269; x_wconf 88' lang='lat' dir='ltr'>et</span> 
     </span>
     <span class='ocr_line' id='line_1_100' title="bbox 1456 3291 2402 3347; baseline 0.001 -18"><span class='ocrx_word' id='word_1_563' title='bbox 1456 3292 1552 3332; x_wconf 81' lang='lat' dir='ltr'>(lello</span> <span class='ocrx_word' id='word_1_564' title='bbox 1581 3297 1716 3332; x_wconf 77' lang='lat' dir='ltr'>sirano</span> <span class='ocrx_word' id='word_1_565' title='bbox 1746 3295 1858 3334; x_wconf 85' lang='lat' dir='ltr'>viver</span> <span class='ocrx_word' id='word_1_566' title='bbox 1882 3295 1924 3334; x_wconf 85' lang='lat' dir='ltr'>di</span> <span class='ocrx_word' id='word_1_567' title='bbox 1944 3293 2088 3347; x_wconf 80' lang='lat' dir='ltr'>quelli,</span> <span class='ocrx_word' id='word_1_568' title='bbox 2128 3293 2166 3343; x_wconf 87' lang='grc'>2)</span> <span class='ocrx_word' id='word_1_569' title='bbox 2199 3291 2300 3331; x_wconf 85' lang='lat' dir='ltr'>della</span> <span class='ocrx_word' id='word_1_570' title='bbox 2337 3291 2402 3330; x_wconf 83' lang='lat' dir='ltr'>de-</span> 
     </span>
     <span class='ocr_line' id='line_1_101' title="bbox 1454 3353 2398 3405; baseline -0.002 -10"><span class='ocrx_word' id='word_1_571' title='bbox 1454 3356 1636 3395; x_wconf 67' lang='lat' dir='ltr'>sco-itione</span> <span class='ocrx_word' id='word_1_572' title='bbox 1671 3356 1717 3395; x_wconf 81' lang='lat' dir='ltr'>cte</span> <span class='ocrx_word' id='word_1_573' title='bbox 1738 3356 1890 3397; x_wconf 80' lang='lat' dir='ltr'>diversi</span> <span class='ocrx_word' id='word_1_574' title='bbox 1909 3354 2084 3396; x_wconf 80' lang='lat' dir='ltr'>animali.</span> <span class='ocrx_word' id='word_1_575' title='bbox 2111 3357 2145 3405; x_wconf 89' lang='lat'>3)</span> <span class='ocrx_word' id='word_1_576' title='bbox 2169 3353 2232 3394; x_wconf 87' lang='lat' dir='ltr'>del</span> <span class='ocrx_word' id='word_1_577' title='bbox 2256 3358 2398 3394; x_wconf 79' lang='lat' dir='ltr'>trovar</span> 
     </span>
    </p>
   </div>
  </div>
 </body>
</html>
