2533 4009
468 278 519 317 Q
1023 254 1026 255 ⁷
1266 268 1650 309 N1COLAus

466 363 550 401 cap.
583 350 670 387 277.
701 346 856 386 §it-olao
874 345 899 380 l.
918 341 1098 379 tribuunt
1115 341 1420 391 Sequentiarum

468 423 586 449 usum
619 412 654 447 in
687 407 875 446 licclesiis
912 402 1127 440 Gallicanis
1169 401 1217 440 ad
1262 403 1420 440 Missam

467 470 754 510 cantandarum
775 496 781 511 ,
801 466 966 513 Notgero
991 463 1142 501 Abbato
1163 464 1203 501 S.
1218 463 1316 501 Galli
1338 474 1425 513 pro-

467 537 643 571 curante.
676 527 1026 566 confirmationem
1059 524 1301 563 fundationis
1348 526 1424 562 Mo-

471 593 629 632 nasterii
657 588 938 626 vizeliacensis
967 586 1075 624 dedit.
1119 586 1334 625 Daclierius
1375 584 1423 624 ad

468 648 700 692 Guibertum
732 649 1011 699 Novigentium
1043 660 1079 698 p.
1109 648 1198 686 655.
1224 658 1309 697 seq.

522 715 541 735 ³*
568 712 768 751 l'ontilieis
785 711 904 749 huius
923 710 1126 760 epistolae,
1142 721 1243 759 quae
1261 710 1307 748 ad
1326 709 1425 748 hano

469 777 571 813 diem
598 775 682 811 sine.
707 772 857 819 ordine,
882 777 922 809 et
945 771 1109 809 confuse.
1133 771 1248 809 datae
1271 772 1427 810 fuerant

470 849 491 875 a
515 834 822 881 collectoi·ibuS‚
849 844 954 872 nunc
981 844 1067 870 mea
1097 843 1214 882 opera
1243 833 1280 869 in
1306 831 1427 870 Chro-

468 898 692 946 nologicum
719 896 898 934 ordinem
940 895 1118 943 digestae
1158 898 1281 939 sunt,·
1305 903 1424 941 quam

471 959 755 998 Chronotaxim
778 956 873 994 Vide
897 957 934 992 in
962 955 1093 1004 suppl.
1116 965 1294 991 meorum
1328 954 1429 991 Con-

472 1021 594 1059 cilior.
619 1025 714 1057 tom.
739 1021 772 1057 1.
796 1019 884 1056 965.
905 1019 1068 1054 Decreta
1093 1016 1211 1052 etiam
1240 1014 1428 1052 nonnulla

474 1082 600 1120 eiusd.
630 1080 855 1124 l‘ontilieis‚
881 1089 982 1127 quae
1012 1077 1102 1114 olim
1131 1077 1258 1126 reperi
1290 1077 1328 1112 in
1353 1076 1429 1114 MS.

474 1144 568 1183 Cod.
596 1143 788 1188 Lucensi,
811 1139 956 1178 ibidem
982 1138 1105 1177 adieci
1137 1149 1228 1176 cum
1254 1138 1432 1188 epistolis

479 1207 567 1244 aliis
596 1203 776 1242 eiusdem
809 1201 887 1240 huc
917 1201 1010 1238 illuc
1055 1199 1293 1250 palantibus.
1335 1199 1431 1239 Vide.

474 1265 567 1304 ibid.

527 1323 777 1366 MCOLAUS
802 1324 848 1362 ΙΙ.
873 1327 988 1362 antea
1014 1322 1146 1361 dictus
1165 1322 1374 1362 Gerarclus
1391 1323 1436 1362 de

473 1387 736 1439 Buryundia,
761 1398 808 1425 ex
834 1387 1030 1435 Episcopo
1068 1384 1295 1422 Florentino
1334 1386 1437 1435 Papa

474 1454 678 1490 Romanus
707 1449 755 1487 ab
786 1448 833 1486 A.
863 1448 977 1485 1059.
1009 1448 1082 1484 Jan
1109 1446 1151 1485 31
1184 1445 1230 1483 ad
1258 1446 1301 1483 A.
1322 1447 1439 1485 1061.

474 1515 566 1552 Jun.
597 1512 660 1550 et.
677 1511 776 1560 Ejus
797 1507 995 1560 Epistolae
1023 1508 1082 1546 IX.
1108 1508 1144 1544 in
1180 1509 1297 1545 tomis
1337 1509 1438 1546 Con-

479 1576 684 1621 ciliorum,
715 1573 763 1610 de
785 1572 930 1621 quibus
946 1575 1041 1607 tom.
1064 1569 1246 1608 X1.Bihl.
1265 1569 1438 1606 Graecae

479 1650 517 1688 p.
532 1633 914 1674 582.Lucl.sacobus
939 1633 1056 1669 etiam
1077 1631 1212 1669 laudat
1229 1631 1438 1680 Papyrium

479 1701 707 1738 Massonum
726 1697 763 1732 in
781 1705 852 1733 sua
870 1694 1135 1743 Epistolarum
1148 1691 1439 1730 Pontificiarum

481 1760 740 1804 collectione,
767 1757 885 1794 Paris.
926 1755 1041 1793 1611.
1084 1753 1201 1791 edita.
1245 1753 1438 1800 Decreta,

483 1819 586 1870 apud
617 1820 780 1856 lvonem
800 1846 808 1863 ,
825 1816 1059 1854 Gratianum
1081 1819 1155 1852 etc.
1178 1818 1298 1863 atque
1318 1815 1355 1850 in
1376 1815 1444 1851 Ba-

481 1882 575 1920 luzii
606 1885 702 1917 tom.
730 1879 811 1916 Vll.
850 1878 955 1915 Misc.
999 1887 1083 1925 pag.
1117 1874 1179 1912 67.
1219 1875 1282 1912 68.
1325 1872 1443 1912 Bulla

484 1944 559 1982 An.
592 1941 706 1980 1060.
737 1939 830 1978 data
860 1940 896 1976 in
929 1936 1108 1988 ejusdem
1134 1937 1446 1986 Baluziiappen-

486 2006 572 2043 dice
600 2003 647 2041 ad
666 2002 839 2040 Marcam
859 2001 1111 2049 llispanicam
1131 2010 1215 2049 pag.
1241 1999 1356 2037 1145.
1373 1998 1447 2035 De-

489 2070 640 2103 cretum
664 2063 710 2101 cle
733 2061 915 2100 electione
938 2059 1106 2099 Romani
1127 2059 1325 2109 Ponttficis
1342 2059 1446 2109 apud

489 2127 547 2164 Jo.
579 2126 720 2175 Georg.
752 2122 975 2162 Eccardum
994 2127 1088 2159 tom.
1106 2122 1129 2159 2
1146 2121 1331 2171 Corporis
1348 2121 1451 2159 Scri-

493 2193 653 2239 ptorum
683 2185 801 2224 medli
827 2186 914 2222 aevi
946 2195 1033 2234 pag.
1058 2184 1121 2221 24.

543 2247 794 2288 MCOLAUS
822 2247 888 2284 111.
911 2251 1027 2284 antea
1051 2246 1220 2283 Joamzes
1237 2245 1452 2296 Cajetanus

497 2310 685 2357 tt'rsinus,
707 2311 923 2354 Romanus,
949 2307 997 2344 ob
1019 2318 1174 2345 morum
1201 2307 1452 2344 honestatem

494 2371 729 2424 compositus
762 2370 893 2408 dictus
919 2373 1022 2407 teste
1058 2367 1338 2407 Volaterrano:
1381 2368 1454 2405 fuit

493 2437 595 2485 Papa
619 2434 668 2472 ab
692 2432 765 2470 An.
792 2430 908 2470 4277.
932 2430 1027 2468 Nov.
1054 2430 1116 2467 255.
1143 2429 1191 2468 ad
1221 2429 1294 2468 An.
1338 2430 1454 2468 4280.

501 2497 665 2545 August.
691 2494 754 2531 23.
786 2494 917 2541 Super
954 2490 1144 2541 Requlam
1180 2492 1220 2530 S.
1252 2489 1459 2528 Francisci

497 2556 786 2607 expositionem
806 2553 1072 2602 edidit‚quam
1092 2554 1194 2590 inter
1211 2552 1457 2590 aliasDecre-

497 2619 598 2657 tales
623 2616 672 2655 de
692 2615 911 2654 Verborum
947 2613 1304 2665 significationibus
1338 2612 1457 2649 inseri

498 2678 723 2724 ordinavit,
755 2680 858 2714 teste
889 2676 969 2714 Nic.
992 2677 1154 2713 Triveto
1176 2674 1223 2713 ad
1244 2673 1317 2712 An.
1341 2671 1456 2712 4277.

500 2740 726 2779 Ludovicus
749 2737 920 2775 lacobus
942 2747 1028 2787 pag.
1056 2737 1144 2775 165.
1176 2739 1349 2773 testatur
1387 2734 1458 2771 Re-

497 2801 600 2852 9esti
617 2799 704 2849 ejus
729 2801 813 2837 sive
838 2796 1110 2849 Epistularum
1134 2797 1212 2836 duo
1248 2795 1456 2835 Volumina

502 2867 538 2900 in
572 2863 664 2900 Bibl.
695 2862 881 2898 Vaticana
907 2859 1106 2897 asservari
1128 2889 1138 2906 ,
1160 2869 1208 2896 ex
1234 2857 1380 2906 quibus
1421 2856 1457 2891 in

501 2925 619 2962 tomis
643 2922 906 2962 Conciliorum
935 2920 1063 2959 nullas
1103 2919 1280 2969 reperio,
1315 2926 1461 2967 paucas

503 2985 607 3036 apud
634 2985 824 3023 Bzovium
846 3014 856 3030 ,
884 2983 1019 3033 plures
1043 2992 1136 3018 vero
1157 2979 1261 3030 apud
1295 2976 1463 3027 Raynal-

505 3048 600 3085 dum
622 3048 658 3083 in
669 3045 890 3084 Annalibus
908 3043 954 3082 ad
975 3043 1060 3081 illos
1077 3052 1221 3080 annos.-
1238 3045 1278 3078 et
1296 3041 1331 3076 in
1346 3039 1463 3076 Laur.

508 3108 724 3147 Cherubini
753 3107 922 3145 Bullario
948 3111 1042 3143 tom.
1069 3106 1101 3141 1.
1127 3115 1212 3153 pag.
1240 3103 1329 3140 181.
1365 3099 1463 3137 duas

508 3170 837 3206 (Ionstitutiones.
865 3167 972 3205 Idem
1002 3164 1095 3203 Lud.
1121 3164 1292 3203 jacobus
1309 3160 1464 3198 Nicolao

512 3231 573 3267 lll.
596 3231 713 3267 etiam
747 3230 885 3267 tribuit
911 3229 1053 3267 librum
1076 3226 1122 3264 <le
1144 3225 1325 3265 electione
1346 3220 1470 3271 dissui-

568 3377 599 3406 as
624 3371 725 3407 Supra
749 3373 829 3398 torn.
853 3376 925 3406 pal-t.
949 3368 1000 3398 65».

1494 343 1630 378 tatum.
1652 340 1827 389 Epistola
1851 341 1905 379 ad
1928 341 2152 392 Philippum
2173 341 2246 378 III.
2272 342 2447 380 Franco-

1495 412 1587 439 rum
1615 402 1756 451 Reyem
1785 401 1891 440 edita
1915 404 1937 441 a
1959 404 2152 443 Dacherio
2173 408 2266 441 tom.
2288 404 2342 442 XI
2360 414 2446 454 pag.

1499 464 1586 502 381.
1619 463 1715 511 (edit
1737 473 1863 501 novae.
1887 469 1981 502 tom.
2004 467 2026 505 3
2051 478 2137 516 pag.
2164 466 2270 514 683.)
2308 464 2387 504 alia
2425 466 2448 503 a

1498 526 1662 563 Baluzio
1687 529 1781 562 tom.
1809 525 1868 562 Vl.
1894 527 2002 564 Misc.
2028 539 2064 576 p.
2087 528 2177 565 440.

1551 586 1802 626 MCOLAUS
1827 587 1875 625 IV
1900 588 2067 626 Picenus
2083 618 2092 634 ,
2115 589 2365 634 AsculanuS,
2383 597 2452 626 an-

1501 653 1564 686 tea
1588 648 1719 687 dictus
1759 647 2051 698 Hieronymus,
2093 649 2188 688 Ord.
2225 651 2361 688 Minor.
2401 659 2452 686 ex

1500 712 1694 761 Episcopo
1731 711 1986 748 Praenestino
2027 711 2130 759 Papa
2172 711 2376 749 Romanus
2405 708 2454 747 ab

1502 774 1576 811 An.
1615 772 1729 811 4288.
1754 771 1867 809 Febr.
1903 771 1966 810 22.
1996 769 2044 809 ad
2074 769 2148 808 An.
2186 772 2301 812 4292.
2332 769 2454 820 April.

1506 836 1565 872 14.
1583 833 1710 883 Hujus
1729 832 2033 872 Constztutiones
2057 831 2119 870 VI.
2136 836 2297 870 exstant
2317 834 2354 870 in
2366 831 2458 870 Bul-

1503 896 1597 933 lario
1626 894 1840 934 Cherubim
1871 898 1966 931 tom.
1994 895 2008 932 1
2041 904 2129 943 pag.
2161 893 2249 931 185.
2281 904 2363 943 seq.
2401 897 2459 931 at-

1503 967 1580 1005 que
1623 956 1659 992 in
1699 955 1762 992 his
1800 956 1919 993 etiam
1952 954 2016 992 illa
2046 964 2116 1004 pro
2161 953 2428 992 Benedictinis
2450 983 2458 1002 ‚

1502 1017 1828 1066 Congregationis
1853 1016 2151 1062 Cluniacensis‚
2187 1025 2307 1065 quam
2341 1015 2462 1053 Paris.

1508 1080 1608 1118 1619
1651 1078 1687 1116 8.
1715 1077 1861 1115 editam
1888 1077 2046 1116 Caveus
2072 1080 2263 1116 memorat
2289 1087 2339 1115 ex
2364 1075 2463 1114 Lud.

1506 1140 1670 1186 jacobo,
1701 1140 1766 1189 qui
1798 1139 1918 1177 etiam
1948 1139 2022 1177 tria
2047 1138 2168 1188 hujus
2191 1138 2336 1177 Nicolai
2355 1137 2469 1176 volu-

1510 1204 1616 1241 mina
1639 1199 1908 1252 Epistolarum
1935 1201 1972 1238 in
1999 1199 2188 1238 Vaticana
2213 1200 2364 1238 servari
2380 1209 2465 1249 pag.

1511 1265 1601 1304 160.
1621 1268 1807 1302 testatus.
1825 1263 1887 1301 Ex
1916 1262 1978 1300 his
1998 1261 2187 1312 Epistolis
2201 1265 2395 1300 centenae
2414 1261 2470 1299 se-

1510 1340 1550 1365 re
1569 1326 1789 1376 publicatae
1806 1326 1827 1362 a
1842 1323 2065 1373 Waddingo
2081 1323 2117 1360 in
2138 1322 2359 1362 Annalibus
2375 1321 2470 1361 Ord.

1511 1390 1702 1428 Minorum
1721 1418 1730 1434 ,
1761 1385 1980 1436 appendice
1996 1384 2043 1423 ad
2062 1386 2228 1423 Tomum
2246 1382 2469 1422 secundum

1511 1455 1532 1491 a
1552 1449 1754 1502 Raynaldo
1774 1449 1892 1486 etiam
1919 1456 2067 1496 paucae
2091 1445 2285 1495 quaedam
2304 1473 2312 1492 ‚
2329 1447 2370 1482 et
2386 1444 2472 1494 plu-

1513 1524 1577 1552 res
1597 1514 1616 1549 a
1642 1511 1786 1549 Bzovio
1811 1507 1857 1546 ad
1882 1508 1967 1545 illos
1983 1518 2108 1546 annos
2123 1507 2269 1557 quihus
2285 1505 2470 1545 Nicolaus

1512 1572 1693 1623 praefuit.
1719 1569 1751 1607 Α
1791 1567 2009 1605 Trithemio
2046 1577 2130 1616 cap.
2169 1566 2259 1605 510.
2301 1564 2472 1604 traditur

1514 1636 1632 1672 etiam
1659 1631 1881 1681 scripsisse.
1907 1628 1955 1668 In
1978 1627 2130 1679 aliquot
2152 1625 2272 1666 libros
2300 1628 2339 1667 S.
2364 1625 2474 1666 Scri-

1508 1699 1667 1748 pturae.
1683 1693 1728 1730 In
1746 1691 1866 1730 libros
1885 1691 1947 1729 IV.
1964 1689 2148 1740 Mayistri
2167 1688 2471 1729 Sententiarum.

1516 1759 1723 1796 Sermones
1743 1754 1792 1792 de
1809 1753 1965 1792 Sanctis
1981 1751 2078 1790 etde
2087 1751 2474 1802 tempore.Summas

1518 1820 1648 1858 varias
1669 1816 1780 1856 addit
1804 1815 1901 1854 Lud.
1932 1814 2104 1853 Jacobus
2126 1826 2133 1851 :
2160 1812 2229 1851 sed
2255 1811 2361 1862 quod
2382 1823 2472 1863 pag.

1518 1881 1606 1921 165.
1633 1881 1666 1919 ei
1688 1890 1848 1929 quoque
1891 1876 2031 1915 tribuit
2072 1875 2215 1914 librum
2255 1873 2302 1913 ad
2341 1875 2477 1912 Patres

1518 1945 1792 1992 Congregatos
1824 1941 1860 1978 in
1883 1937 2072 1978 Conciliis
2092 1936 2344 1988 generalibus
2366 1937 2480 1974 Pata—

1519 2005 1599 2052 vii,
1629 2000 1925 2041 emendandum
1951 2003 2013 2037 est
2041 2009 2089 2037 ex
2108 1997 2321 2048 Waddingi
2340 1996 2481 2035 Biblio-

1521 2066 1633 2103 theca
1655 2063 1748 2102 Ord.
1773 2064 1908 2102 Minor.
1934 2072 2020 2112 pag.
2041 2059 2128 2100 173.
2149 2059 2214 2098 ubi
2235 2058 2372 2097 laudat
2392 2057 2480 2108 ejus

1527 2124 1740 2177 Epz'stolam
1765 2123 1964 2175 eyreyiam
1985 2120 2040 2160 ad
2066 2123 2207 2160 Patres
2232 2118 2410 2171 Capituli
2417 2129 2484 2169 ye-

1523 2186 1674 2226 ueralis
1706 2185 1904 2225 Patavini.

1580 2250 1670 2299 (⁶225
1702 2251 1790 2287 Vita
1830 2247 1977 2288 Nicolai
1998 2247 2068 2285 ΡΡ.
2093 2246 2156 2284 lV.
2196 2256 2216 2284 a
2246 2246 2486 2294 Hieronymo

1525 2312 1658 2351 Rubeo
1679 2311 1899 2360 composita
1926 2319 2034 2348 nuuc
2054 2309 2227 2358 primum
2252 2318 2301 2346 ex
2319 2306 2396 2345 MS.
2413 2305 2488 2343 Va·
2523 2326 2532 2335 ·

1527 2375 1657 2411 ticano
1678 2383 1698 2410 a
1717 2373 1755 2409 P.
1774 2371 1867 2409 Ant.
1894 2370 1976 2408 Fel.
1997 2369 2222 2408 Matthaeio.
2245 2368 2347 2406 Pisis
2372 2365 2488 2406 1781.

1528 2436 1563 2472 8.
1609 2434 1878 2482 Hieronymus
1917 2431 2111 2470 celeberr.
2148 2427 2490 2479 historiographus

1529 2499 1640 2533 ortus
1665 2494 1881 2531 Ravennae
1906 2504 1968 2531 an.
1996 2492 2111 2530 1539.
2138 2491 2201 2530 ob.
2225 2501 2290 2530 an.
2314 2486 2443 2538 1607.)

1583 2553 1837 2594 NICOLAUS
1865 2554 1913 2591 V.
1952 2554 2172 2600 Lucensis,
2207 2555 2322 2591 antea
2360 2549 2492 2588 dictus

1534 2617 1698 2655 Thomas
1726 2616 1910 2653 Lucanus
1941 2616 2178 2661 szanus,
2208 2625 2258 2652 ex
2294 2612 2491 2662 Episcopo

1530 2678 1768 2717 Bononiensi
1801 2676 1902 2725 Papa
1928 2675 1976 2714 ab
2000 2676 2076 2713 An.
2096 2675 2144 2714 ab
2168 2673 2215 2712 A.
2242 2672 2357 2712 1417.
2380 2672 2492 2710 Mart.

1532 2741 1568 2778 6.
1592 2739 1638 2778 ad
1669 2737 1788 2777 1155.
1813 2739 1924 2775 Mart.
1956 2736 2022 2775 25.
2053 2735 2326 2774 instaurandis
2350 2734 2494 2772 litteris

1534 2800 1762 2852 praeclarus
1821 2798 2070 2836 eruditorum
2117 2799 2323 2835 Maecenas
2377 2799 2497 2845 atque

1534 2860 1782 2912 εργοδιωκτης
1798 2858 1914 2908 cujus
1941 2860 2062 2896 vitam
2089 2860 2111 2896 a
2133 2856 2314 2895 Jannotio
2325 2857 2494 2897 Manetto

1535 2927 1568 2974 a)
1593 2924 1707 2962 libris
1734 2926 1906 2971 quatuor
1932 2919 2117 2958 traditam
2142 2923 2425 2969 exspectamus
2448 2916 2497 2955 ab

1538 2985 1693 3023 illustrii
1719 2983 1942 3021 Muratorio.
1955 2981 2183 3020 Orationem
2201 2980 2354 3019 AEneae
2371 2978 2497 3028 Sylvii

1537 3047 1585 3084 do
1617 3050 1745 3083 morte
1770 3045 1939 3094 Eugenii
1974 3044 2036 3082 lV.
2065 3047 2105 3081 et
2129 3043 2329 3080 creatione
2353 3039 2496 3079 Nicolai

1538 3108 1581 3146 V.
1608 3106 1731 3142 ‹=‹li‹lit
1750 3105 1938 3143 Baluzius
1954 3110 2048 3142 tom.
2070 3105 2150 3142 Vlt.
2173 3104 2279 3142 Misc.
2297 3113 2384 3152 pag.
2406 3101 2495 3139 525.

1541 3166 1841 3207 Constitutiones
1864 3169 2038 3216 quatuor
2060 3164 2204 3203 Nicolai
2229 3161 2496 3203 V.exstantin

1540 3230 1709 3268 Bullario
1736 3229 1875 3267 Laertii
1902 3227 2119 3268 Cherubini
2145 3231 2225 3266 tom
2253 3227 2286 3265 1.
2303 3235 2387 3276 pag.
2406 3221 2497 3262 37t.
