2517 4009
928 243 1257 285 OROSIUS

107 317 322 357 antecessit
350 315 540 353 Venetam
571 325 690 365 quam
734 317 921 366 expensis
964 317 1057 354 Ber-

107 380 262 419 nardini
290 378 429 418 Veneti
459 376 508 416 de
537 377 732 416 Vitalibus
761 389 949 417 excusam
975 378 1058 416 lau-

106 443 176 482 dat
204 441 389 482 Barthius
417 440 599 479 XXXVI.
632 440 693 479 47.
723 439 926 479 adversar.
964 451 1054 478 nam

105 505 202 544 haec
230 502 276 543 A.
308 502 422 542 4500.
453 512 547 540 cum
572 501 652 541 dux·
675 506 782 541 esset
805 502 1056 553 Augustinus

103 565 372 612 Barbadicus‚
401 564 533 603 lucem
564 564 677 603 vidit.
702 566 809 604 Cave
836 565 953 614 igitur
973 575 1057 602 cre-

101 628 175 668 das
202 629 299 668 Dan.
329 626 433 666 Guil.
461 627 648 675 Mollem,
678 628 744 677 qui
771 627 1053 677 Hittorpianam

99 690 313 730 editionem
344 701 414 740 pro
445 691 570 740 prima
603 689 783 728 venditat
814 690 850 726 in
881 689 975 727 diss.
1006 687 1055 727 de

101 752 266 801 Oresio,
296 751 444 791 Aldorf.
476 753 590 791 4689.
636 752 670 803 ξ.
716 752 779 791 23.
816 752 877 790 Ab
908 751 1056 789 Hittor-

103 815 219 866 piana
248 825 409 865 quoque
438 807 640 853 diversam
670 819 766 865 puto
787 815 1054 854 Basileensem

100 877 187 916 sine
216 878 309 916 anni
339 877 541 915 notatione
572 876 635 916 fol.
665 876 769 927 apud
807 875 1054 915 Leonardum

98 938 394 986 Basileensem‚
423 939 472 979 ab
501 938 672 978 AENEA
703 938 874 989 quodam
919 950 1055 977 recen-

97 1002 241 1051 sitam,
271 1012 387 1052 cujus
417 1001 746 1041 hallucinationes
770 1000 965 1052 quasdam
989 1012 1054 1040 ca-

95 1065 216 1116 stigat
243 1065 301 1102 Jo.
331 1063 511 1104 Clericus
540 1069 652 1115 parte
683 1066 718 1103 3.
749 1065 846 1103 artis
882 1065 1050 1104 Criticae

96 1138 182 1178 pag.
208 1125 300 1166 264.
329 1137 412 1177 seq.
444 1131 618 1165 testatus
648 1137 734 1165 eam
766 1126 958 1176 prodiisse
983 1125 1049 1165 diu

96 1194 190 1228 ante
210 1181 338 1228 'finem
369 1189 500 1228 Seculi
529 1189 613 1228 XV.
644 1200 812 1239 eamque
844 1189 986 1228 habere
1007 1201 1050 1228 se

95 1252 278 1291 collatam
302 1253 325 1290 a
345 1255 485 1302 patruo
507 1262 580 1290 suo
604 1251 754 1290 Davide
784 1252 934 1291 Clerico
957 1263 1048 1291 cum

102 1314 299 1353 Manuscr.
336 1313 577 1352 Genevensi.

153 1376 305 1414 Versus
334 1375 382 1414 ad
413 1374 565 1413 calcem
597 1375 845 1414 Voluminis:

153 1456 194 1486 Ut
216 1455 288 1494 ipse
314 1453 432 1486 titulus
455 1455 608 1494 margine
638 1456 672 1486 in
696 1456 802 1494 primo
825 1454 921 1486 docet
936 1479 946 1491 ,

192 1505 310 1536 orosio
335 1503 418 1536 mihi
441 1512 566 1536 nomen
589 1507 651 1536 est.

151 1555 381 1588 Librariorum
405 1554 573 1595 quidquid
596 1554 718 1586 erroris
739 1553 802 1585 suit

191 1606 322 1638 Exemit
344 1605 513 1638 AENEAS
533 1604 639 1636 mibi:

149 1657 266 1695 Meque
288 1653 552 1694 imprimendum
576 1653 715 1686 tradidit
739 1662 806 1685 non
829 1654 949 1693 alteri,

191 1703 388 1743 Leonardo,
411 1712 514 1744 quam
536 1704 597 1736 soli
625 1703 686 1736 tibi
704 1718 712 1743 ;

151 1753 323 1787 Leonarde
344 1761 467 1786 nomen
491 1753 589 1795 huJ'us
612 1756 695 1786 artis
719 1758 751 1786 ct
773 1753 896 1790 decuS.

191 1807 346 1845 'suaeque
369 1804 442 1836 laus
463 1804 623 1836 Basileae.

148 1853 243 1894 Quod
263 1855 290 1886 si
311 1856 413 1886 situm
436 1854 529 1886 orbis
544 1877 554 1893 ‚
576 1856 672 1894 sique
694 1858 810 1887 nostra
828 1853 869 1885 ad
885 1857 1051 1894 tempora,

190 1904 240 1936 Ab
260 1903 352 1936 orbis
377 1905 449 1945 ipsa
473 1905 632 1944 origine,

152 1956 339 1995 Quisquam
365 1954 530 1986 tumuitus
544 1978 554 1993 ‚
580 1954 735 1995 bellaque
757 1958 790 1986 et
812 1953 930 1986 caedes
952 1953 1056 1991 velit,

192 2004 376 2045 cladesque
398 2011 509 2042 nosse,
532 2012 585 2036 me
609 2003 711 2044 legat.

99 2073 142 2111 In
174 2073 356 2112 Biblioth.
385 2072 569 2112 Leidensi
598 2076 761 2112 exstant
789 2072 923 2123 plures
942 2069 1055 2110 Codi-

97 2146 166 2174 ces
197 2136 456 2187 Manuscripti
507 2135 658 2183 Orosii⁷
691 2136 793 2173 inter
821 2135 918 2173 alios
950 2143 1054 2172 unus

101 2199 275 2249 scriptus
319 2198 368 2237 ab
414 2197 616 2237 Everardo
645 2197 694 2236 de
735 2197 961 2246 Novongio,
991 2195 1053 2233 cui

99 2260 241 2301 titulus
258 2259 305 2299 de
327 2259 508 2299 cladibus
531 2264 567 2298 et
587 2259 762 2298 miseriis
785 2259 1054 2310 antiquorum,

99 2323 185 2362 sive
214 2322 261 2361 de
287 2323 463 2374 antiquis
491 2322 666 2361 miseriis
695 2321 842 2361 Mundi.
873 2320 958 2358 Non
999 2320 1056 2357 vi-

100 2395 168 2424 sae
199 2384 294 2423 mihi
324 2395 426 2434 quas
456 2385 560 2422 idem
591 2384 776 2422 Mollerus
812 2382 947 2421 laudat
975 2381 1056 2419 edi-

72 2447 228 2491 ,tiones
256 2447 425 2485 Cornelii
471 2446 669 2493 Gualteri‚
700 2446 860 2483 Antonii
907 2444 1056 2483 Schon-

100 2506 206 2546 hovii
237 2512 277 2546 et
319 2508 479 2547 Roberti
523 2507 744 2557 Stephani,
774 2516 1002 2556 quanquam
1033 2506 1055 2542 a

99 2569 287 2609 Gualtero
329 2571 624 2620 Hegesippum,
655 2571 676 2607 a
722 2567 973 2607 Schonliovio
1016 2570 1056 2602 et

101 2631 302 2683 Stephano
343 2632 580 2682 Eutropium
626 2631 831 2680 vulgatum
880 2628 1053 2666 memini.

100 2694 248 2733 Verum
295 2699 460 2733 exstant
497 2699 538 2733 et
584 2693 779 2733 editiones
825 2690 1055 2730 Parisiensis

102 2757 217 2797 4540.
248 2755 284 2795 l».
314 2768 434 2808 quam
466 2768 514 2796 ex
545 2757 673 2807 legato
696 2754 949 2794 Perizoniano
973 2763 1054 2789 ser-

100 2824 171 2858 vat
200 2819 296 2858 Bibl.
328 2818 560 2859 Leidensis.
587 2824 626 2856 et
654 2816 752 2857 4547
781 2818 814 2855 4.
840 2828 930 2855 cum
958 2815 1052 2864 pref.

100 2881 288 2922 Ludovici
317 2879 526 2930 leiboust,
558 2882 791 2920 Parisiensis
820 2879 867 2918 ad
897 2877 988 2917 Lud.
1015 2881 1054 2914 et

100 2944 301 2984 Andream
334 2944 608 2992 Guiiiardnm,
638 2942 962 2993 argumentisque
991 2950 1054 2977 ca-

105 3008 234 3059 pitum
278 3011 398 3057 atque
441 3006 593 3045 indice:
623 3009 664 3043 et
708 3005 808 3044 4524
853 3003 914 3042 fol.
950 3000 1052 3052 apud

102 3071 297 3109 Joannem
330 3069 526 3107 Parvum:
551 3072 591 3106 et
615 3068 720 3117 typis
745 3067 845 3104 Petri
871 3063 1053 3102 Vidovaei

103 3132 247 3171 edente
284 3130 517 3170 Sebastiano
563 3130 742 3179 Mengino
763 3157 772 3175 ,
801 3128 915 3166 cuius
946 3136 1053 3176 prae-

104 3196 196 3235 fatio
224 3193 271 3234 ad
303 3194 384 3232 Nic.
413 3193 639 3242 Menginum
672 3191 831 3228 fratrem
870 3189 1055 3238 praemit-

103 3259 212 3297 titur.
243 3257 396 3296 Recusa
427 3255 522 3293 haec
557 3253 697 3291 ibidem
729 3252 800 3290 An.
834 3249 950 3289 4534.

158 3392 194 3431 a)
215 3393 391 3432 perperam
411 3391 515 3423 Lantii
533 3389 691 3423 excusum
709 3389 740 3418 in
761 3391 784 3418 1.
802 3383 813 3414 l
832 3384 917 3415 nibl.
934 3384 1068 3414 Latinae

2003 256 2079 295 167

1182 318 1437 358 Colonienses
1468 320 1582 360 4526.
1615 321 1676 360 fol.
1707 322 1811 374 apud
1836 325 2078 368 Eucharium

1130 381 1441 430 Cervicornum‚
1470 395 1561 422 cum
1592 385 1754 435 praefat.
1784 386 1948 428 Gerardi
1995 392 2082 430 Bol-

1130 445 1295 494 svinge,
1340 445 1765 499 Reckelinchusensis,
1815 452 1882 501 qui
1931 452 2085 493 Hittor—

1131 506 1285 555 pianam
1316 519 1365 546 ex
1400 508 1528 547 tribus
1563 510 1841 563 Manuscriptis
1870 514 2080 556 Codicibus

1129 569 1381 608 emendavit:
1413 574 1454 609 et
1485 583 1531 610 ex
1563 576 1794 613 recensione
1823 577 1879 614 Jo.
1910 578 2080 618 Caesarii

1132 632 1245 671 4536.
1277 633 1312 671 8.
1344 638 1385 670 et
1427 634 1529 685 apud
1561 635 1779 686 Casparem
1825 638 2080 689 Genepaeum

1131 694 1247 733 4542.
1277 696 1313 733 8.
1345 700 1384 734 et
1413 708 1504 736 cum
1538 700 1640 736 notis
1672 700 1866 740 Francisci
1899 703 2081 750 Fabricii,

1128 756 1397 797 Marcodurani
1431 758 1524 798 4564
1567 760 1666 798 4574
1698 763 1798 801 4582
1824 764 1861 801 8.
1882 776 2000 814 quem
2023 773 2083 804 ni-

1129 820 1205 857 mis
1234 819 1306 858 sibi
1339 821 1375 857 in
1406 819 1543 859 Orosio
1583 822 1795 863 indulsisse
1840 832 1949 865 notat
1989 830 2083 867 Bar-

1129 881 1237 921 thius
1266 883 1449 922 XXXVI.
1483 883 1545 922 47.
1570 884 1786 926 Adversar.

1180 944 1329 983 Omitto
1359 946 1543 985 Orosium
1576 950 1737 998 saepius
1767 950 1918 990 editum
1952 955 1988 991 in
2020 956 2082 993 Bi-

1127 1006 1335 1046 bliothecis
1361 1009 1519 1047 Patrum
1539 1039 1546 1056 2
1569 1021 1640 1048 nec
1666 1023 1740 1049 non
1768 1014 1804 1050 in
1827 1015 1962 1053 Renati
1983 1018 2081 1056 Lau-

1128 1071 1241 1108 rentii
1272 1070 1320 1108 de
1351 1071 1384 1109 la
1417 1072 1533 1110 Barrc
1579 1074 1745 1113 Historia
1783 1082 1964 1116 veterum
2013 1081 2083 1118 Pa-

1125 1137 1231 1170 trum
1277 1132 1501 1172 Christiana
1547 1136 1665 1174 Paris.
1714 1138 1827 1177 4583.
1870 1140 1934 1179 fol.
1964 1147 2004 1179 et
2035 1144 2071 1180 in

1124 1195 1316 1233 ,iohannis
1345 1196 1508 1247 Philippi
1539 1198 1742 1248 Vorburgii
1770 1201 1976 1240 Volumine
2001 1208 2079 1242 ter-

1125 1257 1178 1294 tio
1207 1258 1465 1296 Historiarum
1500 1271 1584 1309 pag.
1619 1260 1707 1300 494.
1729 1263 1905 1302 Francos.
1930 1265 2031 1304 4650
2053 1267 2078 1304 f.

1179 1321 1524 1359 Praestantissima
1554 1322 1676 1360 editio
1707 1326 1931 1374 Moguntina
1964 1329 2080 1367 4645.

1127 1382 1162 1419 8.
1194 1381 1257 1420 ubi
1289 1387 1410 1432 caput
1453 1384 1625 1433 primum
1657 1385 1742 1424 libri
1775 1389 1888 1437 primi
1925 1391 2082 1430 auctius

1127 1447 1148 1485 e
1164 1444 1436 1495 Manuscripto
1453 1446 1693 1495 Genevensi‚
1715 1453 1755 1487 et
1772 1455 1928 1500 praeter
1943 1454 2081 1492 Franc.

1128 1507 1290 1546 Fabricii
1323 1513 1461 1555 notas,
1491 1513 1531 1546 et
1560 1511 1862 1550 emendationes
1899 1514 2082 1554 Andreae

1129 1569 1307 1619 Schotti,
1339 1570 1535 1610 habentur
1559 1573 1676 1610 etiam
1703 1576 1945 1623 praemissae
1972 1578 2082 1617 volu-

1128 1633 1223 1670 mini
1266 1634 1548 1683 castigationes
1593 1634 1689 1673 Lud.
1737 1637 1889 1685 Lautii,
1920 1640 1953 1687 a)
1998 1651 2082 1690 pre-

1128 1694 1279 1745 sbyteri
1296 1695 1533 1734 Gandensis.
1547 1696 1652 1744 (237.
1670 1698 1700 1736 A
1719 1698 1921 1749 sigeberto
1938 1702 2086 1741 Haver-

1128 1769 1279 1810 campo.
1300 1759 1420 1810 Lugd.
1439 1760 1556 1800 4738.
1570 1763 1609 1800 in
1629 1763 1663 1800 [ι.
1679 1764 1857 1802 omnium
1874 1767 2055 1815 optima.)

1178 1822 1316 1860 Versio
1359 1822 1599 1862 Germanica
1643 1826 1868 1877 Hieronymi
1914 1829 2080 1877 Boneri,

1126 1884 1306 1922 Francos.
1340 1885 1442 1924 4576
1473 1886 1567 1926 4584
1607 1888 1669 1926 foi.

1182 1945 1337 1985 Gallica
1379 1948 1543 2000 Philippi
1590 1950 1721 2000 Nigri,
1753 1952 1837 1989 sive
1883 1953 1918 1991 le
1962 1954 2054 1993 Noir

1128 2010 1250 2047 Paris.
1283 2010 1386 2049 4526
1417 2011 1483 2049 fol.

1181 2070 1324 2110 Italica
1352 2078 1514 2112 auctore
1543 2076 1591 2113 M.
1622 2074 1667 2114 A.
1706 2078 1980 2125 Bonacciuoli⁷
2011 2080 2084 2117 Ve-

1130 2138 1208 2172 net.
1242 2135 1342 2174 4528
1371 2135 1407 2174 h.
1437 2136 1534 2175 Vide
1562 2137 1660 2176 Dan.
1686 2137 1788 2178 Guil.
1810 2141 1955 2178 Molleri
1980 2141 2076 2180 diss.

1129 2196 1177 2235 de
1206 2197 1369 2245 Oresio,
1391 2199 1426 2248 ξ.
1457 2199 1519 2239 25.
1550 2200 1634 2239 Alia
1679 2214 1748 2252 per
1773 2202 1830 2240 Jo.
1855 2203 2072 2243 Guerinum

1130 2258 1179 2297 de
1222 2261 1399 2298 Lancisa.
1447 2261 1583 2299 Venet.
1630 2264 1744 2302 4539.
1791 2265 1825 2302 8.
1878 2266 2080 2304 Versionis

1130 2323 1324 2360 Manuscr.
1344 2327 1711 2374 auctoreanonymo
1723 2326 1958 2364 Florentino.
1972 2339 2081 2365 men-

1131 2384 1183 2421 tio
1213 2384 1315 2434 apud
1347 2385 1493 2424 Julium
1531 2387 1690 2435 Nigrum
1723 2399 1808 2438 pag.
1838 2388 1927 2427 539.
1959 2389 2081 2427 histo-

1131 2446 1209 2483 riae
1238 2448 1475 2497 scriptorum
1507 2449 1834 2487 Florentinorum.
1854 2451 1956 2498 (238.
1975 2450 2079 2489 Delle

1131 2507 1258 2546 Storie
1287 2507 1331 2546 ‹lz'
1359 2508 1475 2546 Paolo
1507 2509 2083 2559 Oresio1.⁷0iqar1·zzan1e11tocli

1129 2568 1234 2606 Bono
1265 2569 1473 2608 Giamboni
1487 2570 1596 2621 publ.
1620 2583 1638 2609 e
1661 2571 1862 2610 illustrato
1878 2573 1930 2610 cla
1952 2575 2080 2611 Fran-

1129 2641 1236 2669 cesco
1257 2632 1562 2670 Tassi.F1·ren:.e
1592 2633 1700 2672 ¹829.
1735 2635 1770 2671 in
1802 2636 1836 2671 8.
1868 2637 1944 2681 ur.)

1182 2692 1396 2743 llispam'ca
1438 2696 1631 2733 Manuscr.
1684 2695 1817 2734 Didaci
1861 2697 1880 2734 a
1932 2699 2076 2746 προς.

1129 2755 1301 2793 Toletani
1334 2762 1575 2795 memoratur
1603 2758 1624 2794 a
1656 2758 1733 2796 Nic.
1779 2758 1948 2795 Antonio
1980 2764 2006 2796 t:
2040 2761 2073 2798 4.

1128 2817 1224 2855 Bibl.
1257 2822 1335 2855 vet.
1368 2820 1525 2868 Hispan.
1559 2831 1643 2868 pag.
1677 2820 1763 2858 482.

1181 2879 1409 2918 Versioneni
1443 2880 1662 2919 liberiorem
1689 2881 2049 2931 ,1l1151los(1.1·om'cam
2064 2913 2074 2932 ,

1128 2942 1188 2980 cui
1239 2949 1398 2981 auctore
1436 2943 1610 2982 AElsredo
1656 2945 1756 2988 {ivl-'t‘
1802 2947 2074 2995 navigationes

1127 3004 1319 3054 quaedam
1351 3006 1678 3055 septentrionales
1707 3007 1875 3044 insertae
1899 3012 2019 3046 sunt:
2050 3011 2070 3047 a

1128 3067 1340 3105 wilhelmo
1382 3068 1517 3106 Elstol)
1561 3072 1790 3117 exspectare
1834 3080 1904 3106 nos
1950 3069 2072 3118 jussit

1129 3129 1319 3180 Georgius
1350 3128 1558 3168 llickesins
1587 3130 1681 3165 diss.
1714 3130 1921 3179 l⁴2pistolica
1955 3132 1979 3170 f.
2009 3133 2072 3170 98.

1129 3191 1272 3230 Confer
1308 3197 1347 3229 et
1388 3191 1564 3240 ejusdem
1596 3190 1822 3236 (lataloguni
1857 3194 2071 3233 Manuscri-

1129 3261 1282 3305 piorum
1318 3254 1716 3304 Anglosaxnnicorum
1750 3266 1785 3304 p.
1816 3256 1880 3293 853.

2070 1986 2083 2005 7
