2533 4009
459 187 530 221 524

460 257 629 287 carmen
663 256 753 280 xci-n
795 244 891 278 illud
933 229 1172 284 &Papirii
1217 238 1392 273 Massoni

461 315 558 349 ιὼς-υ
591 312 631 342 x'.
663 308 710 342 dc
748 303 956 349 Episcopis
998 302 1117 336 [ruis
1158 300 1297 334 Roma*
1329 308 1393 334 re-

460 375 573 420 petiit
606 369 845 405 Muratorius
877 368 914 400 S.
959 365 1004 398 R.
1049 363 1138 398 Ital.
1180 362 1292 397 tomo
1324 360 1394 395 111.

460 437 570 479 parto
603 432 638 465 2.
670 440 705 474 p.
738 428 828 463 405.

511 490 871 528 'l‘llleElilCiffS
917 487 1192 524 I'z'rdanensz's
1232 486 1400 530 Episco-

458 566 545 601 pus,
574 555 625 589 ab
664 561 769 587 anno
814 551 927 587 1048.
967 550 1037 585 diu
1078 548 1272 583 Ecclesiae
1315 556 1398 582 sua*

460 617 652 663 pravsnit.
696 616 734 650 ct
778 615 960 659 tempore
1012 611 1251 661 schismatis
1294 611 1402 646 inter

461 679 670 713 licui-icum
704 675 769 709 IV.
802 677 842 711 et
874 675 1119 720 Gregorium
1143 672 1230 707 VII.
1255 682 1278 707 a
1308 681 1402 717 pnr-

457 740 565 774 tibus
595 738 769 773 Cacsar-is
801 737 932 772 stetit.
965 735 1141 780 Scripsit
1171 734 1403 781 Epistolam

457 802 508 838 (ιιι
540 802 750 837 anim-sos
774 800 989 846 praelatos
1021 799 1058 834 et
1088 798 1264 842 nobiles,
1297 796 1403 842 apud

457 864 696 898 lioldastum
730 862 951 897 constitut.
992 861 1198 906 Imperial.
1240 861 1340 895 tom.
1375 858 1401 892 1.

459 937 493 971 p.
524 926 614 960 ⁴2:36.
645 935 722 970 qua
747 925 992 970 Gregorium
1015 923 1119 958 satis
1142 923 1284 959 acerbe
1307 931 1401 966 pcr-

458 988 644 1032 stringit.
675 988 715 1022 ct
745 988 870 1023 aliam
902 986 955 1023 ad
985 986 1121 1033 ipsam
1155 984 1405 1031 G'reyorinm

465 1049 545 1084 l'll.
578 1052 618 1084 in
649 1058 727 1094 qua
757 1050 890 1094 ipsum
919 1048 1113 1092 consulit,
1144 1047 1240 1092 quid
1261 1046 1406 1082 adver-

458 1114 578 1148 sariis
621 1114 749 1158 ipsius
792 1112 1042 1157 respondere
1087 1111 1259 1156 debeat,
1301 1111 1408 1156 apud

461 1176 636 1210 Mai-tenc
667 1176 719 1211 et.
743 1174 908 1210 Duraud
933 1173 1054 1210 Thes.
1077 1173 1274 1209 Anecdot.
1297 1172 1408 1208 tomo

464 1237 489 1270 1.
521 1247 557 1282 p.
591 1236 681 1272 214.

514 1298 879 1334 'l'lll‹]‹'›DERICL'S
914 1298 1121 1342 Ulsenz'ns,
1162 1297 1295 1342 Friso,
1323 1297 1407 1332 Me-

460 1362 572 1396 dicus
602 1363 641 1396 ct
675 1362 796 1396 Por-ta
826 1370 861 1396 a.
888 1360 1003 1396 1494.
1026 1359 1194 1405 scripsit
1215 1360 1262 1396 dc
1278 1358 1409 1405 pltar-

462 1424 654 1460 macamlc’
685 1423 946 1470 comprobata
977 1424 1138 1460 ratione
1157 1424 1226 1459 lib.
1250 1422 1300 1456 ΙΙ.
1321 1431 1410 1456 car-

463 1487 588 1530 mine,
617 1495 709 1521 curn
740 1485 907 1521 scholiis
930 1486 1110 1530 Pictorii,
1132 1485 1268 1521 Norib.
1294 1484 1409 1520 1496.

464 1548 785 1593 Epiqrammaca
818 1548 857 1583 et
888 1548 1059 1594 Eleyias
1090 1548 1254 1583 Swertii
1284 1546 1413 1582 Athe—

468 1618 528 1644 na·
573 1608 749 1655 Belgica>
794 1618 889 1654 pag.
935 1610 1024 1645 (367.
1069 1609 1324 1645 'l‘rithemius
1364 1609 1413 1644 de

467 1672 605 1716 script.
637 1672 786 1707 Ecclcs.
817 1682 849 1705 c.
883 1671 973 1706 961.
1006 1671 1210 1707 Suffridus
1232 1671 1344 1707 Petri
1365 1670 1415 1706 de

467 1735 735 1780 scriptoribus
767 1734 910 1770 Frisiic
942 1734 1034 1770 Dec.
1068 1734 1158 1768 YII.
1190 1734 1225 1770 7.

520 1797 889 1832 THEODERICL'S
918 1798 1029 1842 I'rie,
1049 1797 1154 1842 quod
1176 1796 1321 1832 Latine
1353 1796 1417 1832 est

468 1859 603 1903 Liber,
635 1860 853 1905 inaestuas,
881 1858 1229 1904 osnabrugensis,
1252 1858 1344 1894 Ord.
1377 1858 1415 1893 S.

468 1921 764 1964 Augustini‚in
781 1920 993 1956 Conventu
1021 1922 1135 1957 urbis
1162 1921 1283 1956 dietae
1313 1922 1419 1956 circa

469 1992 619 2017 annum
656 1983 769 2017 1440.
794 1983 966 2028 Scripsit
987 1983 1218 2019 Historiam
1246 1983 1418 2019 concilii

475 2045 827 2089 Conslanlc'cnsis‚
866 2045 1134 2089 Sigismundo
1177 2045 1419 2091 Imperatori

472 2107 726 2150 inscriptam.
749 2116 837 2151 quac
862 2107 1041 2151 primum
1067 2107 1218 2152 prodiit
1239 2108 1416 2142 Colonia)

472 2178 540 2213 per
570 2168 799 2203 Joliannem
832 2169 882 2203 de
920 2168 1107 2213 Lubet-k⁷
1155 2169 1268 2204 1488.
1312 2168 1415 2215 post.

472 2234 569 2265 tom.
595 2231 621 2265 1.
644 2231 814 2266 (joncilii
837 2230 1169 2266 Constantiensis
1192 2240 1262 2276 per
1276 2232 1414 2267 Herm.

473 2303 547 2327 von
577 2294 647 2327 (lor
679 2293 820 2328 Hardt.

525 2355 693 2400 Reliqua
723 2356 853 2390 lucem
877 2355 1080 2400 publicam
1104 2364 1183 2390 non
1210 2355 1414 2401 viderunt,

472 2420 669 2453 memorat
717 2417 853 2452 autem
902 2418 962 2452 Jo.
1009 2417 1325 2463 Schiphowerus
1373 2419 1417 2454 in

470 2480 614 2515 Cliron.
647 2480 851 2514 Comitum
882 2477 1282 2524 Oldcnburgensium
1316 2479 1416 2514 tom.

471 2542 517 2575 11.
551 2542 753 2577 Meibomii
786 2551 821 2586 p.
856 2540 945 2576 172.
977 2541 1222 2586 Sermones,
1260 2540 1418 2578 Cosano-

468 2604 618 2648 loqc'am
662 2604 749 2638 sive
792 2603 961 2639 Libram
1001 2604 1145 2650 Apum.
1195 2603 1337 2641 Tract.
1371 2605 1418 2641 de

469 2666 722 2712 conceptione
747 2666 1037 2702 immaculatae
1059 2667 1266 2712 viminis:
1291 2675 1419 2714 snper

469 2726 863 2773 decempraecepca:
888 2728 934 2763 (le
956 2728 1180 2763 incautione
1203 2729 1241 2764 et
1267 2729 1418 2765 remis-

464 2787 574 2822 sione
607 2787 851 2833 formarum
895 2789 1040 2824 contra
1085 2788 1329 2825 Marsc'lz'mn
1371 2792 1418 2828 de

466 2850 625 2886 Padaa:
666 2853 851 2897 Loqz'cam
904 2860 1091 2897 mannam
1144 2854 1179 2888 eb
1215 2861 1417 2898 paream:

472 2912 835 2959 Quaclraffesc'male
853 2942 861 2958 ‚
888 2915 927 2949 ct
961 2916 1053 2950 alia.
1078 2916 1195 2950 Plura
1227 2916 1418 2953 laudatus

472 2974 673 3009 Hermann
707 2984 783 3010 von
814 2975 884 3011 dor
915 2976 1044 3011 Hardt
1073 2977 1191 3021 cujus
1214 2978 1419 3014 narratio-

472 3046 561 3071 nem
595 3038 761 3073 retinuit
793 3038 1018 3075 Gandolsus
1050 3040 1097 3075 de
1126 3040 1313 3076 ducentis
1334 3043 1418 3077 Au-

472 3099 725 3139 gustiniauis
757 3101 1027 3145 scriptoribus
1059 3111 1152 3147 pag.
1179 3102 1270 3138 329.
1304 3104 1416 3140 Adde

475 3155 674 3192 (melinum
705 3160 814 3195 tomo
848 3160 915 3195 111.
948 3172 985 3206 p.
1019 3162 1136 3198 2259.
1168 3172 1191 3198 a
1221 3173 1297 3208 quo
1328 3173 1417 3210 per-

476 3226 610 3260 peram
642 3221 831 3257 scribitur
870 3224 976 3259 Vrz'c.

529 3277 648 3322 (323).
665 3279 759 3315 Fuit
780 3281 856 3318 iste
885 3283 1157 3324 Theodericus
1180 3286 1424 3334 Germanus,

1251 168 1615 208 THEODERICUS

1470 241 1692 276 Provinciae
1725 239 1910 277 Saxoniae
1944 241 2037 278 Ord.
2059 240 2284 288 Augustin.
2320 242 2422 279 Alu-

1470 312 1589 337 muus
1604 302 1668 338 29.
1683 302 1806 338 Xbris
1821 313 1886 339 an.
1906 304 2024 351 1419,
2039 304 2333 341 Tlieol.Lector
2345 305 2423 341 Co-

1470 364 1600 400 lOnioe.
1628 363 1796 399 Librum
1820 365 1949 401 edidit
1981 367 2038 403 De
2066 366 2338 403 consolatione
2359 374 2425 403 ec-

1472 426 1637 463 clesiae.
1670 425 1913 470 Argentinae
1943 427 2208 474 impressum,
2229 427 2345 464 cuius
2363 426 2425 462 Jo.

1471 487 1631 522 Balarus
1660 485 1701 522 et
1731 486 1881 522 Paulus
1911 487 2098 534 Langius
2129 489 2367 525 meminere.

1525 548 1627 583 Vide
1651 547 1853 583 Gandolfo
1884 548 1931 584 de
1962 549 2036 585 CC.
2067 549 2295 596 Augustin.
2326 558 2422 596 pag.

1475 611 1565 647 414.
1598 610 1766 655 aliquib.
1798 611 2103 656 exemplaribus
2133 611 2176 647 in
2213 610 2426 648 addendis.

1530 672 1843 717 THEODINUS,
1885 671 2146 708 Cassinensis
2185 671 2427 718 monachus⁷

1476 736 1546 782 qui
1576 734 1739 771 videtur
1780 733 1960 770 Aruoldo
2004 734 2143 770 Wioni
2183 735 2350 771 omniuo
2392 734 2429 770 is

1476 807 1584 843 esse,
1615 797 1685 843 qui
1715 797 1767 833 ab
1796 796 2030 832 Alexandro
2062 795 2112 832 11.
2139 797 2252 843 Papa
2279 797 2324 833 in
2353 806 2431 832 nu-

1480 869 1635 895 merum
1658 858 1936 894 Cardinalium
1961 857 2194 904 adscriptus
2224 857 2318 894 fuit.
2337 858 2432 893 Ele-

1480 924 1632 970 gantes
1661 930 1871 959 sermones
1901 921 2000 957 dnos
2024 919 2168 957 habuit
2187 918 2356 967 infesto
2387 918 2431 956 S.

1478 987 1645 1025 Placidi
1675 986 1839 1023 Abbatis
1870 986 1908 1021 et
1946 984 2301 1031 Protomartyris,
2339 982 2434 1019 Ord.

1482 1050 1519 1085 S.
1562 1047 1794 1085 Benedicti:
1839 1047 1910 1092 qui
1949 1045 2093 1082 extant
2139 1045 2248 1092 apud
2296 1045 2435 1081 Timo—

1480 1111 1624 1147 theum
1666 1121 1690 1146 a
1730 1110 1949 1154 Messana,
1991 1106 2237 1144 Monachum
2278 1107 2434 1143 Messa-

1483 1181 1669 1216 nensem,
1700 1171 1810 1206 MSS.
1841 1170 1937 1206 Haec
1967 1169 2217 1206 Possevinus
2237 1169 2352 1204 tomo
2383 1166 2434 1202 ΙΙ.

1485 1233 1719 1280 Apparatus
1749 1243 1787 1279 p.
1821 1231 1913 1268 456.

1541 1294 1871 1340 THEODORUS‚
1888 1293 2112 1330 monachus
2138 1292 2436 1340 campidonen-

1485 1360 1545 1395 sis
1574 1359 1615 1394 et
1647 1360 1685 1394 S.
1718 1358 1839 1403 Galli,
1871 1367 1950 1394 sec.
1987 1357 2077 1392 VII.
2100 1356 2170 1393 SS.
2193 1355 2438 1392 columbani

1482 1423 1523 1459 et
1552 1422 1660 1458 Galli
1690 1422 1929 1468 discipulus.
1961 1421 2062 1467 Ejus
2091 1429 2241 1457 nomen
2271 1419 2439 1466 praefert

1492 1485 1581 1520 Vita
1613 1483 1656 1520 S.
1685 1483 1853 1530 Maqni,
1884 1484 1954 1529 qui
1984 1483 2174 1519 fundator
2202 1481 2282 1518 fuit
2314 1481 2438 1518 Celloe

1489 1545 1848 1592 Campidonensis,
1862 1545 1974 1582 edita
1988 1555 2012 1581 a
2027 1545 2190 1580 Canisio
2208 1543 2322 1580 Lect.
2342 1544 2440 1579 Ant.

1490 1608 1589 1642 tom.
1622 1607 1651 1642 Ι.
1683 1617 1721 1653 p.
1754 1606 1843 1642 651.
1876 1607 1992 1642 Surio
2013 1606 2051 1642 d.
2085 1605 2122 1640 6.
2147 1605 2260 1652 Sept.
2281 1605 2324 1642 et
2345 1605 2441 1642 Gol-

1488 1671 1604 1706 dasto
1655 1671 1806 1706 Rerum
1856 1671 2221 1707 Alemannicarum
2269 1668 2368 1706 tom.
2410 1668 2439 1704 I.

1489 1731 1593 1777 part.
1625 1731 1663 1768 2.
1695 1742 1732 1776 p.
1768 1731 1857 1767 190.
1889 1731 2085 1774 Quaedam
2115 1730 2240 1776 hujus
2269 1731 2365 1768 vitae
2394 1731 2444 1767 de

1490 1794 1667 1828 'rozzonc
1700 1793 1900 1839 Episcopo
1930 1792 2176 1838 Augustano
2204 1792 2371 1830 exstant
2400 1794 2443 1828 in

1490 1855 1604 1890 Actis
1635 1855 1875 1891 Sanctorum
1903 1855 2004 1891 tom.
2038 1855 2088 1891 11.
2120 1855 2211 1892 Jan.
2242 1865 2340 1902 pag.
2377 1855 2442 1892 56.

1491 1917 1592 1952 Cum
1626 1927 1720 1953 vero
1750 1926 1830 1952 non
1861 1918 1941 1953 nisi
1971 1912 2240 1965 nugas'agat
2267 1918 2310 1955 et
2338 1918 2446 1955 falsa

1493 1980 1685 2025 proferat,
1717 1980 1822 2025 quod
1868 1981 2027 2016 erudite
2068 1981 2251 2018 ostendit
2288 1981 2447 2018 Basna-

1492 2043 1588 2088 gius
1616 2042 1701 2077 tum
1736 2043 1776 2077 in
1806 2041 2102 2079 Observatione
2141 2044 2315 2090 praevia,
2356 2043 2447 2080 tum

1491 2107 1533 2140 in
1565 2105 1930 2150 annotationibus,
1972 2106 2168 2143 credibile
2210 2106 2275 2143 est
2316 2108 2444 2144 alium

1489 2168 1691 2214 quendam
1724 2168 1854 2204 vitam
1886 2169 2089 2206 Theodori
2109 2170 2365 2216 deperditam
2380 2180 2446 2208 re-

1488 2231 1609 2266 ficere
1658 2231 1849 2267 voluisse.
1892 2232 1940 2267 Jo
1993 2232 2192 2268 Mezlerus
2239 2233 2290 2269 de
2343 2233 2445 2270 viris

1490 2295 1723 2331 illustribus
1746 2296 1784 2331 S
1807 2295 1916 2332 Galli
1940 2296 2026 2332 1.3.
2043 2296 2145 2333 dicit
2161 2324 2171 2343 ‚
2192 2296 2299 2334 hanc
2314 2297 2444 2335 vitam

1489 2369 1513 2394 a
1534 2358 1698 2394 Canisio
1727 2359 1994 2404 depravatam
2023 2359 2237 2406 prodiisse.
2259 2361 2445 2398 Mabillo-

1490 2421 1581 2455 nius
1615 2420 1755 2456 Seculo
1786 2420 1835 2455 II.
1867 2420 2133 2458 Benedictino
2161 2432 2200 2468 p.
2230 2421 2323 2460 505.
2364 2423 2440 2460 hoc

1491 2481 1690 2518 Theodori
1724 2491 1874 2518 nomen
1914 2484 1965 2520 ab
1999 2483 2223 2529 impostore
2263 2485 2440 2530 quodam

1491 2544 1750 2590 suppositum
1803 2545 2030 2582 existimat.
2074 2547 2146 2582 Ait
2194 2547 2305 2583 enim
2352 2548 2442 2594 ipse

1491 2608 1727 2644 Theodorus
1742 2617 1784 2644 se
1802 2608 1932 2645 vitam
1948 2609 1986 2645 S.
2001 2609 2144 2656 Magni
2158 2609 2443 2658 descripsisse,

1490 2670 1532 2707 et
1561 2671 1612 2706 ad
1642 2671 1765 2717 caput
1794 2672 1888 2717 ejus
1917 2673 1958 2708 in
1990 2673 2177 2718 sepulcro
2196 2673 2444 2718 reposuisse,

1490 2742 1521 2767 c.
1545 2732 1608 2769 29.
1630 2732 1852 2769 Goldastus
1884 2742 1979 2771 vero
2004 2744 2041 2780 p.
2067 2733 2155 2770 141.
2177 2733 2317 2781 refert,
2338 2735 2448 2772 Lan-

1491 2795 1630 2830 tonem
1663 2794 1911 2841 Episcopum
1942 2797 2234 2843 Augustanum
2254 2796 2362 2834 hanc
2381 2798 2446 2834 vi·-

1491 2856 1577 2891 tam
1609 2858 1651 2891 in
1681 2857 1841 2893 tumulo
1871 2858 2012 2904 Magni
2042 2857 2251 2904 repertam
2271 2858 2446 2895 Ermen-

1492 2918 1573 2952 rico
1603 2918 1865 2965 Elewagensi
1904 2919 2100 2956 monacho
2133 2920 2444 2957 describendam

1495 2979 1615 3024 atque
1647 2981 1947 3019 emendandam
1977 2982 2250 3018 commisisse.
2281 2983 2343 3020 Ab
2367 2981 2444 3018 hoc

1493 3042 1623 3088 igitur
1656 3043 1891 3079 Ermenrico
1931 3044 2246 3090 depravationes
2275 3044 2358 3081 illae
2388 3045 2445 3080 ir-

1493 3105 1671 3150 repsisse
1703 3105 1907 3150 poterunt.
1931 3106 2045 3142 Adde
2076 3106 2216 3142 Sandii
2245 3104 2364 3142 notas
2393 3105 2447 3141 ad

1495 3166 1686 3202 Vossium
1717 3168 1766 3203 ‹le
1796 3167 1901 3203 Hist.
1933 3168 2094 3204 Latinis
2125 3177 2162 3214 p.
2194 3165 2286 3203 2⁹73.
2316 3164 2408 3204 274.

1550 3228 1875 3276 THEODORUS,
1889 3231 2116 3277 Episcopus
2129 3229 2353 3274 Romanus,
2373 3237 2449 3274 pa-

1497 3291 1575 3325 tria
1607 3292 2022 3336 Hierosolymitanus,
2055 3290 2162 3328 sedit
2190 3300 2227 3327 a.
2250 3288 2446 3326 643—649.
