2517 4009
914 185 1324 225 TERTVLLIANVS

104 258 304 304 dronoso,
346 267 420 296 sen
461 257 597 294 morbo
638 258 820 305 Anqlico.
863 258 1064 305 Antverp.

106 322 222 359 1491.
271 324 309 358 4.
351 322 527 368 Reliqua
566 321 658 367 eJus
698 320 805 357 mihi
845 330 928 357 non
968 322 1065 359 sunt

102 386 216 421 nota.

158 447 338 490 Quintiis
370 447 604 494 Septimius
635 447 809 485 Florens
831 449 1062 485 TERTUL-

100 509 294 548 LIANUS
318 538 328 557 ,
369 508 767 556 Carthaginiensis,
810 512 971 557 primus
1011 520 1063 547 ex

34 623 37 626 ‚
98 573 289 610 Patribus
318 573 497 619 Latinis,
534 574 583 610 de
615 583 693 620 quo
735 573 841 611 nihil
883 574 1060 621 profero,

98 636 195 682 quia
223 636 274 673 de
302 637 393 683 ipso
422 636 627 674 exhausta
658 637 755 673 sunt
798 638 883 674 fere
922 638 1064 673 omnia

99 708 124 734 a
152 698 303 746 Caveo,
332 699 513 745 Dupinio
531 728 541 746 ,
572 699 733 736 Oudino
773 700 816 737 et
846 701 962 746 aliis,
992 702 1061 746 qui

97 762 146 797 de
185 761 277 808 ipso
320 762 588 809 scripserunt.
629 763 846 800 Editiones
887 772 1062 809 operum

96 825 363 871 singulorum
394 826 571 863 sollicite
600 825 856 873 conquisivit
887 825 1061 872 Ittigius

95 887 140 924 in
170 887 417 934 praefatione
439 890 535 926 libri
555 890 605 926 de
626 889 898 926 Bibliothecis
919 888 961 925 et
983 889 1062 925 Ca-

95 949 207 988 tenis
237 951 420 988 Patrum.
460 953 523 989 Ab
563 953 634 989 illo
675 952 864 998 tempore
907 952 1061 999 prodiit

95 1013 384 1062 Apoloqeticas
412 1025 505 1051 cum
536 1016 646 1051 notis
676 1015 888 1052 variorum
919 1025 971 1052 ex
995 1026 1062 1053 re-

93 1078 334 1124 cognitione
366 1078 578 1125 Sigeberti
607 1078 888 1125 Haverkamp,
924 1079 1060 1125 Lugd.

94 1140 183 1177 Bat.
219 1140 337 1179 1717.
369 1143 407 1179 8.
439 1142 562 1179 Liber
593 1142 640 1179 de
677 1142 875 1178 Oratione
900 1143 1062 1188 plenior

93 1213 146 1239 ex
175 1204 322 1242 Codice
351 1205 626 1242 Ambrosiano
648 1206 692 1241 in
714 1204 940 1241 Anecdotis
970 1206 1060 1241 Mu-

95 1265 269 1314 ratorii,
313 1268 391 1304 sub
432 1268 603 1304 initium
634 1267 739 1303 tomi
768 1266 898 1304 tertii.
942 1268 1059 1305 Adde

92 1331 285 1368 Glornale
315 1330 597 1368 de’Letterati
627 1330 796 1366 d'ltalia
825 1331 938 1368 tomo
970 1333 1060 1368 XV.

92 1404 191 1440 pag.
224 1394 261 1432 2.
303 1395 428 1432 Liber
468 1395 516 1432 de
556 1394 980 1441 Praescriptionibns
1016 1396 1060 1431 in

93 1457 436 1495 Institutionibus
476 1457 742 1502 Theologicis
791 1458 1060 1504 antiquorum

90 1521 262 1558 Patrum
315 1520 461 1569 (cujus
502 1519 769 1557 collectionis
808 1521 952 1557 auctor
993 1522 1060 1558 est

92 1584 328 1620 Cardinalis
358 1582 610 1630 Tolomeus)
643 1583 720 1621 sub
750 1583 923 1620 initium
952 1583 1057 1621 tomi

93 1647 231 1692 primi.

141 1710 416 1757 TETERIUS,
431 1710 652 1758 presbyter
666 1710 845 1747 Ecclesae
865 1711 1062 1747 Altissio-

89 1774 277 1811 dorensis
292 1784 372 1811 sec.
386 1774 457 1810 VI.
473 1773 643 1820 scripsit
657 1772 872 1811 Miracala
889 1773 934 1812 S.
956 1773 1061 1821 Cyri

89 1837 128 1873 et
150 1836 195 1874 S.
208 1836 387 1874 Julittae
408 1838 669 1884 martyrum,
695 1836 789 1882 post
815 1837 1058 1873 translatio-

87 1908 184 1935 nem
199 1900 243 1935 in
257 1898 413 1936 Gallias
428 1898 609 1946 patrata,
629 1908 803 1945 quorum
829 1899 985 1936 mentio
1010 1899 1059 1935 fit

86 1960 205 1998 Actis
239 1961 485 1998 Sanctorum
517 1962 617 1997 tom.
652 1961 682 1997 I.
716 1962 812 1998 Maii
845 1972 883 2008 p.
918 1962 982 1998 52.
1015 1963 1058 1998 et

85 2026 185 2061 tom.
219 2025 291 2061 ΙΙΙ.
323 2026 437 2062 Junii
479 2036 517 2072 p.
560 2026 625 2061 20.
666 2026 779 2062 Adde
823 2025 1054 2062 Historiam

85 2088 233 2126 Gailiae
263 2089 494 2126 literariam
523 2089 625 2125 tom.
659 2089 730 2125 111.
762 2099 800 2135 p.
833 2091 927 2127 404.

140 2153 465 2200 TEDRADIUS,
495 2153 590 2190 vide
629 2153 848 2190 Teridins.

138 2215 394 2263 TEUIAEUS,
423 2217 519 2253 vide
557 2216 776 2253 Tlieulsns.

133 2279 468 2315 TEUTCARIUS
477 2279 703 2315 monachus
719 2279 758 2314 S.
770 2278 879 2315 Galli
889 2279 937 2316 de
952 2287 1060 2316 com-

77 2342 182 2390 puto
211 2343 514 2380 Ecclesiastico
544 2342 628 2378 MS.
650 2343 692 2378 in
714 2342 818 2379 Bibl.
841 2341 1058 2378 Vaticana.

85 2402 352 2440 Montfaucon
378 2403 484 2441 Bibl.
499 2403 731 2440 Bib1.MSS.
766 2415 804 2450 p.
838 2405 904 2441 58.

141 2465 327 2512 TEUZO,
349 2465 631 2511 Florentinus,
653 2466 879 2502 monachus
899 2467 1058 2502 ordinis

83 2527 123 2564 S.
151 2527 364 2565 Benedicti
394 2528 505 2565 inter
534 2530 929 2575 Vallumbrosanos,
965 2530 1059 2575 post

82 2591 225 2628 Abbas
255 2601 366 2627 mon.
400 2591 439 2627 S.
461 2592 579 2628 Pauli
600 2592 865 2628 Radiolensis
888 2593 932 2627 in
953 2593 1055 2628 dioe-

84 2653 170 2690 cesi
181 2652 419 2700 Faesulana,
435 2654 480 2690 di
493 2654 706 2701 Raqqiolo,
727 2653 829 2690 obiit
842 2663 878 2689 a.
904 2653 1019 2689 1095.
1036 2652 1059 2690 7

45 2726 49 2730 ’
84 2716 194 2761 Aug.
217 2716 386 2762 scripsit
414 2714 770 2753 Commentariam
791 2718 837 2753 in
858 2717 1060 2764 Repellam

87 2777 133 2815 S.
163 2778 403 2825 Benedicti,
431 2788 525 2814 cum
566 2778 738 2824 praefixa
778 2779 967 2824 Epistola
1009 2779 1060 2815 ad

84 2838 319 2876 odelricum
348 2841 616 2888 Episcopum.
640 2841 687 2876 In
708 2842 959 2878 bibliotheca
980 2842 1058 2879 Be-

86 2903 335 2940 nedictinor.
365 2903 590 2941 Florentiae
621 2905 787 2941 invenit
816 2905 879 2940 Jo.
910 2906 1058 2942 illabil-

84 2967 237 3013 lonius,
270 2968 391 3014 prout
413 2969 501 3014 ipse
523 2968 706 3004 testatur
727 2969 770 3004 in
804 2968 954 3005 Itinere
977 2969 1060 3004 Ita-

83 3029 162 3064 lico
194 3037 293 3076 pag.
318 3029 408 3066 169.
432 3030 610 3076 Scripsit
632 3030 733 3066 item
760 3031 897 3067 Vitam
920 3031 964 3068 S.
997 3030 1058 3067 Jo.

87 3090 322 3136 Gualberti,
354 3092 444 3128 ord.
481 3093 611 3129 Vallis
642 3093 859 3130 umbrosae
892 3093 1058 3140 slliida-

87 3153 211 3197 toris,
242 3152 448 3199 Maqistri
477 3155 563 3199 sni,
595 3164 686 3200 quae
730 3154 811 3189 MS.
855 3156 1057 3200 superest.

86 3215 222 3251 Julius
251 3214 381 3261 Niger
411 3215 461 3251 de
493 3216 770 3262 Scriptoribus
801 3217 1056 3254 Florentinis

86 3288 126 3325 p.
158 3276 252 3314 510.
293 3277 493 3315 Venantii
534 3279 656 3315 Simii
698 3279 827 3315 Catal.
870 3281 1056 3317 virorum

88 3340 317 3377 illustrium
351 3341 483 3378 Vallis
512 3343 718 3380 umbrosae
752 3353 790 3389 p.
824 3343 915 3379 487.
947 3344 1039 3379 288.

2037 185 2115 221 515

1194 255 1516 292 THADDAEUS
1546 256 1664 301 Dini,
1702 253 1984 300 Florentinus,
2026 256 2111 291 ord.

1140 320 1461 357 Praedicatorum
1482 321 1593 356 circa
1613 329 1649 354 a.
1675 318 1792 355 1359.
1816 317 1988 364 scripsit
2004 318 2110 356 Ser-

1138 391 1275 419 mones
1295 383 1397 419 bene
1420 382 1587 419 multos.
1610 382 1694 417 Jac.
1716 381 1868 424 Quetif.
1891 381 1940 417 de
1969 380 2110 426 Scrip-

1137 446 1296 483 toribus
1325 447 1410 483 ord.
1438 445 1754 482 praedicatorum
1776 445 1876 480 tom.
1901 443 1932 478 I.
1955 454 1993 490 p.
2017 443 2109 480 647.

1136 510 1394 546 Pocciantius
1425 520 1463 555 p.
1497 507 1587 544 163.
1618 508 1753 544 Julius
1792 507 1922 552 Niger
1952 517 1990 552 p.
2014 504 2107 542 507.

1192 572 1527 617 THADDAEUS,
1542 568 2111 616 Florentinus,Philosophus

1135 635 1176 671 et
1197 635 1376 671 Medicus
1398 636 1441 670 in
1462 635 1687 670 Academia
1700 632 1966 677 Bononiensi,
1982 632 2106 677 scrip·

1137 699 1204 734 sit.
1235 699 1281 734 in
1311 697 1578 745 Aptiorismos
1608 696 1895 743 Hippocratis,
1918 703 1993 730 nec
2023 703 2106 729 non

1133 762 1178 797 in
1201 761 1289 797 alia
1311 760 1516 805 ejasdem,
1540 760 1577 795 et
1592 758 1804 795 ‹Ioannitii
1826 757 2104 804 Isaqoqaram

1138 824 1364 869 Libellum,
1408 833 1498 869 quae
1540 822 1808 867 conjunctim
1850 819 2108 866 prodierunt,

1136 887 1284 924 Venet.
1320 887 1439 924 1527.
1472 887 1540 924 fol.
1572 888 1618 924 in
1647 887 1785 923 artem
1809 893 1992 933 pari-am
2027 884 2110 923 Ga-

1135 952 1235 996 leni‚
1250 951 1377 997 Neap.
1395 950 1510 987 1522.
1527 950 1594 988 fol.
1619 950 1667 986 de
1689 948 1973 986 conservanda
1993 949 2110 985 sani-

1135 1016 1238 1061 tate,
1286 1013 1471 1052 Consilia
1501 1015 1625 1052 varia
1654 1011 1766 1050 Obiit
1794 1012 1893 1048 Bon.
1925 1021 1961 1046 a.
1991 1011 2108 1048 1303.

1134 1077 1342 1114 Poecianti
1372 1077 1500 1114 Catal.
1544 1076 1802 1123 Scriptorum
1843 1073 2106 1110 Florentino-

1135 1152 1228 1178 rum
1257 1152 1354 1188 pag.
1388 1141 1478 1178 162.
1508 1142 1644 1178 Julius
1674 1141 1802 1186 Niger
1833 1149 1870 1185 p.
1916 1136 2007 1175 508.
2051 1138 2099 1174 de

1134 1206 1224 1250 ipso
1254 1205 1344 1242 haec
1367 1205 1529 1240 notavit
1549 1203 1880 1250 symphorianus
1902 1201 2109 1246 Champe-

1133 1267 1221 1302 rius
1252 1267 1301 1303 de
1333 1266 1474 1311 script.
1508 1267 1698 1303 Medicis:
1737 1264 1837 1302 Cam
1878 1273 1904 1300 a
1933 1263 2109 1300 Princi—

1126 1329 1253 1376 pibas
1272 1329 1428 1366 Italiae
1449 1328 1689 1374 vocabatur,
1704 1326 2013 1374 quinquaqinta
2033 1333 2109 1361 aa·

1136 1393 1203 1429 rei
1223 1393 1269 1428 in
1290 1392 1522 1429 mercedem
1543 1392 1743 1428 diurnam
1758 1389 1924 1436 pacisci
1944 1396 2108 1424 consce-

1133 1454 1268 1490 cerat.
1298 1454 1352 1490 Ab
1383 1454 1564 1490 Honorio
1604 1462 1764 1489 samnio
1805 1450 2004 1498 Pontifice
2045 1458 2112 1486 se-

1132 1517 1214 1553 mel
1232 1517 1402 1553 vocatas
1431 1524 1510 1552 non
1524 1516 1654 1562 prias
1676 1515 1798 1551 adire
1819 1514 1964 1558 eolalie,
1986 1521 2112 1558 qaam

1133 1580 1299 1616 centnm
1330 1587 1481 1616 aureos
1511 1578 1593 1615 sibi
1624 1579 1670 1615 in
1701 1578 1811 1614 diem
1830 1577 2013 1613 statutos
2044 1577 2112 1612 in—

1135 1643 1312 1679 tellexit.
1349 1642 1463 1678 Unde
1495 1641 1700 1677 liberatas
1741 1637 1940 1686 Pontifex
1972 1638 2110 1675 decem

1134 1704 1272 1741 millia
1315 1713 1544 1741 aareoram
1586 1704 1654 1741 illi
1695 1703 1953 1740 condonavit.
1994 1701 2110 1737 Adde

1132 1767 1325 1803 Merklini
1355 1767 1604 1803 Lindenium
1632 1765 1880 1802 renovatum
1932 1776 1970 1811 p.
2015 1765 2107 1801 991.

1131 1829 1410 1865 'Frithemium
1440 1829 1491 1866 de
1524 1828 1667 1875 script.
1697 1828 1838 1864 Eccles
1868 1837 1901 1863 c.
1933 1827 2025 1863 403.

1185 1890 1206 1911 ἦε
1236 1892 1496 1938 Quamquam
1528 1901 1624 1928 vera
1665 1890 1791 1938 sunt,
1824 1900 1915 1937 quae
1950 1891 2107 1927 Biblio-

1132 1955 1342 1992 thecarius
1372 1955 1511 1992 noster
1541 1956 1695 1992 asserit
1725 1956 1774 1991 de
1798 1954 2005 2000 Thaddeo,
2037 1955 2107 2000 ju-

1135 2019 1206 2055 vat
1235 2019 1378 2057 tamen
1407 2020 1480 2056 illa
1509 2020 1559 2057 de
1590 2020 1817 2066 antiquiori
1866 2019 2109 2054 testimonio

1133 2092 1331 2120 asserere.
1355 2082 1419 2119 Ita
1447 2084 1559 2120 enim
1584 2083 1731 2119 scribit
1763 2082 1956 2118 Aurelius
2000 2082 2110 2117 Mar-

1131 2146 1365 2184 toranensis
1397 2148 1626 2193 Episcopus
1657 2148 1700 2183 in
1721 2146 1910 2183 oratione
1932 2156 2007 2182 sua
2040 2145 2108 2181 fu-

1135 2210 1251 2246 nebri
1282 2219 1353 2255 pro
1384 2210 1607 2246 Laurentio
1636 2209 1790 2245 Medice
1823 2209 1995 2254 Neapoli
2031 2207 2108 2243 ha-

1132 2273 1232 2309 bita.
1294 2273 1517 2309 Thaddeas
1561 2272 1604 2308 ob
1646 2281 1796 2309 raram
1837 2272 1883 2308 in
1935 2271 2111 2307 medicis

1134 2338 1443 2385 experientiam
1503 2337 1615 2374 celat
1677 2337 1789 2373 alter
1848 2336 2108 2382 Escalapins

1133 2402 1444 2449 quinquaqinta
1473 2409 1626 2438 aureos
1651 2401 1854 2438 diurnam
1874 2400 2108 2436 mercedem

1128 2468 1297 2514 pacisci
1336 2467 1514 2514 solitas3
1571 2465 1619 2502 ab
1671 2465 1852 2501 Honorio
1905 2463 2108 2510 Pontifice

1134 2530 1378 2577 aeqrotante
1409 2529 1598 2566 centenos
1628 2529 1673 2564 in
1705 2527 1829 2571 diem,
1853 2527 1891 2563 et
1911 2525 1982 2563 hoc
2016 2534 2106 2562 am-

1126 2592 1245 2638 plias
1261 2591 1464 2628 restituta
1480 2590 1549 2626 illi
1561 2589 1799 2627 caletadine
1814 2589 1952 2625 decem
1966 2587 2105 2624 millia

1134 2656 1232 2693 dono
1263 2656 1507 2693 consecutas
1538 2656 1613 2701 est,
1647 2654 1782 2691 Helias
1810 2654 1911 2690 sant
1950 2653 2107 2700 Hippo-

1134 2720 1271 2756 cratis
1302 2718 1534 2765 apllorismi
1566 2719 1604 2755 et
1633 2718 1910 2755 Praenostica
1942 2717 1978 2752 et
2023 2715 2106 2753 Ga-

1132 2782 1216 2818 leni
1256 2781 1522 2829 Microteqni‚
1555 2781 1683 2818 Icilius
1713 2781 1761 2818 de
1791 2779 2001 2816 servanda
2025 2778 2106 2815 Sa-

1133 2845 1268 2881 nitate
1299 2845 1419 2890 liber,
1441 2845 1479 2881 et
1501 2844 1554 2881 ad
1575 2845 1723 2881 ¹carias
1747 2844 1956 2880 utilitates
1971 2843 2105 2880 malta

1134 2907 1312 2944 consilia
1343 2907 1592 2944 mortalitas
1623 2908 1901 2954 opitulantur.

1179 2968 1285 3016 (320)
1304 2969 1452 3015 Aptius
1467 2979 1588 3015 quam
1605 2969 1879 3006 Martorauen.
1896 2969 2104 3015 Episcopi,

1131 3032 1193 3066 uti
1224 3032 1423 3077 prim-„evo
1436 3032 1566 3078 fonte,
1581 3032 1762 3078 Philippi
1783 3032 1937 3067 Villani
1951 3032 2102 3077 operis.

1134 3093 1274 3129 Italice
1303 3094 1404 3129 Ven.
1428 3104 1492 3130 an.
1527 3094 1642 3131 1747.
1677 3094 1839 3141 (Latine
1878 3103 1975 3130 vero
2007 3093 2103 3130 Flo-

1130 3156 1274 3192 rentiae
1296 3165 1361 3191 an.
1399 3155 1722 3204 1847)v111gati;
1748 3156 1960 3193 Thaddaei
1992 3151 2102 3192 facta

1133 3218 1268 3254 verbis
1298 3217 1471 3254 describi
1504 3218 1705 3264 poterant.
1739 3218 1784 3254 In
1816 3220 1927 3255 calce
1957 3218 2100 3255 autem

1130 3280 1224 3316 libri
1252 3281 1317 3316 cui
1345 3279 1412 3316 tit.
1445 3281 1667 3319 Benedicti
1698 3282 1746 3319 de
1768 3282 1933 3320 Narsia
1956 3291 2016 3328 op.
2047 3283 2101 3319 ad

1129 3343 1332 3381 sanitatis
1358 3344 1682 3383 observationem
1703 3344 1894 3381 Bononiae
1918 3349 2034 3385 1477.
2058 3350 2094 3383 4.
