2517 4009
841 248 1294 289 RlNUCClNUS

70 327 162 360 tom.
186 320 227 358 V.
252 329 384 357 rerum
418 318 712 365 Francicarum,
733 329 852 368 quem
887 320 1010 358 Franc

3 393 6 398 ·
68 383 120 422 du
149 381 310 421 Chesne
340 378 498 429 adjecit.
521 379 724 425 Quaedam
754 381 804 418 illi
827 380 958 419 addita
985 387 1025 419 et

47 434 115 483 'ex
143 442 355 482 Guilielmo
385 441 546 480 Britone
577 447 714 480 assuta
759 442 886 481 credit
932 443 1022 481 Rob.

65 504 366 551 Quatremarius
392 504 428 540 in
453 502 700 541 Recensione
731 503 1023 543 Paradoxorum

63 570 202 605 contra
235 563 454 613 Launojum
487 576 572 615 pag.
607 566 694 604 123.
735 567 822 615 lpse
866 577 1024 616 quoque.

4 642 6 646 ’
65 626 264 676 LaunoJ'us
283 627 322 663 in
348 626 545 664 Examine
576 628 772 678 Priviiegii
799 628 838 666 S.
862 626 1026 666 Germa—

66 689 103 728 ni
131 692 161 726 t.
190 688 226 727 ll
256 688 356 739 Opp.
389 694 488 738 part.
521 690 549 726 Ι.
574 700 660 740 pag.
691 690 780 729 251.
812 690 1023 738 observat,

24 782 42 791 ,.
62 751 195 802 ipsum
225 749 422 801 quaedam
455 750 502 788 ad
536 755 747 790 veritatem
795 751 1022 790 historicam

16 835 18 837 ·
65 812 287 864 spectantia
317 811 450 850 studio
482 813 813 861 praetermisisse.
861 813 902 850 ln
945 825 1023 862 quo

62 877 196 913 tamen
227 875 410 912 excusari
444 879 607 924 potest,
635 876 726 924 quia
765 886 840 913 non
888 877 1022 914 omnia

62 935 277 986 singularia
307 947 378 974 suo
410 928 589 986 tempore
621 938 657 973 in
689 937 778 975 aula
808 942 917 986 gesta
964 949 1023 975 re-

62 998 164 1036 scire
195 999 350 1048 potuit‚
384 1008 513 1047 neque
561 999 708 1046 etiam,
737 1000 769 1036 si
807 1000 950 1047 scivit,
984 1001 1019 1036 in

58 1058 270 1098 scribendo
299 1069 458 1109 semper
490 1060 736 1098 meminisse.
767 1060 826 1098 Ad
854 1061 1019 1100 Codices

59 1131 180 1160 manu
224 1124 410 1159 exaratos
455 1120 612 1171 Rigordi
657 1125 876 1171 provocat,
908 1133 1019 1160 eum—

56 1194 135 1232 que
163 1194 214 1221 ex
245 1183 321 1221 illis
350 1182 520 1221 subinde
549 1183 739 1222 emendat
771 1185 926 1222 Hieron.
956 1185 1018 1222 Bi-

56 1246 230 1295 gnonius
257 1244 307 1284 ad
338 1244 545 1283 Formulas
576 1250 761 1283 veteres:
805 1245 896 1283 vide
927 1257 1014 1296 pag.

55 1304 145 1344 59ῐι.
166 1305 261 1344 Cod.
277 1305 541 1353 emendatior,
558 1316 677 1355 quam
699 1307 734 1343 in
753 1306 884 1353 editis,
899 1305 1014 1344 adest

54 1369 92 1405 in
107 1366 309 1405 Vaticana.
327 1366 578 1413 Montfaucou
598 1366 696 1406 Bibl.
714 1367 813 1404 Bibl.
832 1368 938 1406 MSS.
956 1369 1017 1407 35.

107 1426 278 1478 Rigordo
303 1430 439 1464 nostro
470 1437 589 1465 usum
614 1427 871 1466 Guilielmum
890 1430 1015 1467 Brito-

53 1499 143 1527 nem
174 1488 290 1527 docet
319 1488 522 1526 Fabricius
545 1493 681 1526 noster
700 1499 820 1539 supra
842 1491 1012 1529 t.1.2611.

101 1548 346 1599 RILINDIS,
376 1549 586 1588 Abbatissa
615 1551 830 1600 Bergensis
860 1552 897 1588 in
920 1552 1013 1601 Epi-

51 1615 214 1662 scopatu
245 1609 500 1656 Eistadiano‚
531 1612 634 1649 vixit
663 1612 767 1649 circa
812 1623 846 1650 a.
896 1613 1011 1651 1095.

50 1673 148 1723 Ejus
184 1672 332 1712 Versus
353 1671 409 1710 ad
436 1673 606 1711 Sorores
633 1671 898 1711 Alcitonenses
928 1686 1010 1712 me-

51 1739 179 1774 morat
206 1735 400 1774 Daumius
436 1735 473 1772 in
517 1734 760 1784 praefatione
791 1735 837 1773 ad
870 1735 1009 1774 Hiero-

50 1807 216 1848 nymum
245 1795 443 1835 Graecum
473 1796 523 1835 de
552 1796 781 1846 Baptism03
813 1797 880 1835 sed
929 1809 1006 1836 non

50 1857 159 1898 addit
178 1889 189 1906 ‚
222 1858 287 1897 ubi
317 1857 411 1896 editi
442 1859 536 1896 sint.

100 1920 357 1969 RlMlClUS,
388 1921 567 1971 Scriptor
596 1921 722 1960 Italus
753 1921 890 1960 seculo
920 1923 1004 1960 XV.

30 1984 116 2033 ⁴qui
141 1982 270 2023 Vitam
289 1982 434 2033 AEsopi
455 1983 620 2034 ejusque
644 1981 821 2023 Fabulas
841 1996 862 2022 e
887 1984 1007 2022 Grae-

48 2056 94 2084 co
129 2047 166 2083 in
212 2046 394 2084 Latinum
427 2046 661 2094 transtulit,
695 2048 858 2085 Parmae
890 2047 1006 2085 1487.

50 2111 153 2146 teste
182 2108 401 2146 Maittairio.
434 2109 576 2147 Postea
607 2119 702 2147 vero
726 2108 824 2147 liber
848 2109 1009 2159 saepius

51 2173 93 2208 et
121 2169 159 2207 in
190 2170 312 2209 variis
335 2170 483 2221 linguis
509 2181 677 2210 recusus
700 2175 774 2209 est.
792 2171 883 2218 (295
904 2169 1010 2209 Edit.

49 2229 142 2270 Sine
162 2237 256 2270 nota
275 2231 440 2282 (Medici.
457 2231 572 2280 41480)
590 2236 631 2270 et
652 2232 762 2282 Regii
781 2231 898 2271 1497.
917 2234 953 2270 in
972 2232 1008 2270 [ι.

17 2332 19 2334 .
47 2302 124 2331 non
142 2294 410 2341 parmensem,
424 2304 497 2331 nec
520 2294 790 2332 Florentinam
811 2304 874 2332 an.
895 2294 1008 2333 1487.

48 2355 252 2392 noscimus
266 2364 314 2392 ex
331 2353 404 2403 Op.
422 2353 637 2404 Arvvood.)

101 2414 122 2437 ’¹‘
152 2415 194 2453 V.
219 2415 263 2454 C.
284 2415 331 2453 D.
362 2415 556 2465 Georgius
594 2417 631 2454 in
663 2418 749 2455 Vita
788 2417 932 2456 Nicolai
965 2419 1009 2456 V.

45 2487 66 2515 a
85 2487 129 2514 se
151 2475 256 2514 edita
281 2475 330 2514 de
355 2475 429 2514 hoc
458 2475 625 2514 Rinucio
655 2468 723 2525 (lta
745 2479 851 2515 enim
876 2479 1011 2528 appel-

46 2538 152 2577 latur
193 2539 230 2575 in
275 2538 469 2587 impressa
515 2535 603 2585 ejus
642 2539 850 2586 versione)
885 2549 1008 2589 agens

44 2600 257 2639 Aretinum
287 2599 470 2637 extitisse
517 2610 566 2637 ex
612 2597 688 2636 fide
718 2599 895 2637 Vaticani
934 2601 1008 2638 Co-

46 2660 146 2700 dicis
174 2660 380 2709 affirmat,
416 2671 645 2709 quanquam
688 2661 820 2698 nescio
859 2672 937 2709 qua
967 2661 1015 2700 de

44 2733 163 2762 causa
195 2722 377 2761 Tettalus
401 2733 473 2761 seu
500 2722 743 2769 Thessalus,
772 2723 808 2759 in
835 2722 1006 2761 editione

44 2785 157 2824 Vitae
185 2789 227 2823 et
257 2784 496 2823 Fabularum
530 2784 673 2833 Aesopi
718 2786 1005 2823 Bonaccurtius

46 2847 215 2886 Pisanus
252 2845 362 2884 illum
400 2845 583 2895 appellat.
624 2846 749 2883 Vertit
782 2856 829 2883 ex
856 2847 1004 2884 Graeco

47 2907 173 2948 Vitam
197 2913 239 2947 et
263 2907 433 2946 Fabulas
463 2907 606 2957 Aesopi
643 2907 760 2956 cujus
804 2913 865 2945 est
898 2908 1001 2958 apud

43 2981 106 3010 me
130 2974 292 3010 vetusta
312 2969 433 3008 editio
459 2971 497 3007 in
524 2970 557 3007 4.
576 2970 727 3019 absque
753 2971 844 3007 anni
867 2974 906 3007 et
930 2970 1001 3008 loci

42 3031 322 3081 adscriptione.
363 3031 406 3068 ln
432 3031 596 3069 Dissert.
629 3036 762 3069 tamen
798 3031 1001 3069 Vossianis

39 3105 90 3133 ex
108 3093 287 3131 Gesnero
312 3090 498 3131 laudatur
515 3093 640 3141 prima
666 3094 752 3130 eius
775 3091 896 3129 editio
918 3093 1000 3130 Flo-

41 3156 194 3196 tentiae
211 3153 305 3192 anni
326 3150 442 3191 1487.
458 3157 498 3190 et
515 3154 722 3191 Maitterus
746 3155 998 3192 parmensem

43 3215 222 3256 eiusdem
243 3215 337 3253 anni
359 3215 520 3264 profert.
552 3214 605 3252 An
634 3215 841 3264 utrobique
862 3214 998 3253 eodem

45 3290 147 3318 anno
177 3276 361 3329 prodierit
383 3277 528 3326 ignore.
545 3276 683 3315 Eidem
701 3279 818 3315 etiam
851 3277 1001 3315 auctori

46 3339 211 3379 debetur
230 3341 359 3378 versio
375 3339 629 3388 epistolarum
651 3340 813 3377 Mlti-nti
833 3343 865 3374 vt
892 3339 1000 3388 ippo-

1986 258 2064 296 393

1100 322 1220 358 cratis
1240 321 1287 359 ad
1307 322 1506 361 Nicolaum
1526 324 1669 374 Papam
1692 325 1736 363 V.
1754 326 1899 365 directa
1919 357 1928 373 ‚
1949 329 2064 367 cuius

1100 387 1162 420 est
1185 384 1288 433 apud
1317 396 1379 422 me
1412 391 1529 424 vetus
1566 386 1686 424 editio
1713 388 1938 428 Florentina
1968 393 2061 428 anni

1102 443 1216 482 4505.
1238 446 1275 482 in
1293 444 1358 483 4.*
1384 446 1484 493 (296.
1512 449 1722 497 Antiquior
1740 450 1962 489 Florentiae
1991 463 2060 501 per

1101 505 1192 542 Ant.
1221 506 1417 546 Venetum
1436 507 1473 545 S.
1493 509 1536 547 A.
1555 514 1594 547 et
1615 510 1687 549 alia
1706 511 1926 551 Florentiae
1944 514 2060 552 1487.

1102 578 1223 617 prope
1251 579 1312 606 me
1337 574 1411 606 est.
1439 569 1524 608 Vid.
1553 571 1683 609 Alam.
1712 572 2029 613 ltliN'UCClNUS.

1158 629 1455 677 ttffiGERiUS,
1492 632 1566 670 vid.
1597 644 1715 684 supra
1748 635 2046 676 RANGERlUS.

1153 689 1402 730 Alamannus
1431 694 1763 742 ltixUCCffit'S,
1791 697 2055 746 Florentium,

1100 752 1234 790 seculo
1264 754 1347 791 XV.
1382 753 1664 794 Pm'lostratum
1687 757 1733 796 de
1756 762 1839 797 υιια
1864 759 2062 811 Apollonii

1100 814 1235 852 Latine
1267 817 1412 862 vertit,
1446 818 1624 856 Lutetiae
1654 820 1759 869 apud
1784 821 1887 859 Guil.
1915 823 2059 862 Cave!-

1099 875 1164 913 lat.
1198 876 1313 916 4555.
1362 878 1422 916 42.
1471 881 1721 929 impressam.
1768 882 2054 925 Adversarium

1100 943 1306 987 propterea
1336 944 1477 978 nactus
1502 946 1563 979 est
1587 941 1681 980 Phil.
1705 943 1938 984 Beroaldum
1959 976 1967 991 ,
1992 947 2060 985 de-

1099 999 1296 1039 fensorem
1323 1001 1530 1041 Gibertum
1557 1005 1802 1054 Longolium.
1831 1006 1925 1045 Vide
1947 1008 2057 1048 Sibe—

1096 1071 1182 1098 rum
1215 1062 1264 1099 de
1290 1063 1513 1102 illustribus
1538 1064 1772 1104 Alemannis
1794 1079 1830 1117 p.
1854 1069 1942 1106 132.
1969 1069 2057 1109 133.

1147 1123 1167 1144 *
1194 1124 1263 1162 Vix
1290 1125 1410 1163 alium
1442 1125 1560 1164 credo
1585 1127 1634 1165 ab
1659 1127 1731 1166 hoc
1751 1128 2052 1171 Rinuccinoeu-

1091 1184 1245 1223 thorem
1267 1187 1462 1225 versionis
1486 1189 1676 1239 Dialogor.
1701 1190 1861 1229 Luciani
1880 1193 2055 1232 Charon-

1090 1248 1141 1283 tis
1161 1252 1201 1284 et
1217 1249 1396 1287 Mercurii
1413 1248 1460 1287 ad
1479 1250 2052 1295 Franciscumssonaccursium

1088 1307 1261 1346 directae
1284 1337 1294 1355 ‚
1317 1308 1365 1347 de
1383 1321 1462 1359 quo
1484 1310 1576 1348 Cod.
1602 1312 1691 1350 498.
1709 1314 1856 1353 latinus
1873 1315 2055 1355 Biblioth.

1090 1368 1264 1406 Venetae
1290 1370 1331 1407 S.
1355 1372 1470 1408 Marci
1490 1401 1497 1417 ‚
1515 1383 1759 1423 quamquam
1787 1377 1834 1413 ibi
1868 1379 1963 1416 vitio
1981 1379 2057 1417 for-

1088 1434 1196 1467 tasse
1221 1431 1428 1480 scriptoris
1452 1433 1685 1482 Rinuccius‚
1704 1447 1780 1473 non
1809 1437 2054 1480 Rinuccinus

1088 1490 1323 1540 appellatur.
1348 1490 1458 1530 Haec
1478 1494 1569 1531 olim
1596 1494 1644 1532 de
1670 1498 1860 1546 scriptore
1893 1499 1965 1538 hoc
1985 1513 2054 1540 an-

1089 1556 1334 1599 notaveram,
1357 1553 1425 1591 sed
1448 1554 1698 1594 emendanda
1717 1557 1831 1596 modo
1855 1562 2048 1608 quaedam

1086 1619 1327 1652 succurrunt
1351 1626 1401 1654 ex
1425 1615 1706 1656 dissertatione
1726 1620 1789 1658 83.
1807 1621 1984 1660 Vossian.
2003 1626 2053 1663 cl.

1085 1675 1245 1715 Zenit.2
1257 1688 1291 1726 p.
1308 1676 1394 1714 199.
1408 1689 1534 1728 nuper
1558 1679 1677 1718 edito.
1702 1681 1849 1720 Prodiit
1866 1684 1902 1720 in
1920 1685 2049 1724 lucem

1082 1737 1305 1776 Florentiae
1321 1740 1487 1778 alte?
1503 1741 1598 1778 obiit
1623 1745 1891 1782 veroaffiot.
1920 1746 2049 1796 (1499)

1082 1799 1316 1839 Florentiae.
1339 1801 1476 1839 Versio
1491 1802 1540 1840 ab
1554 1814 1599 1841 eo
1617 1802 1806 1843 adornata
1826 1805 2048 1846 Philostra-

1081 1859 1113 1897 τί
1133 1859 1179 1898 a'e
1202 1861 1287 1899 vica
1311 1861 1506 1913 Apollonii
1527 1864 1669 1914 prodiit
1690 1866 1888 1906 Bononiae
1905 1900 1914 1915 ,
1935 1874 1977 1908 ut
1998 1883 2047 1909 ex

1081 1923 1248 1972 epistola
1266 1924 1430 1975 Philippi
1449 1926 1762 1976 Beroaldi,cujus
1780 1929 2046 1980 fragmentum

1081 1984 1211 2022 Zenus
1235 1985 1416 2034 exhibet,
1443 1986 1664 2036 discimus,
1701 1993 1785 2028 tum
1831 2002 1926 2029 vero
1956 1993 2045 2031 alibi

1083 2045 1202 2084 etiam
1228 2058 1368 2086 recusa
1391 2053 1467 2086 est.
1485 2049 1598 2087 Dedit
1623 2052 1770 2100 pariter
1792 2054 1895 2092 vitas
1917 2055 2046 2094 Niciae

1084 2106 1358 2158 Atheniensis,
1374 2111 1422 2148 M.
1443 2112 1593 2160 Crassi,
1610 2112 1748 2162 Agidis
1765 2118 1805 2151 et
1821 2115 2046 2154 Cleomenis

1086 2179 1133 2206 ex
1177 2170 1382 2219 Plutarco‚
1413 2176 1453 2210 et
1487 2172 1658 2223 Agesilai
1699 2186 1746 2213 ex
1782 2178 2045 2228 Xenophonte

1087 2240 1106 2267 a
1133 2241 1177 2268 se
1204 2233 1240 2268 in
1268 2232 1434 2271 latinum
1463 2235 1690 2274 translatas.
1718 2237 1866 2276 Ibidem
1888 2251 1938 2278 ex
1957 2242 2045 2280 Plu-

1085 2295 1193 2330 tarco
1217 2295 1454 2342 opusculum
1483 2297 1716 2346 inscriptum
1736 2299 1968 2339 :consolatio
1989 2303 2044 2341 ad

1083 2351 1342 2403 Apollonium.
1371 2356 1547 2406 Denique
1582 2368 1630 2394 ex
1665 2358 1873 2398 Plutarcho
1897 2364 2044 2411 pariter

1085 2415 1258 2454 libellum
1284 2416 1330 2455 de
1353 2416 1569 2457 virtutibus
1592 2418 1805 2457 mulierum
1822 2451 1832 2467 ,
1847 2423 1909 2471 cuj
1919 2434 1964 2461 us
1979 2429 2042 2462 est

1083 2476 1202 2515 editio
1226 2479 1444 2517 Brixiensis
1461 2491 1524 2518 an.
1552 2480 1668 2519 1497.
1683 2482 1757 2519 Est
1781 2482 1870 2531 ejus
1893 2486 2041 2534 pariter

1086 2540 1215 2577 versio
1241 2539 1452 2579 Charonlc's
1475 2553 1523 2580 ex
1553 2543 1722 2581 Luciano
1749 2546 1942 2593 impressa
1968 2548 2039 2585 Ba-

1082 2599 1229 2650 sileaegl
1242 2602 1330 2639 518.
1352 2603 1406 2639 De
1425 2613 1497 2640 suo
1515 2604 1675 2652 scripsit
1697 2605 1913 2643 orationem
1931 2606 2038 2646 habi-

1082 2665 1160 2698 tam
1185 2661 1223 2698 in
1243 2661 1386 2712 funere
1409 2662 1599 2701 Matthaei
1628 2664 1820 2703 Palmerae'i
1860 2670 1962 2706 sicut
1997 2675 2037 2707 et

1078 2723 1457 2762 Jaiirzoctz·c·slla12ette'
1478 2725 1612 2772 vitam,
1632 2738 1751 2776 quam
1775 2729 1949 2768 nondum
1976 2736 2036 2780 ty-

1082 2785 1140 2832 pis
1166 2784 1357 2833 prodiisse
1374 2784 1521 2833 judico.
1541 2786 1559 2808 ³*

1132 2848 1233 2895 (297
1266 2847 1360 2885 Vide
1389 2849 1644 2888 Monumeuta
1670 2851 1716 2889 ad
1748 2843 1806 2889 Al.
1832 2853 2034 2893 Rinuccini

1078 2908 1202 2946 Vitam
1221 2910 1511 2948 contexendam
1537 2911 1598 2949 ed.
1618 2913 1730 2951 Ferd.
1754 2916 1926 2953 Fossius.
1952 2918 2034 2955 Flo-

1076 2975 1175 3008 rent.
1204 2971 1320 3011 1791.
1345 2972 1379 3009 4.
1405 2977 1444 3010 et
1467 2983 1528 3021 op.
1557 2974 1720 3013 Ricorcli
1747 2975 1788 3013 di
1819 2975 1967 3029 Felippo
1991 2979 2033 3018 di

1076 3033 1170 3072 cmo
1195 3032 1404 3072 Rinuccini
1424 3033 1493 3071 dal
1513 3037 1617 3077 4282
1638 3036 1682 3074 al
1700 3039 1800 3076 1460
1820 3037 1921 3077 colla
1945 3052 2034 3078 con-

1075 3093 1224 3132 tinuaz:
1263 3093 1307 3132 di
1346 3093 1566 3133 Alcman-no
1616 3109 1669 3134 ec.
1708 3099 1787 3148 sino
1825 3098 1868 3137 al
1914 3102 2028 3142 1506.

1075 3160 1143 3194 ete.
1176 3168 1251 3206 per
1275 3167 1376 3193 cura
1400 3156 1443 3194 <li
1465 3158 1508 3194 G.
1535 3158 1693 3196 silani.
1722 3161 1753 3197 F
1759 3161 1892 3200 irenze
1912 3164 2029 3203 1840.

1074 3219 1110 3254 4¹.
1129 3218 1195 3267 [59.
1230 3216 1414 3256 Editor-es
1454 3220 1617 3258 Phaedri
1642 3222 1731 3260 Fab.
1754 3224 1905 3273 Biponti
1932 3226 2030 3265 1796

1075 3283 1162 3328 post
1192 3280 1428 3318 Maittairuin
1461 3286 1501 3317 vt
1534 3283 1648 3320 Bern.
1681 3284 1729 3321 La
1749 3285 1928 3336 Monnoje
1961 3299 2028 3337 pu—

1076 3346 1159 3378 tant
1184 3346 1222 3377 et
1251 3345 1379 3380 versio
1398 3343 1645 3383 tabularum.
1666 3346 1822 3395 Aesopi.
1841 3359 1948 3396 quac
1970 3350 2028 3387 Ru<

1652 3428 1716 3463 201
