2517 4009
891 235 1270 276 NICOLAUS

145 309 394 355 NlCOLAUS
439 306 643 360 Dionysii,
692 307 911 357 Waddingo
958 320 1045 359 pag.

92 376 183 416 267.
205 375 251 415 de
274 374 405 426 Nysa,
429 371 521 410 Ord.
547 372 684 409 Minor.
706 371 958 409 Provincialis
978 371 1043 409 de-

93 439 254 478 functus
283 434 512 484 Rothomagi
537 432 583 472 Α.
606 434 719 472 4509.
747 435 902 472 Praeter
933 433 1038 471 Gem-

91 511 196 540 mam
206 496 529 552 praedicantium
553 496 679 535 tribus
701 496 809 534 libris
825 526 835 543 ,
859 494 1042 546 aedifica—

71 561 216 612 toria,
261 558 523 599 destructorio
561 563 600 597 et
636 557 911 610 reparatorio:
956 559 1041 596 sive

91 634 297 663 sermones
316 633 434 673 quam
452 622 644 672 plurimos
660 650 669 668 ,
690 620 920 670 Rothomagi
940 650 948 666 ,
971 621 1042 658 Ba—

89 687 208 726 sileae
226 715 235 733 ‚
277 685 545 737 ArgenUnae,
596 684 753 723 Parisiis
801 688 840 721 et
887 684 1040 722 Brixiae

87 747 239 798 editos,
266 748 434 799 scripsit
462 745 670 799 Speculum
699 744 926 784 mortalium
956 747 1040 783 sive

87 811 136 851 de
161 816 331 863 quatuor
357 810 610 856 novissimis,
636 809 755 847 Paris.
784 809 885 847 4:5¹8
910 813 946 846 et
973 810 1043 846 Re-

85 873 315 914 solutzonem
348 870 650 923 Theoloqorum,
681 872 765 910 sive
797 871 1040 910 Commenta-

86 937 193 977 rium
215 936 255 975 in
273 936 336 974 IV.
359 933 482 974 libros
503 933 795 974 Sententiarum
811 933 1037 983 Rotliomag.

83 1005 125 1040 et
153 1000 293 1040 Venet.
324 998 439 1037 4568.
470 996 587 1037 4574.

135 1059 386 1102 NlCOLAUS
413 1059 562 1106 Donis,
590 1059 815 1097 Germanus
845 1058 936 1096 Ord.
968 1059 1038 1096 Be-

83 1123 158 1163 ned
185 1123 407 1163 Monasterii
435 1126 477 1161 ut
502 1122 634 1160 serunt
654 1120 1035 1168 Reiclienbacensis,

81 1186 267 1226 laudatus
296 1183 513 1223 Trithemio
542 1195 626 1235 cap.
659 1184 747 1222 836.
779 1183 828 1222 de
857 1183 898 1221 S.
927 1183 970 1221 E.
996 1187 1036 1220 et

81 1250 224 1289 illustr.
254 1247 499 1287 Benedictio.
528 1247 576 1285 11.
606 1247 693 1285 443.
724 1251 764 1284 et
795 1257 832 1284 in
868 1246 1036 1285 lumina-

78 1311 189 1351 ribus
216 1309 451 1349 Germaniae
481 1320 566 1359 cap.
591 1308 681 1346 206.
706 1319 783 1358 quo
807 1312 910 1345 toste
939 1308 1035 1344 emi-

79 1375 131 1412 sit
178 1383 278 1422 opus
326 1370 553 1410 mirandum
599 1370 640 1409 in
684 1368 1035 1420 Cosmoyrapliiam

78 1435 300 1475 Ptolomaei
330 1445 421 1473 cum
452 1434 620 1484 picturis
657 1434 852 1482 novisque
887 1432 1033 1470 tabulis

76 1498 372 1548 elegantissime
410 1495 603 1533 ordinatis
645 1499 686 1532 et
730 1494 1033 1543 diligentissime

74 1560 263 1599 correctis
282 1557 458 1597 dicatum
481 1557 600 1596 Paulo
621 1558 667 1595 ΙΙ·
686 1556 862 1595 Pontifici
882 1586 889 1604 ‚
912 1567 1031 1606 quem

76 1625 236 1661 constat
260 1631 397 1659 mense
421 1619 524 1659 Julio
547 1619 593 1658 A.
621 1619 736 1659 4474.
756 1619 875 1657 rebus
897 1618 1035 1656 huma-

77 1685 140 1722 nis
165 1683 416 1722 valedixisse.
441 1682 550 1721 Idem
575 1692 676 1732 opus
699 1686 855 1732 praeter
883 1681 1036 1719 Trithe-

75 1747 199 1786 mium
221 1744 356 1785 laudat
379 1745 577 1784 Marsilius
598 1746 756 1783 Ficinus
781 1745 960 1783 scribens
983 1743 1031 1783 ad

74 1807 304 1849 Federicum
331 1807 580 1847 Urbinatium
603 1808 750 1846 Ducem
770 1820 778 1845 :
806 1818 1032 1846 memorans

73 1882 232 1922 quoque
261 1870 295 1919 a)
324 1869 536 1909 Francisci
561 1868 830 1921 Berlinyherii
845 1900 852 1917 ‚
882 1870 1029 1909 Nicolai

74 1934 116 1972 F.
140 1932 488 1984 cosmographiam
510 1924 600 1972 oum
624 1934 799 1972 universi
821 1932 935 1971 Orbis
957 1936 1035 1970 ter-

75 1997 158 2035 reni
188 1995 314 2047 figura
343 1995 516 2034 oblatam
547 1995 676 2034 eidem
707 1995 804 2034 Duci
836 1995 1033 2034 Federico.

75 2059 224 2098 Donisii
254 2069 354 2110 opus
377 2070 427 2097 an
451 2059 558 2109 typis
587 2058 738 2097 editum
772 2064 848 2106 Sit,
877 2058 1033 2097 dubitat

74 2121 239 2161 Vossius
267 2120 316 2160 de
345 2120 606 2171 scriptoribus
634 2120 819 2159 Mathem.
849 2131 932 2171 cap.
965 2119 1027 2158 70.

75 2183 110 2236 §-
135 2184 198 2224 44.
220 2195 308 2235 pag.
336 2184 423 2223 443.
451 2183 529 2223 Sed
555 2195 630 2221 non
658 2182 919 2222 dubitandum
941 2194 1030 2222 esse

73 2245 190 2285 docet
219 2246 489 2298 Beughemius
519 2258 557 2297 p.
589 2246 677 2286 444.
708 2245 890 2284 incunab.
922 2250 1031 2296 typo-

71 2309 209 2362 graph.
238 2309 305 2349 ubi
336 2313 580 2348 memoratur
608 2309 728 2347 etiam
760 2308 903 2347 Nicolai
933 2308 1029 2347 Ger-

68 2371 179 2412 -mani
223 2374 420 2410 tractatus
462 2369 508 2409 de
551 2370 646 2409 locis
686 2382 734 2410 ac
775 2369 1028 2409 mirabilibus

71 2432 220 2473 Mundi
250 2444 342 2472 cum
381 2433 469 2482 ejus
502 2432 753 2481 Ptolemaeo;
785 2433 968 2471 laudatus
1005 2434 1026 2470 a

74 2494 293 2533 Trithemio
331 2498 452 2544 atque
482 2494 614 2533 editus
644 2493 781 2532 Ulmae
814 2495 928 2533 4486.
962 2495 1025 2532 fol.

71 2567 145 2595 nec
168 2555 332 2596 dubium
354 2559 416 2594 est
439 2559 599 2594 exstare
625 2557 865 2594 vetustiores
890 2555 1026 2592 editio-

71 2629 167 2665 nes,
196 2621 242 2657 ut
274 2617 508 2657 Ulmensem
538 2616 583 2655 A.
616 2617 730 2655 ⁴482.
763 2617 870 2668 Opus
899 2617 1027 2655 Donni

70 2679 228 2720 Nicolaz'
248 2679 442 2719 Germani
461 2677 676 2718 secundum
701 2677 963 2716 Ptolemaeum
988 2679 1021 2727 b)

70 2744 134 2782 vel
163 2744 380 2782 Romanam
411 2741 592 2793 ejusdem
622 2742 742 2785 anni,
771 2741 819 2779 ‹lo
850 2754 925 2791 qua
958 2741 1022 2779 IV-

70 2807 119 2846 44
163 2805 256 2845 Bibl.
281 2805 455 2844 Graecae
489 2816 576 2857 pag.
606 2804 691 2843 443.
719 2805 897 2854 Denique
931 2803 1021 2854 Epi?-

69 2866 190 2907 stolas
218 2866 309 2918 ejus
337 2866 385 2906 ad
415 2866 596 2905 diversos
624 2877 673 2904 cx
703 2866 916 2904 Tritliomio
940 2867 1021 2905 lau-

68 2930 165 2969 dant
179 2928 395 2976 Gesnerus,
412 2928 618 2968 Simlerus.
635 2933 709 2966 etc.
732 2927 845 2977 (Vide
865 2927 1020 2966 Andros

70 2991 183 3032 Della
208 2993 460 3031 Letleratura
478 3002 533 3029 ec.
552 2992 617 3029 lll.
650 2991 736 3029 466.
760 2992 1019 3039 Luccliosini).

0 3051 1 3063 ¹
25 3046 29 3051 ’
96 3053 345 3094 nicomas
365 3052 532 3100 Donati,
557 3051 774 3100 Lucensis,
794 3052 926 3091 iudom
951 3055 1019 3091 130-

0 3094 1 3164 l
69 3117 320 3165 nedictinus,
359 3114 428 3154 sod
459 3114 588 3164 paullo
615 3115 772 3164 junior,
801 3117 863 3154 cni
901 3115 1020 3152 histo—

68 3181 165 3219 riam
194 3179 243 3218 de
273 3178 392 3217 rebus
421 3178 545 3228 gestis
574 3178 810 3216 senensium
837 3182 876 3215 ot
901 3177 1018 3215 libros

120 3321 154 3360 a)
176 3322 248 3354 Lib.
270 3323 342 3355 vll.
361 3322 467 3363 Epist.
491 3325 571 3353 tom.
602 3318 615 3350 1
636 3320 721 3360 Opp.
735 3319 808 3351 82¹4.
826 3319 858 3350 b.

119 3371 157 3412 b)
181 3372 400 3404 amoenitati.
420 3371 562 3404 litterar.
586 3373 668 3402 toin.
687 3371 706 3401 5
731 3378 804 3409 pag.
833 3368 900 3401 155.
935 3370 1022 3402 Frld.

1841 240 1971 284 lob‘ae
1995 239 2071 279 109

1118 307 1219 346 duos
1251 308 1299 346 de
1330 309 1431 347 bello
1463 311 1653 348 lletrusco
1683 311 1787 348 inter
1816 311 2000 350 Carolum
2033 313 2073 349 V.

1119 371 1218 422 Imp.
1248 376 1288 409 et
1319 372 1529 411 ilenricum
1562 372 1607 410 11.
1641 377 1833 412 memorat
1874 372 2074 413 Arnoldus

1116 435 1227 472 Wion
1260 439 1354 472 tom.
1385 437 1398 474 4
1437 435 1530 483 ligni
1562 436 1671 474 Vitae
1702 448 1738 486 p.
1769 435 1857 476 443.

1168 496 1418 536 NICOLAUS
1448 495 1684 545 Dorbellus,
1715 499 1800 537 sive
1829 497 1875 537 de
1907 497 2075 537 Orbellis

1116 558 1417 609 Andegavensis
1442 562 1693 610 provinciae,
1719 562 1963 600 Turonensis
1986 562 2076 600 Gal—

1116 622 1204 672 lus,
1234 622 1326 660 Ord.
1375 623 1510 661 Minor.
1555 623 1805 674 'l'hoologiam
1854 623 1988 663 docuit
2035 626 2072 664 in

1115 684 1331 735 Gymnasio
1370 686 1618 723 pictaviensi.
1660 687 1713 723 De
1745 686 1807 724 illo
1839 688 2074 737 Bergomen-

1115 748 1170 784 sis
1215 747 1263 785 ad
1307 747 1353 785 Α.
1403 748 1518 786 4454.
1563 747 1806 785 'l'ritlioniins
1845 760 1928 798 cap.
1982 749 2072 788 845.

1116 809 1364 860 Waddingus
1409 823 1494 861 pag.
1540 811 1634 848 ⁶268.
1667 810 1713 847 ll.
1751 811 1993 849 'vi'airtlionus
2023 811 2071 849 ad

1115 873 1320 921 Caveum,
1365 878 1406 911 et
1442 873 1626 912 Oudinus
1658 878 1750 910 toni.
1783 875 1803 911 3
1837 885 1921 923 pag.
1953 873 2069 912 2546.

1113 935 1279 986 Scripsit
1304 935 1343 972 in
1365 935 1427 974 IV.
1455 934 1578 974 libros
1601 934 1885 973 sententiarmn
1908 947 1955 972 ox
1982 948 2071 973 sen-

1113 999 1235 1035 tontia
1265 999 1440 1036 Joannes
1473 999 1607 1046 Senti,
1639 999 1845 1047 llaganoac
1890 1000 2002 1036 4503.
2032 998 2068 1037 li.

1112 1060 1230 1098 Paris.
1260 1061 1376 1099 4544.
1419 1059 1535 1099 4517.
1580 1061 1615 1098 8.
1663 1060 1778 1099 4520.
1817 1060 1854 1098 8.
1884 1060 2066 1109 Loqicam

1110 1121 1331 1160 secundum
1354 1121 1526 1160 eundem
1553 1123 1741 1167 Scotum,
1776 1124 1938 1161 Parmae
1966 1126 1978 1162 4
1992 1123 2066 1161 483

1109 1190 1149 1222 ot
1178 1184 1217 1222 in
1245 1183 1490 1223 Summulam
1521 1184 1632 1222 Petri
1650 1184 1821 1234 Hispani
1843 1185 1961 1223 libros
1989 1186 2066 1224 Vll.

1109 1246 1245 1285 Venet.
1278 1247 1393 1285 4546.
1425 1247 1458 1284 4.
1490 1248 1807 1286 Commentarios
1847 1246 1886 1284 iii
1915 1247 2068 1286 :tristo-

1110 1308 1194 1347 telis
1222 1309 1417 1358 Physica,
1450 1309 1743 1359 metaphysica,
1774 1308 1911 1348 Ethica
1950 1315 1989 1347 et
2019 1310 2067 1348 de

1107 1372 1263 1409 anima:
1305 1372 1420 1409 Basil.
1473 1373 1587 1410 4503.
1638 1383 1713 1410 una
1759 1383 1850 1409 cum
1897 1372 1992 1410 libro
2021 1372 2067 1410 de

1106 1432 1271 1470 scientia
1311 1432 1612 1480 Mathematica,
1659 1435 1724 1483 qui
1771 1433 1967 1483 prodierat
1999 1437 2068 1473 Βο-

1110 1507 1201 1533 non.
1231 1494 1346 1534 4483.
1371 1496 1578 1534 Sermones
1600 1497 1636 1533 in
1662 1497 1862 1546 Epistolas
1891 1497 2069 1542 Quadra-

1107 1558 1319 1608 gesimales
1347 1559 1380 1607 a)
1411 1558 1532 1608 Lugd.
1567 1559 1680 1597 4494.

1161 1619 1412 1659 MCOLAUS
1433 1619 1716 1668 Dorliiminfra,
1729 1620 1851 1659 Nicol.
1870 1620 2061 1659 Durham.

1160 1683 1410 1722 MCOLAUS
1426 1683 1641 1722 Monachus
1661 1683 1814 1733 Anglus
1834 1683 2064 1722 Dunelmen-

1105 1745 1185 1793 sis,
1222 1745 1316 1784 Ord.
1361 1746 1509 1785 Bened.
1553 1747 1853 1795 Cluniacensis,
1896 1749 2063 1797 scriptor

1112 1807 1215 1846 Vitae
1256 1810 1296 1848 S.
1343 1808 1506 1847 Godriei
1540 1809 1764 1857 Eremitae,
1809 1821 1927 1859 quam
1967 1811 2062 1848 Mat-

1109 1871 1251 1910 thaeus
1282 1872 1388 1910 Paris
1420 1876 1528 1909 notat
1543 1883 1591 1910 ex
1610 1871 1764 1911 Godrici
1793 1872 1978 1911 dictantis
1994 1883 2059 1910 ore

1109 1945 1201 1972 eum
1233 1935 1456 1984 excepisse.
1488 1935 1631 1973 Exstat
1661 1937 1739 1973 vita
1772 1935 1866 1973 haec
1885 1936 1920 1972 in
1941 1936 2059 1973 variis

1108 1995 1272 2047 Angliae
1301 1997 1560 2035 Bibliothecis
1584 2003 1627 2036 ut
1646 2001 1798 2037 notavit
1826 1997 2006 2037 Oudinus
2030 2002 2057 2035 t.

1105 2058 1128 2096 2
1160 2069 1196 2109 p.
1230 2060 1346 2098 4503.
1378 2061 1432 2098 De
1462 2059 1630 2098 Godrico
1657 2060 1746 2098 vido
1776 2072 1895 2111 supra
1922 2065 1947 2097 t.
1975 2061 1996 2098 3
2022 2071 2056 2110 p.

1107 2121 1168 2158 68.
1200 2121 1266 2160 ubi
1298 2123 1431 2161 notavi
1455 2123 1559 2161 diem
1581 2123 1726 2162 obiisse
1747 2123 1793 2162 Α.
1810 2125 1852 2162 C.
1872 2124 1986 2162 4470.
2005 2124 2059 2161 De

1105 2183 1180 2222 alia
1208 2183 1389 2233 ejusdem
1412 2187 1491 2223 vita
1510 2187 1658 2236 scripta
1681 2188 1702 2224 a
1731 2185 1983 2224 GALFRlDO
2013 2191 2054 2223 et

1106 2246 1144 2283 in
1165 2245 1276 2284 Actis
1299 2247 1478 2285 Sanctor.
1494 2249 1558 2285 2¹.
1580 2247 1665 2297 lllaj.
1692 2248 1798 2286 edita
1819 2248 1909 2286 ibid.
1936 2259 1968 2297 p.
1992 2248 2055 2285 228.

1156 2308 1405 2348 NICOLAUS
1433 2308 1644 2354 Durlzam,
1675 2312 1760 2348 sive
1793 2315 1834 2349 ut
1859 2310 1959 2359 apud
1989 2311 2056 2347 Le-

1102 2369 1264 2409 landum
1294 2382 1378 2421 cap.
1412 2372 1499 2410 406.
1525 2370 1757 2419 Duramus,
1791 2373 1970 2410 Dunolini
2004 2373 2054 2408 si-

1100 2443 1149 2469 ve
1180 2432 1369 2471 Durhami
1401 2437 1543 2481 natus,
1590 2434 1804 2471 Trithomio
1847 2445 1932 2483 cap.
1964 2434 2051 2471 633.

1101 2495 1242 2532 vitiose
1272 2500 1312 2533 et
1342 2496 1499 2546 Alegrio
1530 2507 1616 2546 pag.
1648 2495 1942 2540 33>.Dorlm1‚
1974 2496 2053 2532 An-

1098 2557 1212 2606 gius,
1241 2557 1555 2595 Novicastronsis
1585 2558 1769 2595 (loonobii
1814 2556 2021 2595 Carmelita
2041 2586 2049 2601 ,

1098 2617 1356 2667 Philosophus
1385 2623 1424 2656 et
1454 2619 1675 2667 'theologus
1711 2618 1948 2657 Oxonionsis
1976 2618 2050 2654 cir·

1097 2691 1140 2718 ca
1158 2680 1201 2718 A.
1230 2681 1341 2718 4360.
1368 2681 1534 2730 Scripsit
1557 2678 1899 2717 ‹leterim'nationes
1923 2680 2048 2728 Quae-

1095 2743 1288 2788 stionwn,
1313 2747 1352 2779 ct
1380 2742 1417 2779 ιή
1443 2739 1692 2791 Lonqobarde'
1716 2742 1776 2779 11⁷.
1809 2739 1930 2778 libros
1954 2742 2047 2778 Sen-

1095 2805 1317 2842 tentiarum.
1349 2804 1512 2843 Addunt
1544 2805 1683 2842 llalous
1715 2805 1773 2842 vt.
1804 2805 1869 2852 40.
1899 2808 1937 2840 et
1971 2804 2045 2840 l'it-

1095 2878 1189 2905 scus
1212 2867 1258 2905 ad
1284 2868 1328 2905 Α.
1356 2867 1467 2905 4370.
1500 2878 1582 2916 pag.
1614 2866 1703 2905 507.
1738 2866 1876 2903 librum
1909 2868 2042 2902 contra

1100 2928 1248 2980 Wiclefi
1276 2927 1490 2968 articulos.
1524 2930 1655 2966 nescio
1694 2940 1792 2978 quae
1839 2928 2043 2964 Doctorum

1095 2990 1339 3042 Oriqinalia,
1363 2992 1561 3040 nussiam«¹
1588 2992 1622 3027 in
1645 2989 1922 3040 compendium
1949 2990 2044 3027 scri-

1094 3060 1157 3105 pta
1189 3055 1359 3102 longiora
1389 3053 1752 3092 Seutentiariorum.

1147 3117 1394 3155 MCOLAUS
1420 3114 1667 3165 Iz'yinericns,
1694 3126 1776 3151 sivo
1810 3114 2040 3158 liiniciicus,

1094 3190 1214 3230 supra
1245 3184 1270 3216 t.
1302 3180 1325 3216 ⁴2
1356 3191 1392 3228 p.
1424 3179 1510 3215 541.

1085 3323 1142 3351 Jac
1161 3318 1359 3358 iieyschlagii
1387 3318 1508 3357 sylloge
1525 3326 1597 3358 pag.
1613 3319 1686 3350 22⁴.

1147 3378 1163 3399 a
1200 3369 1276 3399 Vide
1293 3371 1424 3399 ‹iesneri
1445 3368 1524 3399 Ribl.
1546 3378 1619 3409 pag.
1643 3368 1717 3400 5221.
1742 3369 1773 3400 b.

1672 3440 1738 3477 iffi
