2550 4009
783 255 1278 297 MICROLOGUS
2000 262 2050 299 77

57 328 165 368 locis.
196 324 384 367 Albinum
431 325 517 363 sive
560 323 774 364 Alcuinum
822 336 906 376 cap.
954 325 1018 364 60.

108 387 456 436 MICROLOGUS,
486 385 533 424 de
556 385 640 425 vita
681 385 822 427 Caroli
851 387 988 438 Maqni
1011 417 1020 436 ‚

55 452 207 490 Auctor
249 450 438 489 librorum
483 450 605 488 trium
650 450 755 489 illius
797 452 1018 501 argumenti

51 513 350 563 Manuscriptor.
381 513 420 550 in
459 511 558 550 Bibl.
603 512 826 561 Caesarea,
856 517 897 550 et
927 514 1024 551 scri-

51 578 213 626 ptorum
242 573 292 612 ab
320 573 532 623 Anonymo
562 578 653 623 post
677 573 752 612 An.
780 574 882 612 4465
907 576 1022 613 cuius

51 635 150 675 haec
179 639 276 675 sunt
305 635 426 674 verba
457 636 495 673 in
526 636 686 686 prologo
716 636 754 684 b)
785 647 908 685 quem
941 636 1024 675 edi-

51 697 114 736 dit
158 697 397 737 Lambecius
435 702 532 736 tom.
561 698 598 737 2.
629 709 717 748 pag.
748 698 839 736 329.
869 709 952 749 seq.
982 703 1023 736 ct

47 758 265 799 Bollandus
300 764 397 797 tom.
427 760 464 799 2.
495 759 583 798 Act.
624 760 803 799 Sanctor.
848 763 1024 800 Januarii

49 822 114 860 28.
157 833 244 872 pag.
289 820 382 860 875.
418 821 593 872 Eyrcyia
617 820 742 873 ipsius
790 821 931 862 Caroli
960 834 1025 873 ye-

48 886 112 922 sta
134 886 172 922 et
187 881 473 934 triumphalem
493 881 685 922 bellorum
707 884 792 922 eius
814 883 1023 924 historiam

46 943 140 984 aliis
159 944 428 996 reliquimus,
451 944 528 996 qui
551 946 593 983 in
619 945 806 996 Cataloyo
839 946 1022 985 virorum

45 1005 212 1060 fortium
241 1010 280 1046 et
306 1008 349 1046 in
379 1007 588 1047 Clzronicis
625 1008 801 1059 ejusdem
843 1008 1021 1060 multifa-

45 1069 152 1108 riam
179 1069 385 1121 reperitur
405 1100 416 1117 ,
449 1073 489 1107 ec
515 1080 586 1108 nos
614 1069 788 1123 officiosa
814 1069 1022 1110 sedulitate

44 1129 151 1170 alias
179 1131 437 1180 Micrologum
475 1130 799 1181 conscripsimus,
829 1132 926 1170 Vide
957 1144 1023 1171 su-

43 1203 114 1242 pra
146 1196 241 1230 tom.
269 1194 304 1230 4.
327 1203 412 1242 pag.
441 1193 534 1231 322.
561 1196 604 1231 et
631 1194 668 1231 in
697 1194 1022 1233 HERIMBERTO

44 1254 140 1297 tom.
171 1252 210 1289 3.
239 1261 326 1300 pag.
357 1250 454 1288 220.

51 1345 72 1357 ,,
95 1310 421 1351 MICROLOGUS
444 1311 627 1351 Musteus
651 1318 817 1352 auctore
843 1315 1021 1354 GUIDO·

41 1373 107 1413 NE
139 1371 305 1411 Aretino
334 1374 440 1411 circa
470 1373 548 1412 An.
579 1375 696 1412 4030.
721 1375 769 1414 de
790 1387 868 1425 quo
893 1387 1016 1427 supra

0 1439 10 1450 ’“
43 1438 139 1473 tom.
170 1435 207 1473 3.
243 1446 331 1485 pag.
367 1435 451 1474 149.

93 1497 266 1535 Joannes
294 1497 546 1544 MiLETUS,
573 1508 693 1547 supra
716 1502 743 1534 t.
772 1499 833 1536 IV.
858 1511 894 1549 p.
922 1500 1011 1537 389.

93 1559 266 1598 Joannes
296 1558 530 1598 MILITIUS
559 1561 647 1597 sive
677 1561 857 1598 MILITZ.
889 1560 982 1598 idid.

103 1620 228 1660 MlLO
249 1619 460 1673 Crispinus
475 1653 487 1670 ‚
509 1622 660 1661 Cantor
681 1623 897 1661 Beccensis
919 1623 1017 1661 Coe-

50 1682 155 1720 nobii
184 1682 222 1720 in
251 1682 492 1720 Normannia
531 1682 624 1721 Ord.
662 1683 866 1722 Benedict.
914 1685 1016 1723 circa

42 1743 118 1784 An.
150 1744 268 1784 4450.
303 1744 465 1794 scripsit.
512 1745 640 1782 Vitam
687 1744 909 1797 Lanfranci
945 1747 1019 1785 Ar-

45 1805 286 1856 chiepiscopi
315 1805 364 1844 ab
393 1805 438 1845 A.
471 1805 588 1845 4070.
613 1807 661 1845 ad
696 1808 813 1846 4089.
845 1809 1020 1847 Cantua-

51 1867 209 1916 riensis,
238 1866 387 1906 editam
417 1869 438 1907 a
469 1867 667 1907 Dacherio
696 1880 789 1907 cum
809 1870 1018 1908 Lanfi·anci

49 1928 247 1980 Operibus
275 1930 397 1968 Paris.
430 1929 548 1969 ⁴646.
574 1930 642 1968 sol.
661 1935 702 1969 et
724 1932 760 1968 in
786 1930 899 1970 Actis
923 1932 1020 1970 San-

48 1994 146 2030 ctor.
176 1995 276 2029 tom.
305 1991 341 2029 6.
371 1990 464 2042 Maji
494 1991 561 2031 28.
593 2004 630 2042 p.
665 1993 758 2032 832.
797 1994 888 2032 847.
928 2005 1018 2032 cum

50 2053 157 2091 notis
187 2052 427 2092 Henschenii
445 2085 456 2102 ‚
477 2059 518 2092 et
543 2055 582 2092 in
604 2055 820 2093 Mabillonii
846 2057 935 2094 Sec.
957 2057 1019 2094 Vl.

43 2119 156 2166 parte
186 2115 225 2155 2.
255 2126 343 2166 pag.
375 2115 466 2154 340.
498 2114 561 2155 Ad
606 2117 757 2155 calcem
790 2118 1021 2157 Lantfranci

42 2176 277 2216 Dacheriani
309 2181 475 2216 exstant
495 2179 670 2228 scriptae
700 2179 750 2217 ab
779 2179 919 2218 eodem
952 2182 1024 2218 Mi—

0 2238 132 2285 glone
160 2237 266 2278 vitae
295 2240 383 2278 sive
413 2239 649 2290 compendia
681 2240 862 2279 Vitarum
887 2241 1024 2280 Abba-

43 2304 130 2340 tum
165 2304 338 2351 quatuor
380 2302 680 2349 Beccensium,
717 2302 785 2351 qui
831 2303 1021 2341 Herluino

42 2360 183 2400 Abbati
214 2363 342 2413 primo
370 2367 412 2401 et
441 2362 633 2401 Anselmo
659 2373 704 2400 se
716 2362 878 2412 cundo,
909 2363 1024 2402 Anno

46 2422 163 2462 4409.
194 2424 373 2461 extincto
402 2427 726 2471 successerunt,
759 2423 948 2462 Guilelmi
976 2425 1022 2463 de

43 2482 282 2522 Bellomonte
305 2515 313 2532 ‚
342 2484 507 2522 Bosonzs
521 2514 533 2533 ,
568 2482 787 2522 Theobalcli
812 2487 879 2535 qui
904 2486 953 2524 ab
977 2486 1020 2524 Α.

45 2544 167 2584 4437.
188 2550 230 2584 et
258 2544 426 2584 Letardi
452 2547 518 2596 qui
549 2546 598 2584 ab
618 2545 664 2583 A.
688 2546 807 2584 4439,
832 2547 878 2584 ad
904 2549 944 2585 44
959 2549 1019 2585 49.

43 2608 229 2659 praefuit.
259 2606 359 2647 Vide
389 2606 438 2646 de
471 2607 534 2646 his
563 2606 790 2646 Abbatibus
815 2609 1020 2647 Sammar—

45 2668 192 2708 thanos
222 2672 320 2707 tom.
349 2667 389 2707 [ι.
420 2668 572 2707 Galliae
597 2668 847 2708 Christianae
878 2681 913 2719 p.
941 2671 1015 2708 439

46 2741 129 2782 seq.
159 2732 216 2770 De
246 2732 330 2770 vita
360 2731 539 2769 Herluini
574 2742 697 2780 quam
732 2730 1017 2770 GILBERTUS

0 2819 1 2834 ι
47 2793 258 2844 Crispinus
304 2794 484 2844 scripsit,
514 2792 596 2830 dixi
632 2798 731 2830 tom.
768 2794 802 2831 3.
834 2805 921 2843 pag.
951 2794 1015 2832 53.

48 2858 90 2892 ot
112 2854 162 2893 de
189 2854 437 2894 EADMERO
462 2855 660 2905 scriptore
686 2856 797 2893 vitae
822 2856 1015 2904 Ansclmi‚

47 2920 144 2954 tom.
174 2916 211 2955 2.
237 2927 324 2967 pag.
352 2917 442 2955 484.
468 2918 547 2956 Hoc
574 2917 767 2955 Anselmo
792 2917 1015 2967 archiprae-

47 2978 134 3016 sule
165 2982 352 3016 narrante
384 2978 584 3028 quaedam
617 2990 660 3017 se
691 2979 897 3018 audivisse
928 2991 1016 3030 pro-

50 3039 187 3079 fitetur
222 3040 260 3078 in
291 3040 498 3078 Lanfranci
542 3041 620 3079 vita
658 3052 694 3078 n.
736 3042 797 3080 54.
837 3042 1016 3092 adeoque

49 3111 140 3140 cum
170 3112 217 3140 eo
247 3105 436 3141 versatus
460 3106 553 3140 ante
582 3102 629 3140 A.
663 3104 782 3142 4409.
814 3105 913 3143 Vitis
939 3105 1018 3144 Ab·

49 3161 187 3203 batum
213 3164 476 3203 Beccensium
495 3163 585 3202 Milo
608 3163 821 3216 subjungit
852 3166 1013 3204 brevem

107 3312 144 3351 b)
166 3314 314 3353 Respicit
340 3312 504 3344 sanderus
529 3311 612 3343 Bibl.
636 3312 724 3351 Belg.
767 3315 1021 3352 Manuscripior.

58 3368 122 3401 pag
145 3360 219 3394 114.

1092 328 1270 366 notitiam
1301 326 1349 365 de
1373 326 1494 366 nobili
1519 339 1663 379 yenere
1689 329 1964 383 Crispinorum
1987 334 2051 372 cui

1094 390 1178 439 ipse
1208 390 1385 438 scilicet,
1415 395 1457 428 ut
1485 390 1715 441 Giibertus‚
1749 394 1852 432 vitae
1880 394 2054 433 herluini

1095 453 1265 501 scriptor
1294 453 1487 503 originem
1519 453 1700 493 debebat.

1153 514 1273 552 MiLO
1297 514 1515 552 Monachus
1541 516 1578 552 S.
1604 516 1776 555 Amandi
1800 519 1888 557 sive
1909 519 2057 558 Aman-

1098 573 1351 624 dopolitanus
1369 575 1417 613 ad
1451 576 1617 615 fluvium
1647 579 1869 628 Elnonem‚
1897 581 1933 618 in
1972 582 2059 620 Bel-

1097 636 1187 685 gio,
1219 637 1256 673 in
1287 636 1458 675 dioecesi
1490 639 1757 688 Tornacensi‚
1787 641 1881 680 Ord.
1912 643 2057 681 Bened.

1097 698 1262 736 scientia
1309 698 1533 737 litterarum
1578 701 1710 739 clarus
1739 704 1843 741 circa
1873 714 1935 741 an.
1967 704 2057 742 810.

1096 764 1137 797 et
1160 759 1349 810 deinceps
1377 771 1503 810 usque
1532 761 1580 800 ad
1614 763 1703 802 871.
1735 776 1812 814 quo
1837 764 1941 803 diem
1962 767 2057 804 obiit

1097 820 1265 872 Scripsit
1295 822 1426 860 adhuc
1466 822 1630 872 juvenis
1662 825 1784 863 Vitam
1813 828 1852 865 S.
1883 827 2060 865 Amandi

1096 882 1363 933 Trajcctensis
1392 885 1574 935 Episcopi
1607 885 1782 924 defuncti
1815 888 1858 925 A.
1890 890 1931 927 C.
1964 890 2056 927 681.

1097 945 1281 984 versibus
1307 945 1552 984 hexametris
1571 948 1605 997 (e
1631 949 1712 986 vita
1738 960 1855 999 quam
1883 952 2055 999 prosario

1097 1017 1280 1044 sermone¹
1306 1007 1687 1049 BAUDEMUNDUS
1707 1012 1740 1058 a)
1766 1016 2056 1062 composuerat)

1095 1067 1143 1106 ad
1174 1069 1417 1116 [laiminum,
1447 1070 1684 1109 Monachum
1713 1072 1985 1119 Vcdastinum‚
2012 1074 2055 1111 Ιί-

1093 1129 1174 1168 bris
1205 1130 1266 1168 1V.
1298 1130 1430 1168 Edidit
1458 1132 1733 1172 ilcnschenius
1761 1136 1796 1172 in
1823 1136 1934 1173 Actis
1959 1136 2056 1174 San-

1094 1196 1190 1229 ctor.
1222 1196 1316 1230 tom.
1352 1194 1384 1229 4.
1426 1193 1535 1231 Febr.
1578 1205 1663 1244 pag.
1704 1196 1792 1234 873.
1842 1198 1931 1234 888.
1961 1209 2053 1236 cum

1094 1254 1225 1291 notis:
1256 1258 1296 1291 et
1338 1254 1590 1293 Mabillonius
1634 1257 1721 1295 Sec..
1753 1258 1788 1295 2.
1820 1257 1908 1296 Act.
1955 1260 2055 1298 San-

1089 1319 1185 1352 ctor.
1217 1314 1363 1352 Bened.
1393 1327 1480 1365 pag.
1510 1317 1601 1354 749.
1633 1328 1716 1367 seq.
1752 1319 1903 1368 Incipit.
1943 1331 2053 1370 prae-

1095 1377 1217 1412 missa
1247 1376 1400 1425 elegia:
1430 1377 1549 1414 Festa
1569 1378 1894 1429 propinquabant
1926 1382 2056 1419 nostri

1091 1435 1326 1474 veneranda
1346 1438 1521 1474 Patroni.
1544 1437 1672 1476 Liber.
1694 1441 1726 1477 4.
1747 1439 1908 1478 Arbiter
1925 1442 2054 1481 Omni-

1086 1500 1227 1548 potens
1254 1496 1454 1536 Izominum
1485 1510 1698 1551 rerumque
1729 1501 1907 1540 Creator.

1149 1560 1380 1598 Sermonem
1413 1559 1460 1598 cle
1505 1561 1763 1600 translatione
1808 1565 1986 1614 corporis
2016 1568 2055 1605 S.

1091 1618 1274 1668 Amancli,
1301 1621 1468 1673 eiusque
1488 1622 1738 1661 ordinatione
1760 1627 1797 1661 et
1811 1624 2055 1666 dedicatione

1095 1681 1230 1733 templi
1253 1684 1289 1720 in
1318 1684 1430 1721 Actis
1455 1685 1633 1723 Sanctor.
1658 1690 1752 1723 tom.
1782 1687 1814 1724 4.
1838 1687 1949 1725 Febr.
1971 1701 2056 1740 pag.

1097 1744 1188 1780 889.
1215 1744 1304 1782 894.
1336 1749 1377 1782 ct
1401 1745 1569 1784 alterum
1593 1745 1639 1784 cle
1659 1746 1872 1786 elevatione
1912 1749 2058 1800 Corpo-

1096 1804 1157 1842 ris
1178 1806 1218 1844 S.-
1244 1805 1429 1844 Amancli.
1455 1818 1540 1857 pag.
1567 1808 1634 1847 894
1682 1810 1772 1847 893.
1797 1815 1835 1848 et
1861 1811 1898 1847 in
1920 1812 2056 1861 Operi-

1094 1866 1171 1905 bus
1205 1867 1417 1906 PHlLlPPl
1454 1868 1667 1921 Haudenyi
1702 1872 1821 1909 Paris.
1859 1877 1899 1909 et
1935 1873 2054 1912 Duaci

1099 1929 1191 1967 4621
1239 1929 1302 1967 fol.

1150 1987 1378 2026 Sermonem
1407 1988 1452 2027 de
1479 1989 1517 2027 S.
1546 1988 1744 2041 Principio
1769 1991 1888 2030 fratre
1913 1994 1956 2031 B.
1984 1994 2056 2031 Rc-

1098 2050 1204 2100 migii
1236 2051 1471 2098 Remensis,
1496 2052 1692 2102 Episcopo
1717 2052 1761 2090 A.
1794 2054 1882 2092 505.
1914 2054 2055 2094 defun-

1096 2114 1160 2148 cto
1194 2112 1472 2150 Svessionensi
1492 2144 1503 2161 ,
1529 2113 1678 2152 editum
1704 2116 1726 2152 a
1754 2115 1868 2154 Surio
1898 2116 1960 2154 27.
1985 2118 2053 2156 Sc—

1098 2173 1305 2223 ptembris.

1157 2235 1293 2273 Libros
1324 2236 1370 2274 II.
1401 2235 1447 2274 de
1473 2235 1588 2274 laude
1604 2237 1824 2288 pudicitiae
1845 2243 1883 2277 et
1909 2238 2054 2279 sobrie-

1100 2295 1194 2334 tatis
1218 2299 1509 2347 Manuscriptos
1532 2300 1567 2335 in
1588 2299 1684 2336 ssibl.
1709 2300 2023 2350 Cantabrigicnsi
2043 2316 2050 2339 :

1097 2360 1163 2407 qui
1189 2360 1296 2396 initio
1320 2360 1446 2397 manci
1475 2361 1511 2396 in
1537 2360 1633 2398 Bibl.
1655 2360 1845 2398 Leidensi.
1871 2363 2049 2400 Meminit

1098 2420 1328 2469 sigebertus
1351 2431 1433 2471 cap.
1468 2421 1554 2459 405,
1590 2423 1709 2471 [ncip.
1741 2421 1917 2461 Glorioso
1953 2426 2048 2473 Περὶ

1098 2481 1236 2520 Caroli
1262 2482 1409 2530 (Calvo)
1447 2481 1544 2521 Milo
1573 2481 1757 2533 supplex.
1795 2484 2048 2534 Principibus

1088 2542 1238 2593 priscis
1269 2548 1405 2582 viltam
1430 2543 1631 2594 placuisse
1658 2544 1886 2582 Camoenas.
1921 2547 2047 2583 i'roio-
2095 2580 2097 2583 .

1093 2616 1185 2654 gum
1209 2605 1391 2654 vulgavit
1407 2607 1572 2654 Magnus
1590 2606 1755 2643 Crusius
1782 2607 1817 2642 in
1844 2606 1938 2643 diss.
1958 2608 2048 2657 lipi-

1091 2665 1229 2702 stolica
1255 2677 1290 2714 p.
1315 2666 1376 2703 42.
1403 2677 1484 2715 seq.
2032 2670 2035 2672 ’

1145 2726 1372 2777 Conslictnm
1400 2726 1504 2764 veris
1528 2731 1564 2764 et
1583 2727 1742 2777 hyemis.
1761 2729 1877 2778 incip.
1898 2728 2047 2767 Conue-

1091 2787 1202 2825 niunt
1225 2786 1354 2826 subito
1381 2789 1513 2826 cuncti
1533 2789 1578 2827 ile
1607 2788 1800 2828 montibus
1821 2789 1925 2827 altis.
1952 2791 2045 2828 Edi-

1093 2850 1150 2887 dit
1173 2849 1356 2888 Oudinus
1382 2855 1474 2888 tom.
1508 2852 1530 2888 2
1570 2862 1654 2900 pag.
1679 2852 1768 2889 32⁴5.
1795 2852 1882 2889 328.

1146 2912 1198 2949 De
1220 2913 1262 2950 S.
1293 2912 1420 2951 Cruce
1457 2913 1626 2951 Carmen
1667 2913 1940 2951 hexametrum
1972 2914 2044 2952 du-

1091 2975 1203 3024 plex,
1242 2976 1277 3011 in
1307 2974 1465 3012 modum
1507 2974 1696 3023 sphaerae
1729 2976 2042 3022 ingeniosissime

1093 3038 1358 3087 compositum
1381 3039 1573 3074 Mannscr.
1594 3037 1745 3074 lilnonc
1766 3036 1811 3074 ad
1835 3039 1870 3074 5.
1897 3038 2044 3076 Aman-

1096 3099 1189 3137 dum
1209 3129 1218 3145 ,
1245 3104 1346 3136 tosto,
1371 3101 1512 3136 Miraco
1536 3098 1581 3135 ad
1609 3098 1800 3142 siff-'eberti
1832 3110 1915 3148 cap.
1956 3101 2043 3138 ¹05.

1144 3162 1326 3199 Carmina
1347 3159 1392 3198 ile
1409 3158 1524 3197 laude
1535 3158 1758 3209 parcitatis.
1777 3160 1905 3199 eidem
1919 3162 2043 3200 Calvo

1167 3309 1200 3347 a)
1224 3310 1326 3347 Supra
1345 3312 1426 3338 tom.
1454 3307 1465 3337 ¹
1494 3316 1568 3346 pag·
1593 3307 1666 3339 490.
