2517 4009
614 212 694 252 DE
745 211 1145 253 PRINCIPIS
1192 208 1517 250 OFFICIIS

85 287 122 326 in
154 285 328 337 reliquos
369 286 476 324 cives
504 288 752 335 occurritur3
783 289 849 338 qui
881 289 1034 338 opibus,

84 355 126 389 et
153 351 276 400 gratia
298 360 368 388 sua
392 349 508 395 freti,
540 350 611 386 nisi
638 361 917 400 oppressorum
944 362 1041 401 que-

86 412 180 452 relis
207 412 256 452 ad
288 412 474 463 principis
495 423 611 450 aures
637 418 771 462 patere
801 413 952 451 aditum
982 414 1036 450 in-

88 475 341 522 tellexerint3
375 473 549 524 plebejos
567 504 576 521 ‚
601 480 640 513 et
667 475 824 514 infimos
857 486 1040 526 quosque

85 549 192 577 nunc
223 536 435 588 rapiendo,
482 548 587 576 nunc
620 537 890 586 verberando,
936 548 1040 576 nunc

85 600 258 641 debitam
278 598 501 638 mercedem
525 600 755 647 abnegzando
778 600 930 650 injuriis
951 612 1042 637 one-

85 675 173 703 rare
198 675 274 702 non
298 663 499 702 desinunt.
526 664 582 703 Ad
608 664 899 715 reprimendam
925 665 1043 714 igitur

84 738 223 766 eorum
249 725 588 769 audaciam,etad
615 733 775 767 caetera
792 727 1040 766 subditorum

84 789 291 831 commoda
310 791 585 841 prospicienda
609 823 616 839 ‚
641 792 671 829 si
699 796 859 841 propter
879 790 1042 835 arduas,

88 853 410 905 multiplicesque
434 857 715 904 occupationes
743 853 777 892 id
805 855 964 903 saepius
982 854 1042 904 agi

86 928 163 956 non
195 918 366 968 poterin
399 918 540 957 saltem
574 930 696 958 unum
739 919 775 956 in
814 928 953 957 mense
978 917 1043 955 de-

91 980 286 1020 stinatum
316 981 526 1020 audiendis
558 980 877 1032 uniuscujusque
906 985 1043 1031 postu-

89 1042 184 1082 latis
213 1043 318 1082 diem
344 1055 433 1082 esse
463 1056 603 1083 omnes
635 1045 869 1094 intelligant.

144 1106 220 1145 Sed
239 1118 330 1146 cum
349 1110 526 1146 omnium
546 1107 767 1146 commodis
785 1106 1044 1145 serviendum

89 1171 166 1218 sit,
198 1171 496 1220 peregrinorum
521 1171 556 1207 in
584 1171 722 1220 primis
767 1169 952 1208 habenda
984 1174 1045 1208 est

85 1233 196 1278 rati0‚
215 1234 280 1282 qui
301 1230 519 1278 exigendae
542 1234 732 1282 pecuniae
748 1243 867 1271 causa
895 1234 931 1270 in
954 1238 1045 1271 tuas

87 1294 208 1334 urbes
237 1294 488 1333 advenerint.
510 1296 646 1346 Neque
674 1295 707 1334 id
731 1300 888 1334 tantum
915 1296 1045 1334 Divini

87 1356 260 1402 honoris,
291 1362 412 1408 atque
438 1357 646 1409 justitiae..
688 1358 756 1396 sed
803 1363 843 1396 et
886 1358 1047 1408 populo-

88 1430 177 1458 rum
197 1424 355 1459 tuorum
380 1421 562 1459 utilitatis
579 1422 703 1470 gratia
721 1420 944 1459 faciendum
959 1421 1044 1458 erit:

87 1486 133 1522 ut
164 1482 235 1533 ipsi
273 1494 432 1534 quoque
480 1483 517 1520 in
561 1483 701 1522 alienis
747 1482 910 1521 urbibus
942 1482 1044 1520 idern

87 1550 400 1595 consequantur.
430 1546 527 1585 Nam
560 1557 653 1584 cum
686 1546 787 1584 sama
815 1544 1048 1596 percrebue-

91 1608 142 1646 rit
170 1620 190 1647 a
221 1613 260 1646 te
289 1609 491 1660 praeclare
514 1620 605 1649 cum
632 1609 811 1647 externis
835 1610 917 1659 agi3
944 1608 1047 1646 idem

89 1668 192 1722 juris
217 1670 255 1708 in
281 1674 372 1710 tuos
394 1671 540 1722 ubique.
570 1672 809 1710 servabitur.
839 1672 919 1710 Nec
949 1672 1048 1708 satis

94 1732 226 1771 mirari
251 1744 435 1783 possum,
461 1733 534 1772 hoc
559 1738 738 1783 tempore
764 1734 1046 1772 nonnullorum

94 1793 300 1835 hominum
351 1797 575 1839 inscitiam,
628 1797 693 1846 qui
745 1795 840 1835 dum
896 1796 1047 1834 civium

92 1866 258 1896 suorum
289 1862 495 1909 protegere
526 1858 737 1896 facultates
768 1857 1047 1907 prohibendis,

93 1918 438 1970 impediendisque
458 1920 733 1958 exactionibus
760 1925 982 1968 conantur3
1013 1920 1047 1957 id

92 1986 228 2031 agunt,
257 1987 302 2020 ut
331 1984 391 2021 sui
423 1994 564 2020 omnes
595 1982 702 2033 apud
747 1987 936 2020 externos
983 1994 1047 2033 po-

93 2042 207 2093 pulos
234 2044 363 2083 claudi
394 2045 467 2083 sibi
495 2044 672 2095 judicia,
703 2049 743 2081 et
777 2044 892 2082 fidem
936 2055 1048 2083 suam

91 2108 319 2156 contemni,
351 2118 396 2146 ac
428 2119 494 2157 pro
528 2107 648 2145 nihilo
680 2106 814 2145 haberi
860 2107 1048 2144 sentiant.

94 2167 231 2218 ltaque
260 2169 364 2219 quod
395 2169 441 2208 ad
475 2170 686 2208 utilitatem
719 2168 969 2207 subditorum
999 2169 1050 2208 fa-

91 2235 201 2270 ctum
232 2242 322 2269 esse.
347 2231 568 2278 videbatur⁷
587 2233 624 2269 in
650 2231 936 2270 detrimentum
961 2243 1050 2270 ver-

97 2294 222 2342 titur3
251 2298 292 2332 et
320 2293 415 2332 dum
448 2306 664 2345 paucorum
696 2295 836 2345 opibus
879 2295 1052 2332 consuli-

92 2361 190 2404 tur,
220 2357 257 2395 in
288 2367 430 2395 omnes
459 2356 593 2395 odium
640 2358 916 2407 perniciesque
959 2367 1051 2394 con-

97 2419 280 2459 trahitur.
315 2419 426 2458 Unde
455 2424 495 2457 et
526 2419 732 2457 hominum
764 2429 1051 2468 saepenumero

94 2483 361 2534 captivitateS,
379 2482 587 2524 mercium,
613 2486 652 2519 et
676 2481 840 2519 aliorum
860 2480 1050 2518 bonorum

91 2545 415 2595 interceptiones3
441 2549 603 2583 mutuae
634 2543 872 2590 inimicitiae,
899 2543 1051 2580 semina

91 2605 264 2658 denique.
280 2607 473 2646 bellorum
495 2607 601 2645 nasei
620 2605 904 2651 solent.Quare
925 2609 967 2643 ut
985 2605 1052 2642 ali-

92 2670 252 2720 quando
274 2669 366 2709 huic
390 2670 489 2720 parti
515 2668 634 2707 finem
655 2668 866 2718 imponam,
887 2678 961 2704 non
984 2667 1054 2704 ini-

93 2745 170 2772 nus
187 2732 407 2784 peregrinis
423 2731 620 2770 adversus
633 2732 882 2780 ciieS,quain
900 2729 1051 2768 civibus

92 2796 196 2836 inter
210 2807 252 2835 se
266 2795 332 2848 jus
353 2800 538 2834 servetur
554 2792 771 2844 aequabile,
790 2797 909 2842 atque
929 2803 973 2828 eo
990 2803 1053 2829 ce-

97 2858 549 2910 lerius.diligentiusque
569 2858 741 2907 ipsorum
760 2855 1052 2892 controversiae.

92 2920 339 2970 decidantur,
358 2932 436 2972 quo
455 2923 490 2958 in
509 2921 631 2958 aliena
653 2919 788 2968 patria.
808 2928 925 2967 quam
948 2915 1052 2953 domi

95 2994 192 3024 suae
211 3013 220 3033 ,
240 2985 332 3024 lites
357 2995 539 3035 persequi
573 2980 860 3019 incommodius
884 2983 957 3015 est.

117 3065 184 3106 111.
203 3065 342 3105 PARS.
361 3064 415 3103 De
435 3075 478 3102 re
498 3060 713 3116 firmiliarz}
728 3063 764 3099 et
779 3055 1035 3109 vecliyalibus

401 3123 744 3165 administrandi&

226 3234 534 3276 uemadmodum
565 3231 700 3272 tuendi
737 3228 888 3279 imperii
935 3238 1051 3277 nego-

99 3300 151 3339 tia
169 3298 451 3352 gubernanda,
478 3295 750 3337 Illustrissima
775 3291 954 3330 lilianoro
975 3301 984 3337 ·,
1012 3295 1051 3327 vt

99 3373 203 3413 quae
232 3362 269 3400 in
296 3359 385 3411 jure
431 3358 599 3399 dicendo
643 3354 838 3395 servanda
884 3358 1045 3400 essent,

99 3428 196 3465 satis
227 3430 270 3464 ut
299 3425 448 3474 opinor,
469 3422 711 3473 explicatum
734 3424 792 3455 est
815 3429 823 3465 3
850 3416 1044 3465 sequitur,

1992 205 2069 247 657

1117 289 1161 323 ut
1192 294 1292 333 quae
1321 282 1367 321 ad
1397 294 1478 320 rem
1503 280 1751 329 familiarem,
1776 280 2073 331 iectigaliaque‚

1115 352 1155 384 et
1186 350 1467 395 proventuum,
1495 349 1618 394 atque
1649 344 1922 393 impensarum
1947 342 2072 382 admi·

1117 409 1393 446 nisti-ationem
1414 409 1611 459 pertinere
1638 406 1861 453 videantur,
1883 418 1927 445 ea
1949 416 2070 456 quam

1117 470 1350 508 broiissirne
1389 481 1617 520 persequar.
1649 469 1732 516 Qua
1765 469 1926 520 quidem
1960 470 1995 506 in
2028 479 2070 506 re

1117 534 1196 571 scio
1228 532 1374 571 multos
1404 544 1505 577 esse,
1536 534 1600 582 qui
1642 533 1714 570 sibi
1746 533 1894 582 primas
1935 534 2068 581 partes

1117 594 1258 633 deferri
1290 600 1469 644 oportere
1500 596 1764 641 arbitrantur3
1801 605 1891 632 cum
1940 599 2072 632 tamen

1117 670 1137 696 a
1164 669 1322 696 summo
1354 658 1508 707 fastigio
1541 670 1625 696 mea
1657 659 1856 696 sententia
1892 656 2076 708 longissi-

1119 732 1181 758 me
1211 721 1356 758 absint.
1388 720 1462 759 Sed
1508 720 1568 758 his
1614 731 1720 759 nunc
1763 721 1949 766 omissis,
1999 729 2070 757 nos

1119 782 1351 821 institutum
1386 788 1564 821 nostrum
1595 793 1774 832 agamus.
1799 784 1972 820 Primum
2001 782 2070 833 igi-

1120 849 1184 883 tur
1229 845 1456 884 reddituum
1501 847 1693 893 omnium,
1742 847 1807 895 qui
1854 846 1982 891 certi,
2028 856 2073 884 ac

1120 906 1284 957 legitimi
1317 913 1424 955 sunt,
1451 913 1531 946 tarn
1564 919 1610 946 ex
1643 913 1746 945 terra
1792 909 2070 956 nascentium,

1119 981 1238 1020 quam
1264 976 1512 1010 caeterorum
1536 971 1792 1009 exactissima
1819 970 1989 1009 tenenda
2012 975 2074 1008 est

1121 1034 1247 1082 rati03
1278 1045 1461 1084 eamque,
1494 1046 1540 1071 ne
1566 1045 1637 1072 nos
1664 1033 1784 1077 fallat,
1805 1033 1851 1071 ad
1875 1033 2072 1072 calculum

1119 1097 1278 1146 saepius
1310 1099 1487 1135 revocari
1522 1101 1689 1147 oportet.
1724 1095 1872 1135 Deinde
1905 1108 1974 1146 pro
2013 1106 2076 1134 eo-

1119 1171 1207 1198 rum
1230 1170 1386 1197 summa
1410 1159 1586 1198 facienda
1607 1164 1865 1198 estaccurata
1886 1159 2077 1198 distribu-

1122 1223 1185 1270 tio,
1218 1227 1261 1261 ut
1286 1222 1332 1261 ad
1365 1221 1650 1261 custodiendas
1680 1233 1805 1271 arces,
1852 1223 2077 1272 militesque

1121 1284 1299 1332 alendos,
1327 1290 1366 1322 et
1396 1291 1566 1333 caetera,
1597 1297 1699 1336 quoe
1733 1297 1801 1336 pro
1838 1295 2077 1323 conservan-

1121 1346 1170 1385 do
1196 1348 1359 1397 imperio
1382 1348 1604 1386 necessaria
1629 1358 1718 1384 esse
1742 1347 1962 1395 docuimuS,
1986 1357 2077 1397 pars

1123 1421 1200 1448 una
1225 1415 1495 1449 convertatur.
1523 1410 1656 1448 Altera
1689 1411 1725 1447 in
1759 1409 1969 1460 pascenda,
2011 1420 2078 1448 ve-

1122 1471 1359 1522 stiendaque
1399 1473 1557 1520 familia,
1588 1478 1625 1511 et
1659 1474 1694 1510 in
1745 1474 1894 1520 uxoris,
1940 1472 2077 1510 libero-

1123 1546 1293 1584 rumque
1310 1534 2080 1585 sumptibUS,aliisquehujusmodi,quae

1123 1597 1170 1635 ad
1199 1600 1302 1636 vitae
1333 1598 1499 1640 cultum,
1527 1598 1842 1648 dignitatemque
1868 1599 2078 1648 pertinent,

1124 1665 1400 1699 consumatur.
1432 1662 1562 1699 Tertia
1606 1662 1780 1707 incertis,
1822 1665 1861 1698 et
1906 1661 1943 1697 in
1993 1659 2079 1697 dies

1128 1723 1407 1761 occurentibus
1450 1724 1643 1773 impensis
1687 1728 1928 1769 reservetur,
1976 1733 2077 1772 quae

1127 1796 1255 1834 neque
1299 1787 1413 1824 vitari
1446 1792 1626 1837 possunt,
1654 1792 1693 1824 et
1729 1785 1917 1834 mojorem
1961 1787 2081 1822 inter·

1126 1845 1234 1894 dum,
1265 1859 1384 1897 quom
1415 1848 1560 1898 quibus
1584 1847 1693 1893 ordo,
1725 1847 1945 1897 modusque
1971 1857 2082 1896 prac-

1126 1908 1262 1947 tinitus
1292 1915 1365 1957 est,
1398 1917 1548 1960 partem
1584 1911 1852 1959 intercipiunt.
1883 1910 2014 1959 Atque
2035 1920 2080 1946 ea

1127 1972 1271 2018 omnia,
1303 1984 1404 2022 quae
1437 1973 1729 2022 prope-suimus,
1761 1973 1811 2010 ita
1836 1970 2075 2009 moderanda

1127 2039 1235 2081 sunt,
1266 2039 1309 2072 ut
1339 2034 1387 2073 ad
1419 2035 1585 2080 subitos,
1625 2040 1663 2073 et
1709 2034 2073 2084 impraemeditatos

1127 2107 1245 2135 casus
1275 2097 1420 2147 aliquid
1454 2102 1572 2135 etiam
1598 2099 1788 2147 pecuniae
1813 2108 1821 2145 ε,
1847 2096 1948 2146 quod
1975 2097 2073 2134 bene

1127 2161 1279 2210 regenti
1310 2159 1533 2199 faciendum
1559 2172 1647 2199 esse
1674 2171 1792 2211 supra
1817 2158 2079 2206 ostendimus)

1127 2234 1329 2273 reponere,
1373 2234 1418 2261 ac
1465 2223 1678 2261 recondere,
1725 2223 1872 2261 valeas.
1915 2222 1957 2260 In
2003 2231 2081 2271 quo

1126 2288 1244 2324 etiam
1278 2285 1369 2323 illud
1403 2292 1440 2324 te
1473 2287 1702 2324 meminisse
1734 2285 1867 2331 velim,
1909 2294 2076 2333 proven-

1127 2353 1240 2387 tuum
1278 2348 1454 2398 quidem,
1500 2359 1544 2386 ac
1591 2348 1841 2397 vectigalium
1888 2347 2079 2384 rationem

1129 2421 1205 2449 non
1237 2411 1441 2457 incertam,
1475 2410 1588 2449 facile
1621 2410 1751 2448 haberi
1792 2419 1930 2459 posse:
1974 2419 2084 2447 sum·

1128 2478 1268 2523 ptuum
1301 2485 1408 2519 ver0,
1439 2478 1478 2511 et
1509 2474 1672 2523 principi
1700 2472 1932 2523 praesertim
1960 2481 2079 2520 quam

1129 2535 1371 2574 difficillime.
1401 2535 1531 2581 Quare
1561 2535 1609 2573 ob
1644 2545 1787 2573 causas
1831 2532 1945 2583 paulo
1992 2537 2084 2570 ante.

1129 2600 1357 2649 explicatas,
1389 2598 1461 2636 hoc
1492 2600 1692 2648 negotium
1725 2597 1781 2634 sic
1811 2594 2079 2633 administrari

1128 2662 1342 2711 oportebit,
1374 2666 1416 2700 ut
1446 2661 1558 2710 longe
1591 2658 1761 2710 majores
1792 2658 1871 2696 sint
1905 2655 2084 2695 redditus

1128 2736 1246 2774 quam
1279 2726 1502 2774 impensum
1533 2723 1636 2772 quod
1673 2723 1746 2759 nisi
1780 2720 1858 2764 fiat,
1890 2730 1980 2758 cum
2013 2717 2080 2756 de-

1130 2789 1316 2825 trimento
1354 2786 1522 2825 afficiat:
1567 2791 1650 2823 tum
1689 2794 1782 2821 vero
1821 2782 2011 2827 dedecus,
2040 2784 2079 2817 et

1131 2851 1330 2887 Infamiam
1356 2848 1568 2898 quamdam
1597 2844 1959 2895 insipientisaffiwt.
1978 2843 2077 2882 Cum

1129 2912 1271 2950 (licitur
1295 2914 1329 2948 in
1358 2913 1478 2948 tantis
1504 2910 1643 2959 opibus
1672 2909 1985 2956 favultotumque
2015 2916 2078 2943 co-

1133 2976 1205 3025 piis
1226 2975 1424 3011 hominem
1449 2974 1545 3011 adeo
1572 2975 1733 3010 rationis
1754 2975 1958 3020 expertem
1976 2978 2080 3009 esse,

1132 3044 1174 3077 ut
1196 3049 1322 3087 neque
1352 3040 1451 3076 xii-es
1477 3046 1570 3075 suos
1589 3037 1714 3072 metiri
1741 3035 1852 3075 sciat,
1878 3037 1927 3068 et.
1955 3035 1997 3069 ut
2021 3033 2070 3067 ita

1129 3099 1279 3150 loquar,
1306 3099 1531 3137 mendicare
1556 3101 1736 3147 cogatur:
1765 3105 1835 3132 noc
1860 3097 2081 3131 assentato-

1130 3165 1240 3201 ribus
1267 3160 1558 3212 pateteciendue
1584 3163 1678 3198 sunt
1714 3168 1843 3202 auree„
1878 3168 1945 3206 qui
1987 3166 2079 3193 eum

1130 3231 1214 3264 tum
1243 3225 1555 3275 magnanimum,
1579 3227 1663 3261 tum
1692 3222 1816 3259 multo
1839 3218 1984 3268 majore
2007 3218 2078 3256 im-

1131 3289 1237 3339 perio
1261 3287 1424 3338 dignuin
1447 3297 1536 3324 esse
1563 3283 1801 3335 praedicent.
1829 3284 1924 3321 Nam
1946 3282 2013 3332 qui
2041 3282 2077 3318 in

1133 3350 1317 3389 mediocri
1364 3349 1520 3388 fortuna
1565 3358 1702 3395 parum
1751 3356 1793 3384 sc
1842 3343 2080 3395 prudentem

1125 3413 1370 3461 ostenderit3
1402 3414 1525 3451 multo
1566 3412 1698 3448 minus
1738 3407 1979 3457 sperandum
2019 3410 2081 3443 est

1709 3491 1786 3529 ⁴234
