2533 4009
461 297 536 333 495

457 363 591 401 sumile
612 364 751 413 prius.
781 360 927 397 editum
959 358 1159 396 Mediolani
1200 359 1317 396 4179.
1354 365 1394 396 ct

458 420 802 474 Qua‹li-‹isscse‘niule
817 418 1018 470 posterius
1043 421 1126 456 sivo
1151 418 1317 457 Paulina
1346 420 1391 458 ad

456 488 665 524 Antonium
692 481 949 520 Alabantlicm
968 511 977 528 ,
1008 482 1240 519 Gener-alem
1271 481 1383 519 Ordi-

457 550 515 585 nis
540 550 764 583 Servorum.
784 543 844 580 cui
870 545 975 592 operi
1003 548 1138 581 auctor
1157 545 1394 582 immortuus

455 611 659 657 ipsumque
678 605 951 654 imperfectum
971 605 1150 643 relictum
1167 610 1247 648 est,
1266 606 1303 642 in
1316 616 1394 655 quo

453 670 580 706 thoma
599 669 721 717 primo
737 667 964 716 comprobat
982 666 1394 706 auctoritatibussseu-

452 731 602 768 tilium.
629 731 862 766 Sanctorum
887 729 1038 767 Veteris
1073 730 1314 768 Testamenti
1355 734 1394 766 et

451 793 655 829 {tortorum
685 791 813 828 Novae
842 792 972 840 Legis:
995 792 1171 830 secundo
1188 791 1395 829 confirmat

450 851 686 889 rationibus.
718 853 833 890 tertio
872 853 1081 903 exemplis.
1126 854 1308 902 Dialogus
1350 851 1396 890 cle

448 914 595 963 ori'yme
619 917 654 951 et
688 925 906 964 prom-essa
947 914 1108 953 Ordinis
1147 916 1395 961 Servorum,

447 976 492 1013 ad
527 977 684 1013 Petrum
710 976 883 1014 Medicen
899 1007 906 1024 ,
924 977 1056 1014 Cosmi
1075 977 1241 1015 senioris
1261 976 1395 1014 filium.

447 1037 589 1075 Confer
634 1039 804 1076 hiarium
841 1038 1091 1076 eruditorum
1128 1038 1262 1076 ltaliae
1300 1041 1395 1075 tom.

446 1100 624 1137 XXVlll.
657 1110 741 1149 pag.
786 1100 873 1138 407.
914 1110 996 1150 seq.
1041 1099 1147 1138 Vitae
1186 1101 1395 1138 Beatorum

444 1160 637 1199 Joachimi
667 1163 856 1200 Senensis
881 1162 927 1201 ad
947 1163 1281 1212 Christophorum
1301 1162 1396 1201 Ord.

446 1226 657 1261 Servorum
689 1224 921 1262 Generalem
940 1254 947 1271 ,
966 1224 1072 1263 edita
1103 1226 1139 1261 in
1160 1224 1283 1263 Actis.
1300 1224 1398 1262 San-

444 1290 538 1322 ctor.
571 1290 597 1322 t.
622 1286 645 1322 Ξ)
673 1285 792 1336 April.
818 1286 879 1324 46.
907 1298 941 1336 p.
968 1286 1062 1325 454.
1084 1297 1152 1325 nec
1177 1297 1253 1324 non
1270 1286 1397 1323 Fran—

442 1347 537 1385 ci'sci
554 1347 762 1393 Senensis,
787 1347 926 1385 Ordin.
955 1350 1115 1386 Servor.
1142 1348 1189 1386 ad
1218 1349 1326 1386 Pium
1346 1348 1390 1385 11.

444 1409 503 1447 Ad
526 1409 696 1447 eundem
728 1409 811 1447 Vita
839 1411 880 1448 S.
918 1409 1161 1449 Catharinae
1200 1409 1396 1449 Senensis.

444 1472 689 1521 Opusculum
716 1471 756 1509 in
778 1471 987 1511 laudemS.
1025 1471 1197 1523 Philippi·
1233 1471 1393 1519 Benitc'i,

445 1534 536 1573 Ord.
560 1535 770 1572 Servorum
805 1536 1092 1573 instauratoris,
1138 1533 1396 1572 Breviarmm

450 1596 603 1634 Dect-ete·
618 1627 626 1642 ,
654 1596 945 1642 Decrelaliam,
972 1596 1089 1635 Sexti
1120 1599 1156 1634 et
1191 1594 1396 1635 Clementi-

443 1670 598 1695 narum.
626 1660 831 1696 Sermones
855 1657 900 1696 cle
925 1658 1093 1697 Sanctis.
1117 1658 1266 1696 Omitto
1294 1668 1394 1707 quae

441 1725 734 1758 commentatus
755 1726 816 1758 est
838 1721 969 1759 italice
987 1723 1023 1758 in
1044 1721 1219 1759 l'salmos
1235 1724 1388 1770 septem

443 1783 743 1832 poenitentiales
767 1787 807 1820 et
830 1782 1056 1821 Orationem
1074 1783 1331 1829 Dominicam,
1350 1783 1386 1819 in

446 1846 641 1891 Litanias,
668 1846 704 1882 in
732 1846 898 1883 Dantem
918 1845 1010 1881 item
1035 1849 1075 1882 01
1112 1845 1363 1883 Petrarcham
1384 1856 1390 1881 :

446 1912 485 1945 et
511 1908 712 1945 historiam
739 1918 783 1945 ac
803 1907 991 1945 miracula
1010 1908 1285 1945 sanctissimae
1303 1908 1397 1944 ima-

444 1971 549 2019 ginis
580 1970 854 2007 Annunciatae
882 1969 1143 2007 Florentinae.
1188 1969 1284 2007 Vide
1310 1968 1396 2007 ΑΤ-

446 2032 730 2070 ΤᾹΥΑΧΤΙΠΒ
758 2032 882 2080 Supra
915 2032 940 2069 l.
973 2032 1060 2070 436.
1079 2036 1118 2069 et
1143 2033 1300 2070 Batiues
1329 2030 1393 2069 Bi-

451 2092 589 2143 blioyr.
621 2093 814 2131 Dantesca
845 2094 888 2132 ll.
919 2095 1007 2132 361.
1037 2094 1137 2141 653.)

498 2156 690 2194 PAULUS
706 2168 754 2193 ex
772 2157 971 2194 Canonico
988 2157 1274 2205 Ratisbonensi,
1306 2157 1399 2195 exul

446 2219 495 2257 ab
521 2220 685 2256 ilenrico
717 2219 897 2268 1v.1mp.
923 2218 1012 2255 inde
1044 2219 1092 2256 al)
1131 2219 1244 2257 Anno
1282 2219 1399 2258 4420.

447 2280 761 2332 Bernfrzeclensis
777 2282 809 2328 a)
827 2282 912 2318 sive
929 2281 1213 2319 Bernrz'etensis
1232 2283 1266 2319 in
1292 2282 1397 2320 dioe-

444 2345 523 2381 cesi
563 2344 795 2393 Augustana
841 2343 1071 2381 Canonicus
1105 2344 1314 2392 Regularis
1354 2355 1398 2382 ac

444 2406 651 2455 Presbyter
675 2406 776 2443 circa
802 2405 876 2443 An.
918 2406 1033 2444 4431.
1073 2407 1232 2456 scripsit
1269 2404 1398 2444 vitam

446 2467 630 2516 Greqori'z'
659 2466 738 2505 VII.
759 2471 797 2504 et
821 2468 923 2505 circa
949 2468 1021 2505 Au.
1050 2469 1163 2506 4459.
1188 2467 1316 2505 Vitam
1353 2468 1396 2505 B·

444 2528 638 2567 Herlacaa
657 2530 824 2580 Virginis
851 2531 997 2567 Boicae.
1022 2530 1239 2580 Utramque
1273 2528 1394 2567 edidit

443 2591 611 2630 Jacobus
635 2593 869 2639 (iretseruS,
898 2604 972 2630 una
1009 2602 1098 2630 cum
1127 2592 1300 2642 apologia
1328 2602 1396 2641 pro

441 2655 603 2691 Baronio
621 2659 756 2691 contra
776 2653 1024 2698 Goldastum,
1043 2654 1256 2704 lngolstad.
1276 2654 1382 2693 4640

445 2718 477 2752 4.
508 2717 678 2766 Utraque
697 2727 836 2754 recusa
855 2721 959 2754 tomo
981 2721 1094 2755 sexto
1112 2717 1288 2755 Gretseri
1306 2727 1397 2766 ope-

446 2790 559 2816 rum:
585 2779 668 2816 Vita
696 2779 886 2817 llerlucae
909 2780 1026 2817 etiam
1049 2780 1085 2816 in
1104 2779 1214 2817 Actis
1234 2779 1398 2817 Sancto-

448 2854 534 2879 rum
561 2845 656 2879 tom.
680 2841 715 2878 2.
743 2840 863 2890 April.
889 2841 937 2878 48
978 2852 1015 2890 p.
1036 2841 1125 2879 552.
1143 2845 1182 2878 et
1200 2842 1286 2879 Vita
1303 2839 1397 2878 Gre-

446 2904 539 2953 gorii
562 2904 746 2954 septimi,
775 2907 801 2939 t.
826 2902 886 2940 vl.
913 2900 999 2951 Maji
1022 2901 1086 2940 25.
1113 2914 1149 2952 p.
1176 2903 1264 2941 443.

506 3062 537 3099 a)
563 3062 642 3093 Vide
666 3061 787 3093 Hundii
826 3061 1024 3102 metropolin
1059 3061 1240 3101 salisburg.
1267 3064 1346 3091 tom.
1372 3060 1404 3092 ⁶2.

446 3120 483 3149 p.
511 3110 579 3142 10⁵2.
604 3120 673 3150 seq.

506 3160 539 3195 b)
567 3161 612 3190 Ab
637 3160 708 3190 Elia
736 3161 912 3200 Propheta.

508 3217 537 3243 c„
565 3209 747 3241 ‚abarbanei
771 3210 809 3240 ad
834 3211 949 3242 Esaae
971 3212 1103 3242 xxxiv.
1129 3218 1203 3250 pag.
1228 3210 1280 3243 55.
1307 3211 1341 3249 b)

507 3255 541 3293 ds
564 3259 719 3289 Tritbrrn.
745 3268 816 3299 cap.
843 3262 914 3292 700.
1092 3296 1094 3298 ,

508 3306 538 3341 ⁴³)
558 3308 600 3334 De
619 3307 731 3338 eodem
750 3310 969 3341 conserendus
988 3311 1134 3341 Mariana
1148 3311 1226 3340 XlX.
1249 3309 1279 3340 8.
1304 3308 1401 3340 rebus

450 3355 583 3391 llispan.
600 3357 736 3385 bzovius
759 3357 799 3387 ad
818 3361 852 3388 Α.
878 3358 967 3389 1598.
987 3368 1077 3390 num.
1102 3359 1151 3390 1⁶2.
1171 3361 1248 3390 Rev.
1267 3358 1399 3390 wolfius

451 3407 558 3432 noctes
578 3403 656 3434 Bihl.
677 3405 773 3435 llvbr.
796 3411 862 3437 tom
902 3407 913 3436 1
935 3417 966 3445 p.
990 3408 1062 3440 912.
1080 3409 1152 3441 965.
1174 3413 1254 3440 tom.
1273 3409 1291 3438 5
1323 3417 1397 3449 pag.

1294 291 1317 327 l'
1340 291 1371 327 A
1396 289 1477 326 [1.
1501 288 1530 325 L.
1552 288 1577 326 S

1522 356 1715 395 PAULUs
1734 357 1898 398 Bonetus
1914 391 1924 408 ,
1947 361 2085 399 vitioso
2114 360 2294 409 Ponetus,
2319 359 2413 398 Nar—

1470 418 1658 456 bonensis
1682 418 1817 457 Gallus
1853 421 2064 461 Carmelita
2097 424 2200 460 circa
2240 422 2410 461 Annum

1473 480 1591 519 4440.
1621 484 1776 529 praeter
1801 480 2008 521 Conciones
2031 483 2078 522 ad
2103 485 2293 535 populum
2318 485 2414 523 scri-

1471 544 1548 593 psit
1577 541 1821 580 viridarium
1844 542 1988 582 Mundi
2009 546 2092 583 sive
2112 545 2160 585 de
2185 551 2273 585 ortu
2293 575 2301 594 ,
2335 546 2413 585 fru—

1470 604 1583 654 gibus
1607 609 1647 642 et
1667 604 1829 643 lloribus
1853 605 2055 655 religiosae
2079 618 2173 647 suae
2207 608 2411 648 Heliadum

1469 666 1507 714 b)
1537 665 1709 714 militiae,
1735 666 1807 705 hoc
1825 671 1887 705 est
1911 667 2155 708 Carmelitar.
2179 671 2298 710 libros
2316 675 2415 710 tres.

1472 727 2269 780 VideAlegriinaradis.Carmelit.decoris
2285 733 2415 783 p.327.

1523 791 1716 829 PAULUS
1759 790 1976 841 Burqensis
2006 792 2091 829 sive
2121 791 2169 830 de
2199 794 2329 845 Burqo
2358 795 2418 832 in-

1470 857 1530 890 ter
1553 852 1724 891 Judaeos
1752 858 1867 891 antea
1897 852 2028 892 dictus
2044 851 2228 892 Salomon
2244 855 2354 902 Levi,
2383 856 2417 904 a)

1472 914 1561 953 inde
1592 915 1758 953 lectione
1788 916 2026 965 scriptorum
2052 915 2224 954 Thomae
2248 917 2420 967 Aquina-

1471 978 1543 1026 tis,
1574 979 1698 1028 prima
1724 977 1921 1016 secundae
1951 989 2016 1028 qu.
2041 978 2102 1017 93.
2129 977 2216 1017 406.
2241 977 2290 1018 de
2313 980 2422 1030 Legi·

1471 1040 1546 1078 bus
1566 1044 1606 1077 et
1631 1041 1744 1091 Legis
1770 1050 1895 1078 novae
1919 1041 2211 1090 comparatione
2234 1051 2325 1079 cum
2349 1041 2423 1080 Ve-

1471 1102 1541 1139 teri
1572 1101 1776 1151 professus
1806 1112 1848 1140 se
1883 1105 2107 1152 permotum
2137 1106 2180 1142 ut
2208 1112 2300 1142 cum
2331 1102 2420 1142 filiis

1472 1163 1599 1202 tribus
1627 1163 1702 1202 An.
1733 1164 1847 1203 4390.
1885 1164 2050 1203 CHristo
2098 1175 2242 1203 nomen
2286 1164 2422 1214 daret,

1474 1226 1600 1264 factus
1629 1225 1703 1264 An.
1738 1226 1852 1274 4402.
1882 1226 2207 1277 Carthaginensis
2230 1227 2267 1265 in
2289 1227 2426 1278 Hispa-

1474 1289 1548 1336 nia,
1571 1293 1610 1326 et
1633 1288 1682 1326 ab
1711 1288 1786 1327 An.
1811 1289 1926 1328 4445.
1949 1287 2168 1340 Barqensis
2190 1289 2423 1340 Episcopus,

1471 1354 1511 1387 et
1541 1349 1923 1389 Archicancellarius
1951 1351 1987 1400 b)
2017 1351 2134 1401 Regis
2163 1351 2358 1390 Castellae
2387 1355 2427 1390 et

1473 1413 1670 1463 Legionis,
1700 1413 1858 1463 scripsit
1888 1412 1964 1451 An.
1996 1413 2111 1453 4432.
2141 1424 2245 1452 anno
2274 1416 2428 1464 octoge-

1477 1475 1576 1512 simo
1603 1474 1777 1513 secundo
1806 1476 1947 1514 aetatis
1976 1475 2211 1514 scrutinium
2252 1474 2429 1527 Scripta-

1472 1547 1641 1584 rarum,
1667 1538 1752 1575 sive
1776 1536 1984 1588 Dz'aloqum
2009 1536 2130 1577 Sauli
2147 1541 2184 1576 et
2207 1535 2318 1576 Pauli
2337 1548 2430 1576 con-

1473 1603 1529 1637 tra
1574 1598 1772 1646 1003003,
1803 1599 1976 1638 divisum
2022 1600 2202 1649 partibus
2245 1600 2426 1639 duabus:

1471 1671 1638 1710 quarum
1671 1662 1774 1711 prior
1804 1660 2126 1700 distinctionibus
2154 1662 2202 1700 X.
2233 1665 2273 1699 et
2297 1665 2429 1712 poste-

1472 1723 1548 1760 rior
1578 1722 1900 1761 distinctionibus
1935 1734 2006 1761 sex
2050 1722 2319 1774 dispescitur,
2349 1722 2431 1761 edi-

1474 1788 1558 1822 tum
1580 1786 1758 1822 Mantuae
1785 1784 1886 1823 4475
1908 1784 1970 1823 fol.
1995 1784 2139 1823 deinde
2158 1785 2305 1824 Romae
2325 1784 2429 1835 apud

1478 1845 1701 1885 Uldaricum
1735 1846 1918 1894 Gallum,
1949 1857 2021 1884 nec
2051 1857 2126 1884 non
2173 1847 2330 1887 Parisiis
2366 1846 2430 1884 fol.

1470 1909 1555 1947 sine
1584 1909 1674 1947 anni
1707 1913 1798 1946 nota
1827 1913 1867 1946 et
1898 1909 2039 1959 Burgis
2070 1908 2186 1948 4549.
2219 1909 2335 1948 4596.
2367 1908 2430 1948 fol.

1470 1982 1519 2008 ex
1572 1971 1802 2009 recensione
1853 1969 2124 2020 Christophori
2173 1971 2398 2010 Sanctotisii
2416 2002 2428 2019 ,

1472 2033 1686 2082 Burgensis
1717 2033 1995 2083 Augustiniani
2027 2033 2166 2071 Vicarii
2196 2032 2430 2081 Generalis,

1474 2099 1540 2144 qui
1572 2094 1818 2145 praeludium
1850 2094 2257 2145 dissertationemque
2286 2095 2334 2134 de
2355 2096 2433 2133 ori-

1474 2159 1562 2208 gine
1581 2157 1870 2196 haereticorum
1891 2186 1899 2204 ,
1925 2161 1965 2195 et
1986 2157 2109 2195 vitam
2136 2156 2244 2196 Pauli
2268 2157 2300 2205 c)
2323 2167 2434 2207 prae-

1475 2220 1605 2268 misit,
1637 2221 1673 2256 in
1705 2230 1784 2269 qua
1817 2220 1919 2256 inter
1943 2218 2018 2256 alia
2043 2223 2178 2257 narrat
2202 2218 2326 2257 multa
2347 2218 2434 2258 mil-

1476 2281 1524 2319 lia
1570 2281 1810 2319 Judaeorum
1859 2281 2167 2330 Maurorumque
2208 2279 2257 2318 ab
2299 2291 2344 2317 eo
2385 2279 2434 2318 ad

1472 2344 1681 2382 Cili-istum
1726 2341 1896 2381 adducta
1935 2351 2051 2390 esse,
2082 2341 2270 2392 diemque
2302 2342 2433 2392 ipsum

1471 2406 1618 2444 obiisse
1649 2406 1721 2444 An.
1758 2405 1871 2442 4435.
1896 2404 1960 2442 29.
1985 2402 2083 2453 Aug.
2107 2403 2298 2454 Ejusdem
2325 2403 2432 2442 Pauli

1472 2472 1568 2507 sunt
1597 2469 1838 2518 compositae
1867 2466 1915 2505 A.
1947 2465 2048 2505 4429
2079 2465 2127 2504 ad
2158 2465 2281 2504 filium
2313 2475 2432 2504 suum

1471 2531 1720 2581 Alphonsum
1745 2528 1966 2568 additiones
1989 2527 2044 2566 ad
2065 2526 2223 2567 Nicolai
2245 2528 2374 2579 Lyrae
2397 2528 2432 2576 c)

1466 2591 1649 2643 postillas
1680 2594 1719 2629 in
1749 2593 1788 2631 S.
1813 2591 2069 2642 Scripturam
2087 2621 2098 2639 ,
2129 2589 2177 2628 de
2206 2590 2350 2640 quibus
2382 2590 2434 2627 si-

1473 2660 1541 2693 cut
1558 2660 1597 2693 et
1621 2655 1669 2693 de
1694 2653 1884 2693 Matthiae
1905 2651 2088 2703 Dorz’nyii
2109 2651 2267 2702 replicis
2282 2651 2434 2690 dictum

1471 2728 1589 2767 supra
1621 2729 1706 2767 pag.
1755 2715 1819 2754 48.
1865 2716 1907 2753 In
1935 2714 2012 2752 illis
2041 2712 2306 2751 additionibus
2335 2714 2434 2751 Pau-

1472 2778 1534 2816 lus
1581 2777 1785 2816 Talmudis
1829 2777 1971 2826 placita
2001 2786 2078 2812 non
2111 2785 2198 2812 raro
2229 2775 2432 2824 exagitat,

1472 2840 1723 2889 ,ludaeosque
1739 2841 1952 2889 oppugnat,
1974 2841 2017 2875 ut
2033 2835 2081 2874 ad
2099 2835 2240 2875 Esaiae
2250 2836 2431 2875 XXXIV.

1475 2902 1683 2940 Zachariae
1711 2902 1752 2939 V.
1778 2905 1818 2939 et
1838 2901 1983 2950 passim
2007 2899 2108 2937 alibi.
2135 2897 2289 2938 Confer.
2315 2896 2424 2936 Rich.

1466 3061 1541 3092 897.
1563 3070 1632 3102 seq.
1662 3061 1736 3093 950.
1761 3065 1841 3092 tom.
1866 3060 1883 3091 4
1908 3068 1981 3100 pag.
2013 3058 2086 3090 948.
2113 3062 2145 3090 ct
2167 3058 2208 3090 ad
2232 3058 2387 3098 Hispania
2402 3065 2434 3088 m

1468 3112 1674 3143 orientalem
1712 3111 1886 3143 Colomesii
1914 3118 1989 3150 pag.
2015 3107 2090 3140 212.
2114 3115 2184 3147 seq.
2208 3107 2364 3138 'rhomam
2398 3107 2438 3137 de

1468 3163 1593 3194 Pinedo
1611 3161 1651 3192 ad
1675 3161 1878 3200 Stephanum
1900 3162 1963 3198 Byz
1987 3166 2062 3199 pag.
2084 3157 2161 3190 565.
2181 3164 2252 3196 seq.
2277 3156 2352 3187 Nic.
2373 3158 2439 3186 An-

1465 3213 1551 3242 tonii
1573 3211 1656 3242 Bibl.
1680 3215 1823 3242 veterem
1846 3212 1983 3250 Hispan.
2007 3210 2044 3241 X.
2067 3208 2099 3239 5.
2116 3210 2198 3238 tom.
2214 3204 2245 3237 Ξ.
2269 3213 2343 3245 pag.
2362 3203 2437 3237 157.

1464 3269 1532 3301 seq.
1564 3263 1721 3292 miraeum
1754 3262 1787 3291 in
1811 3261 1961 3291 auctario
1986 3265 2060 3297 cap.
2085 3255 2162 3288 449.
2187 3254 2438 3286 flornbeckium

1465 3311 1503 3341 de
1527 3309 1769 3342 convincendis
1793 3308 1926 3341 ,ludaeis
1950 3308 2026 3349 pag.
2050 3307 2080 3337 8.
2105 3309 2170 3337 etc.

1522 3359 1560 3398 s)
1583 3359 1815 3399 Unschulaiqe
1837 3356 2071 3390 Nackrichten
2093 3358 2127 3387 Α.
2153 3353 2243 3385 1720.
2267 3359 2343 3392 pag.
2363 3353 2437 3387 378.

1463 3417 1537 3448 seq.
1557 3409 1628 3440 549.
1654 3417 1722 3447 seq.
