2533 4009
451 203 527 242 3⁵68

450 273 592 309 tim'ano

451 336 530 383 ipse
567 327 713 365 occisus
749 320 801 357 ad
841 317 941 353 alnas
978 313 1112 350 lauros
1154 311 1275 348 XVII.
1304 307 1394 347 Kal.

449 390 593 442 ⁴„qn-ilis
638 390 673 421 e!
717 381 868 418 levatus
927 373 1137 411 Petronius
1185 371 1394 409 Maoeimus

452 450 693 499 Imperator.
732 440 802 491 qni
836 436 980 475 mxli.
1018 434 1079 471 (lie
1119 432 1295 472 occisus.
1324 441 1396 481 per

449 508 583 546 urbem
615 505 775 541 tractus.

501 569 561 606 lll.
586 567 619 604 3.
644 576 678 613 p.
707 561 791 601 48'4.
811 564 891 597 not.
910 554 1166 609 Diffibulant)
1191 553 1280 592 add.
1307 554 1399 590 Pru-

448 615 552 666 dent.
577 621 858 674 psychomach.
878 642 927 647 —
957 621 995 656 et
1011 614 1165 655 avulsis
1186 611 1403 663 eoesfibulat

450 688 516 726 ilia
541 687 672 724 Zonis.

506 761 539 798 p.
568 746 652 784 185.
683 742 820 781 Palam
836 739 972 793 officiis
993 734 1299 788 eaeequialibus)
1319 734 1404 771 Jor-

458 808 606 847 nandes
629 817 660 844 c.
689 806 721 841 li.
749 805 957 852 Quumque
982 798 1132 836 (liutius
1157 801 1225 834 etc.

504 881 539 918 p.
567 867 652 906 186.
679 869 757 903 not.
781 861 999 902 Historiam
1023 858 1184 904 tea-ere)
1217 856 1304 894 add.
1337 857 1405 892 La-

453 931 626 969 ctantius
651 927 673 965 l.
702 928 734 963 1.
761 936 794 962 c.
817 926 879 962 11.
903 924 946 960 D.
975 922 1130 958 llicron.
1157 918 1204 955 dc
1229 918 1326 954 viris
1365 917 1407 954 il-

456 992 568 1029 lustr.
593 1000 625 1027 c.
654 986 740 1025 132.
768 986 882 1023 Corn.
908 984 1038 1032 Nepos
1060 981 1096 1017 in
1119 980 1249 1017 Attico
1273 1008 1280 1025 ,
1311 979 1407 1016 Mar-

463 1051 701 1101 tyrologium
728 1049 947 1085 Romanum
974 1043 1054 1080 Vll.
1080 1041 1172 1079 ldus
1196 1040 1352 1089 Aprilis.

505 1112 568 1149 Ill.
597 1110 656 1148 13.
685 1120 719 1157 p.
744 1108 834 1145 211.
853 1109 932 1142 not.
952 1099 1309 1142 Concinnatoribus
1329 1098 1408 1136 cri-

453 1172 626 1217 minum)
653 1168 740 1207 add.
767 1166 933 1204 Rufinus
956 1164 1020 1202 lib.
1047 1163 1083 1201 6.
1100 1173 1134 1201 c.
1151 1162 1288 1199 6.hist.
1310 1160 1409 1199 Con-

459 1234 590 1271 cinnat
614 1231 735 1280 iqitur
759 1227 956 1266 adversus
981 1236 1067 1263 eum
1086 1222 1232 1275 infame
1247 1222 1346 1261 satis
1361 1231 1409 1257 ac

455 1294 618 1333 noxium
642 1291 806 1329 crimen.

508 1356 556 1393 id.
583 1358 660 1392 not.
691 1351 737 1391 Si
757 1349 876 1402 quid)
915 1347 1187 1386 Tertullianus
1227 1347 1264 1382 iu
1297 1343 1409 1393 Apol.

456 1428 531 1455 non
551 1427 633 1466 qua
652 1423 772 1465 penes
805 1421 873 1450 vos
906 1408 1085 1460 parasiti
1122 1406 1331 1456 affectant,
1358 1403 1412 1441 act

453 1477 620 1529 9loriam
633 1471 892 1527 famulandae
922 1468 1143 1515 libertatis,
1174 1465 1247 1505 sub
1276 1469 1410 1503 aucto-

457 1541 634 1576 ramento
657 1533 809 1575 ventris
825 1564 835 1580 ‚
862 1532 965 1569 inter
994 1527 1276 1574 contumelias,
1306 1526 1410 1576 sapi—

456 1598 588 1636 nandi.

512 1671 548 1709 p.
574 1659 663 1697 212.
690 1661 767 1694 not.
807 1651 1110 1699 Faeculentiae)
1149 1650 1236 1688 add.
1282 1650 1411 1687 Pacia-

459 1731 535 1759 nus
565 1721 601 1757 in
632 1717 862 1769 paraenesi.
893 1717 1012 1764 atque
1043 1715 1089 1749 ut
1124 1721 1283 1749 coenum
1316 1707 1413 1748 solet

462 1784 543 1818 tum
566 1779 745 1817 mamime
768 1776 939 1827 faetere,
962 1785 1050 1812 cum
1070 1783 1240 1811 moveas.

518 1853 553 1890 p.
579 1840 668 1877 215.
695 1842 772 1875 not.
801 1835 973 1873 Pruritu
997 1837 1005 1881 )
1030 1834 1118 1872 add.
1147 1832 1318 1880 Pruriqo
1349 1830 1412 1867 ol)-

465 1901 739 1939 trectationum
756 1928 764 1944 ,
784 1897 995 1934 Caesarius
1016 1893 1149 1931 homil.
1175 1892 1221 1929 ad
1245 1892 1411 1941 plebem.

465 1963 509 1999 D.
527 1963 679 2000 Hieron.
698 1958 745 1997 ad
774 1957 1034 2006 Nepotianum
1068 1953 1201 2002 lzfnqua
1216 1953 1414 2002 pruriens.

525 2035 563 2073 p.
588 2021 677 2060 217.
705 2024 783 2057 not.
813 2014 1019 2067 Improbus
1038 2013 1177 2062 (lictis)
1201 2013 1289 2051 add.
1315 2014 1418 2050 Isaa-

469 2094 541 2121 cus
569 2081 778 2132 presbyter
807 2078 855 2116 de
887 2076 1022 2114 mundi
1057 2078 1286 2123 contemptu
1325 2085 1359 2111 c.
1380 2074 1417 2110 2.

471 2143 568 2191 Quis
612 2140 775 2190 (liliyens
816 2136 1059 2188 turpiloquia
1106 2138 1231 2186 potest
1274 2133 1418 2172 habere

468 2202 653 2241 mundam
674 2198 867 2238 mentem?

521 2265 582 2301 IV.
610 2266 643 2301 1.
687 2273 722 2311 p.
761 2260 849 2298 223.
896 2262 974 2296 not.
1009 2257 1111 2295 Nam
1155 2255 1416 2307 facultatum)

469 2324 736 2363 Tertullianus
760 2321 860 2371 apol.
897 2318 960 2358 vel
994 2318 1090 2369 quia
1114 2329 1165 2355 ex
1190 2315 1419 2356 substantia

467 2383 665 2436 familiari
700 2381 851 2434 fratres
883 2391 1047 2421 sumus.
1072 2390 1174 2430 quae
1205 2389 1325 2428 penes
1352 2389 1420 2416 vos

469 2445 553 2497 fere
578 2443 729 2483 dirimit
755 2442 1063 2494 fraternitatem.

522 2506 610 2544 ibid.
636 2516 705 2555 pos
733 2504 879 2541 verba:
922 2504 963 2540 D.
1004 2502 1187 2540 Ambros.
1225 2500 1273 2538 de
1319 2501 1417 2538 lide:

466 2567 555 2606 add.
595 2567 697 2604 idem
741 2566 776 2601 in
823 2566 948 2602 Lucae
984 2574 1015 2601 c.
1059 2563 1119 2601 12.
1146 2562 1208 2600 lib.
1233 2561 1268 2598 7.
1299 2573 1331 2599 c.
1360 2561 1418 2598 17.

468 2640 556 2666 cum
580 2627 681 2665 inter
695 2625 848 2677 fratres
870 2624 1158 2674 patrimonium
1181 2634 1256 2660 non
1269 2621 1420 2673 Judeoe,

467 2689 536 2727 sed
554 2689 682 2739 pietas
706 2690 912 2737 sequestra
934 2684 1075 2724 debeat
1099 2684 1288 2722 dividere.

523 2751 582 2788 lv.
609 2750 643 2787 3.
669 2761 704 2798 p.
730 2750 819 2786 231.
845 2753 922 2785 not.
947 2747 1090 2784 Incitat
1112 2749 1156 2782 ut
1178 2744 1421 2793 curio)add.

470 2811 615 2849 Euseb.
646 2821 666 2847 a
692 2811 737 2847 M.
758 2810 802 2846 D.
828 2808 1094 2847 CCCCXLIV.
1120 2807 1156 2843 in
1182 2807 1326 2844 Chron.
1347 2806 1424 2843 Cu-

470 2872 531 2909 rio
545 2873 752 2922 promptus
773 2873 810 2906 et
828 2868 1035 2920 popularis
1055 2870 1203 2904 orator.

524 2933 584 2970 lv.
625 2933 657 2969 4.
698 2932 787 2968 236.
830 2936 908 2967 not.
951 2928 1148 2980 Disposita
1182 2925 1420 2978 confundat)

471 2994 558 3031 add.
598 2993 698 3029 idom
738 3004 798 3041 ep.
837 2992 898 3029 339.
929 2992 952 3028 1.
991 2991 1025 3027 6.
1052 2989 1089 3027 si
1109 2987 1207 3026 nihil
1234 2988 1423 3039 disposita

475 3052 688 3090 conturbet.
721 3052 942 3089 lzotlialdus
966 3051 1012 3089 ad
1039 3050 1238 3088 Nicolaum
1267 3051 1333 3086 l’l’.
1366 3048 1421 3085 ita

475 3113 701 3163 dispositum
713 3113 792 3150 Deo
808 3112 1033 3151 auxiliante
1049 3111 1206 3148 minime
1222 3109 1418 3160 differam.

530 3174 589 3208 lv.
628 3175 660 3210 4.
701 3186 737 3222 p.
781 3174 866 3212 237.
909 3177 987 3210 not.
1028 3172 1289 3218 Portitorem)
1332 3171 1421 3208 add.

478 3231 576 3267 idem
602 3234 753 3270 llicron.
777 3237 813 3270 in
841 3234 958 3283 praef.
983 3234 1072 3271 bist.
1103 3234 1140 3270 S.
1173 3233 1331 3270 Antonii
1353 3261 1362 3280 ,
1385 3244 1421 3270 c.

1247 175 1604 217 SIDONIUS

633 265 735 303 VlJl.
769 264 803 297 et
839 254 1051 294 ,Anthemio
1096 249 1391 288 Valentinianus
1465 246 1528 283 61.
1551 245 1723 281 Faustus
1747 239 1901 278 Ruricio
1922 253 1982 289 op.
2009 242 2042 278 3.
2067 240 2101 276 8.
2128 239 2165 275 9.
2189 238 2239 275 Et
2271 236 2419 287 passim

1466 304 1649 344 Ruricius
1674 302 1711 338 in
1733 301 1924 351 epistolis.

1523 365 1586 403 IV.
1625 364 1687 401 11.
1731 373 1766 411 p.
1809 362 1898 400 252.
1944 365 2023 398 not.
2070 358 2300 402 Vicariam)
2331 355 2423 396 add.

1470 425 1560 463 vide
1584 422 1768 462 Carolum
1794 422 1840 459 M.
1866 421 1890 459 l.
1916 422 1950 459 7.
1976 432 2010 459 c.
2036 420 2124 459 313.

1525 497 1562 535 p.
1585 484 1675 522 254.
1702 486 1782 520 not.
1809 480 1857 518 Et
1873 480 2009 529 verbi)
2032 481 2119 520 add.
2160 479 2358 518 Arnobius
2383 479 2420 515 in

1475 546 1618 585 Psalm.
1641 544 1729 582 139.

1527 619 1565 656 p.
1599 604 1691 643 256.
1732 607 1813 641 not.
1855 602 1958 640 Nam
1997 601 2041 640 de
2080 601 2310 652 Pontificis)
2344 599 2434 638 add.

1477 669 1579 718 Ergo
1602 677 1652 704 ex
1679 664 1740 701 bis
1765 663 1953 701 versibus
1977 664 2015 699 in
2046 663 2314 702 adulterinum
2344 671 2435 699 sen—

1478 739 1567 767 sum
1615 724 1807 764 contortis
1845 724 2049 761 Romanus
2095 723 2343 773 antiquarius
2390 732 2436 759 eo

1479 789 1674 834 divertit,
1709 790 1752 823 ut
1793 787 1939 834 putet,
1976 783 2179 822 dioeceses
2215 784 2437 822 Gallicanas

1480 852 1678 888 Romanae
1702 845 1784 884 sedi
1811 844 2041 883 immediate
2062 844 2195 897 fuisset
2213 843 2436 894 subjectas,

1481 909 1584 960 quod
1625 917 1836 947 erroneum
1879 910 1966 954 est,
2006 910 2047 943 et
2083 916 2104 943 a
2142 903 2288 942 Sidonii
2316 913 2439 942 sensu

1482 968 1889 1017 alienissimum,qui
1911 978 1960 1005 ne
1994 965 2155 1016 quidem
2189 965 2355 1003 verbum
2391 964 2440 1002 de

1482 1035 1658 1071 Romano
1684 1029 1870 1068 pontifice
1893 1030 1929 1066 in
1955 1039 2073 1078 opere
2097 1037 2171 1066 suo
2196 1026 2300 1065 fecit.

1538 1093 1601 1131 lV.
1638 1092 1698 1130 12.
1739 1102 1776 1140 p.
1811 1090 1904 1128 257.
1938 1093 2017 1127 not.
2041 1089 2167 1128 Motus
2189 1085 2439 1132 animorum)

1488 1154 1577 1193 add.
1601 1165 1638 1191 v.
1668 1153 1757 1191 259.
2283 1184 2289 1186 .

1540 1228 1576 1266 p.
1603 1215 1692 1253 258.
1721 1218 1799 1252 not.
1823 1213 1911 1264 Ipse
1935 1210 2076 1260 etiam)
2093 1209 2183 1250 add.
2206 1208 2443 1259 Anonymus

1486 1279 1522 1315 in
1549 1278 1629 1314 vita
1659 1275 1857 1325 Fulgentii
1882 1285 1916 1312 c.
1937 1275 1971 1312 1.

1538 1338 1598 1376 lV.
1626 1338 1689 1375 13.
1716 1348 1752 1386 p.
1778 1336 1868 1374 259.
1895 1339 1975 1372 not.
2003 1331 2282 1373 Cantillensem
2313 1328 2444 1369 Eccle-

1483 1398 1585 1437 siam
1608 1399 1615 1445 >
1641 1397 1730 1436 add.
1753 1401 1842 1446 post
1862 1407 2001 1434 vocem
2034 1395 2266 1433 obfirmata:
2306 1393 2347 1430 in
2386 1390 2444 1430 Vi-

1485 1460 1599 1497 caria
1617 1457 1860 1498 Cantellensi
1874 1488 1884 1505 ‚
1912 1455 2090 1495 Ecclesia
2107 1453 2292 1495 vocaculo
2309 1453 2445 1492 Navas

1483 1531 1571 1558 cum
1604 1521 1770 1567 mansis,
1795 1522 1833 1556 et
1861 1517 2012 1556 cunctis
2049 1515 2128 1555 sibi
2167 1512 2442 1566 actjacenabus

1486 1583 1618 1620 terris.
1644 1582 1696 1620 Et
1721 1580 1795 1618 sub
1818 1579 1962 1617 finem.-
1989 1580 2074 1616 Vet.
2106 1577 2255 1615 Tabula
2286 1577 2444 1614 Peutin-

1484 1644 1564 1693 geri
1584 1655 1591 1680 ε
1619 1640 1804 1681 Cantelia
1828 1640 2212 1690 Auqustonemetum.

1539 1716 1574 1753 p.
1596 1704 1684 1741 260.
1720 1706 1798 1739 not.
1830 1699 2102 1748 Barba)add.
2131 1701 2193 1739 Ex
2227 1699 2300 1738 hac
2329 1699 2441 1749 epist.

1485 1767 1623 1803 Baron.
1650 1768 1730 1801 tom
1759 1764 1787 1800 l.
1810 1763 1901 1801 a.C.
1921 1763 1983 1800 58.
2004 1760 2206 1811 Cuyckius
2225 1760 2441 1800 Rurimun-

1464 1822 1622 1863 ‘densis
1647 1826 1777 1874 Episc.
1799 1825 1835 1861 in
1858 1835 1917 1873 ep.
1931 1822 2176 1873 paraenetica
2197 1821 2245 1860 ad
2270 1822 2443 1869 Clerum,

1490 1892 1530 1924 et
1550 1887 1740 1924 Canisius
1765 1887 1801 1922 in
1823 1884 2036 1922 Alcuinum
2061 1894 2121 1933 ep.
2147 1883 2209 1922 38.
2234 1883 2413 1922 scribunt
2434 1910 2443 1928 ,

1490 1949 1707 1997 Episcopos
1749 1946 1966 1983 Galliarum
2004 1944 2123 1982 barba
2161 1954 2271 1982 rasos
2309 1943 2442 1982 fuisse.

1491 2009 1589 2046 Cum
1624 2018 1670 2044 cx
1701 2017 1745 2043 ea
1776 2007 2029 2055 perspicuum
2062 2006 2135 2052 sit,
2164 2005 2444 2043 Germanicum

1494 2070 1622 2106 virum
1650 2066 1906 2117 spectabilem
1931 2078 2045 2114 esse,
2076 2077 2152 2103 uon
2178 2066 2443 2115 Episcopum,

1491 2130 1560 2178 qui
1581 2130 1731 2167 crinem
1758 2129 1859 2165 Deae
1884 2127 2068 2177 Politiae,
2094 2138 2169 2165 non
2202 2131 2334 2165 autem
2368 2128 2447 2165 Deo

1494 2194 1659 2227 voverat
1686 2217 1694 2236 ‚
1717 2200 1836 2237 quem
1862 2189 2117 2227 senissimum
2142 2194 2186 2227 ut
2217 2187 2265 2227 ad
2300 2189 2449 2238 profes-

1498 2252 1648 2288 sionem
1674 2249 1871 2299 religionis
1895 2249 2156 2299 arripiendam
2187 2249 2349 2287 Vectius
2378 2250 2448 2286 im-

1494 2312 1684 2361 pelleret⁷
1734 2311 1910 2348 Vectium
1968 2310 2179 2360 compellat
2234 2309 2419 2348 Sidonius
2439 2337 2447 2356 ,

1493 2383 1667 2422 quemve
1695 2370 1922 2417 Sacerdotis
1938 2376 2090 2420 patrem
2107 2402 2118 2420 ,
2135 2371 2340 2421 filiumque
2356 2382 2450 2422 pon-
2502 2363 2503 2366 ¹

1494 2436 1610 2473 tilicis
1633 2462 1640 2479 ,
1690 2444 1766 2470 non
1813 2443 1908 2471 vero
1957 2432 2182 2471 Pontificem
2227 2432 2448 2483 praedicat,

1493 2495 1593 2533 adde
1617 2493 1720 2544 quod
1747 2495 1987 2533 Cantilensis
2019 2494 2192 2533 Ecclesia
2241 2505 2445 2544 nunquam

1496 2557 1567 2594 fuit
1589 2555 1835 2593 Catbedralis
1857 2554 2034 2593 Ecclesia
2053 2584 2062 2603 ‚
2084 2557 2160 2593 imo
2184 2556 2258 2595 sub
2281 2555 2447 2606 disposi-

1494 2619 1599 2655 tione
1620 2617 1868 2656 Catbedralis
1910 2616 2177 2656 Arvernensis
2219 2617 2448 2666 Ecclesiae,

1498 2690 1570 2717 nec
1592 2680 1628 2716 in
1659 2679 1755 2716 libro
1774 2679 2016 2723 notitiarum,
2034 2678 2244 2728 Metropole
2265 2690 2314 2714 ων
2334 2679 2451 2717 later-

1503 2740 1592 2778 culo
1613 2769 1621 2788 ,
1645 2743 1685 2777 et
1709 2739 1931 2789 Apostolica
1949 2739 2188 2777 Cancellaria
2207 2768 2215 2786 ‚
2236 2740 2450 2779 Cantillen-

1501 2803 1556 2839 sis
1582 2802 1847 2850 Episcopatus
1873 2800 1948 2838 ulla
1988 2801 2134 2837 mentio
2170 2800 2224 2838 sit.
2260 2801 2451 2838 Tantum—

1498 2874 1575 2911 que
1596 2863 1732 2907 abest,
1756 2866 1799 2900 ut
1819 2873 1865 2900 ex
1889 2861 2044 2899 Sidonio
2060 2861 2178 2900 barba
2198 2872 2308 2900 rasos
2325 2861 2450 2913 fuisse

1497 2924 1712 2961 Galliarum
1740 2924 1958 2973 Episcopos
1982 2924 2237 2973 perspicuum
2264 2925 2329 2971 sit,
2352 2925 2448 2973 quin

1500 2986 1576 3022 imo
1601 2985 1763 3023 barbam
1790 2985 2021 3034 promisisse
2044 2988 2202 3022 constat
2225 2995 2273 3022 ex
2298 2985 2361 3022 24.
2386 2995 2446 3034 ep.

1498 3045 1619 3097 hujus
1641 3047 1751 3093 libri,
1776 3057 1895 3096 quam
1920 3045 2021 3083 vide.

1552 3109 1613 3146 [V.
1635 3109 1696 3146 14.
1722 3119 1757 3157 p.
1783 3107 1873 3144 263.
1899 3111 1980 3145 not.
2004 3106 2182 3158 Namque
2201 3110 2249 3146 ut
2265 3106 2331 3155 is)
2358 3104 2446 3144 add.

1495 3169 1717 3208 Guilelmus
1737 3167 1944 3206 Arvernus
1965 3169 2195 3206 Parisiensis
2211 3168 2443 3217 Episcopus,

1494 3231 1543 3269 de
1568 3230 1768 3277 moribuS‚
1800 3229 1862 3268 ubi
1894 3228 1941 3266 de
1981 3230 2155 3279 pietate,
2181 3227 2221 3264 in
2253 3225 2340 3277 foro
2364 3236 2446 3263 meo
