2517 4009
878 241 1278 281 liAVENNAS

90 323 156 352 um
202 307 300 351 hist.
336 311 573 350 Academiae
606 314 803 352 l’arisinac
835 318 930 352 tom.
962 315 975 353 l
1008 326 1044 364 p.

88 374 176 414 633.
208 375 296 414 634.
328 373 411 412 Val.
440 371 624 412 Andreae
656 374 752 413 Bibl.
785 376 983 426 Belgicam
1013 388 1046 426 p.

88 437 176 476 786.
207 436 296 475 787.
327 436 489 474 Swertii
533 435 714 475 Athenas
754 437 932 487 Belgicus
962 448 1049 488 pag.

86 499 177 538 651.
207 499 305 537 Hist.
335 496 551 535 literariam
582 497 732 537 Galliae
764 504 860 536 tom.
889 500 935 538 Vl
962 510 1048 550 pag.

85 561 174 600 339.
205 570 292 609 seq.

139 622 197 660 Ex
228 620 291 659 his
320 631 441 667 vero,
472 631 574 670 quae
605 621 849 661 adduximus
871 622 950 661 duo
983 623 1044 660 vel

82 684 158 722 tria
183 687 320 722 notatu
346 681 464 733 digna
491 683 688 722 monenda
715 695 805 722 esse
830 695 1048 723 censemus

85 746 119 784 4.
163 744 394 784 Ratherium
442 744 629 794 equidem
675 745 724 783 de
768 745 1048 784 emendatione

81 817 176 845 vera
204 807 307 845 Cleri
338 807 544 857 depravati
576 818 653 845 non
687 807 942 846 mediocriter
980 819 1050 846 cu—

81 879 219 918 rasse,
250 869 286 907 2.
319 874 452 907 tamen
485 869 631 918 aliquid
655 870 975 919 singularitatiS,
1007 876 1048 909 ut

81 930 135 968 ita
165 929 329 980 loquar,
358 935 399 968 et
443 928 661 977 ιδιοκρισιας
693 931 728 968 in
761 942 804 969 se
835 931 1048 979 habuisse,

79 990 115 1030 id
146 991 253 1042 quod
284 992 348 1030 vel
371 993 475 1030 tituli
502 991 754 1042 quorundam
787 1004 952 1043 operum
983 993 1049 1031 do-

77 1059 186 1092 cent.
215 1055 252 1093 3.
285 1055 413 1092 Vitam
443 1053 532 1104 ejus
558 1056 727 1102 mereri,
755 1060 838 1093 uta
867 1056 951 1093 viro
977 1055 1047 1093 do-

77 1120 142 1155 cto
169 1127 263 1154 cum
293 1127 390 1155 cura
428 1116 707 1162 describatur,
738 1117 926 1166 perlectis
957 1127 1048 1167 ope—

8 1204 13 1206 -
79 1177 189 1216 ribus
218 1178 355 1225 illius,
385 1182 426 1216 et
457 1178 661 1216 historicis
692 1178 848 1216 illorum
895 1183 1049 1228 tempo-

79 1251 167 1279 rum
211 1240 330 1278 simul
360 1239 590 1286 consultis,
634 1240 727 1288 quia
774 1250 870 1278 sane
918 1241 1045 1279 multa

80 1304 219 1338 notatu
247 1299 483 1350 dignissima
515 1302 553 1338 in
584 1300 723 1339 eadem
751 1305 980 1339 occurrent.
999 1302 1048 1339 ll-

78 1361 114 1401 la
142 1363 249 1400 enim
270 1392 281 1410 ,
312 1372 432 1410 quam
463 1360 574 1400 dedit
603 1362 856 1400 Mabillonius
885 1363 973 1401 Sec.
1004 1364 1046 1400 V.

75 1423 224 1463 Bened.
256 1436 293 1474 p.
325 1424 414 1462 478.
445 1435 515 1474 pro
545 1425 732 1463 instituto
781 1425 907 1475 ipsius
947 1425 1047 1463 bona

76 1490 168 1533 est,
198 1485 268 1524 sed
300 1484 480 1524 nondum
525 1486 676 1524 sufficit
705 1486 753 1525 ad
784 1487 944 1536 plenam
990 1498 1049 1525 re—

77 1559 166 1587 rum
196 1547 245 1587 ad
277 1548 390 1586 illum
421 1549 695 1597 spectantium
730 1549 954 1587 scientiam.

130 1609 153 1632 ³*
181 1609 292 1648 Inter
315 1610 509 1660 opuscula
532 1610 707 1649 Ratherii
738 1610 886 1649 inedita
911 1621 1052 1649 accen-

76 1676 139 1711 set
167 1671 500 1711 Bibliotbecarius
548 1677 685 1710 noster
729 1672 968 1723 opusculum
1003 1673 1051 1711 de

83 1735 166 1773 vita
196 1738 237 1772 et
267 1734 533 1773 translatione
577 1735 616 1773 S.
660 1736 864 1773 Metronis.
902 1736 1049 1775 Verum

77 1796 141 1835 ille
169 1795 338 1847 quidem
377 1807 453 1835 non
485 1798 584 1835 satis
608 1799 761 1847 perite,
783 1808 875 1835 narn
905 1800 984 1837 vita
1011 1803 1050 1836 et

77 1859 286 1897 translatio
312 1860 349 1898 S.
374 1860 564 1898 Metronis
590 1859 736 1910 prodiit
760 1859 843 1910 jam
877 1860 967 1898 inde
992 1861 1042 1899 ab

79 1931 142 1960 an.
193 1919 308 1960 4728.
359 1921 544 1960 Veronae
591 1933 709 1973 opera
759 1923 1050 1961 Bartholomaei

86 1982 385 2034 Campagnolae
416 1985 455 2021 in
486 1983 706 2034 appendice
748 1984 795 2023 ad
837 1984 904 2034 jus
934 1986 1051 2023 civile

82 2044 273 2094 Veronae,
291 2044 396 2095 quod
428 2045 654 2084 willelmus
683 2046 835 2086 Calvus
866 2047 1050 2097 publicus

84 2105 244 2145 tabellio
271 2118 337 2146 an.
370 2107 473 2147 ⁴228
503 2109 732 2159 scripserat.
762 2109 919 2148 Adiecit
948 2111 1052 2160 pari-

81 2172 144 2208 ter
170 2168 444 2220 Campagnola
472 2169 673 2221 duplicem
699 2171 874 2210 Ratherii
906 2173 1052 2221 episto-

81 2231 161 2271 lam
191 2230 380 2271 ineditam
403 2231 450 2271 ad
473 2234 656 2272 Manasse
676 2234 932 2272 Vicentinum
959 2234 1052 2283 Epi-

79 2304 225 2345 copum
256 2296 464 2345 scriptam.
487 2294 641 2334 Ambas
666 2307 762 2334 vero
785 2307 879 2335 cum
904 2297 986 2334 vita
1012 2301 1052 2334 et

81 2355 344 2394 translatione
367 2356 408 2395 S.
432 2358 624 2395 Metronis
655 2362 798 2396 nactus
829 2362 891 2396 est
921 2358 1050 2397 editor

84 2418 121 2456 in
152 2417 239 2456 cod.
270 2428 319 2456 ex
351 2418 436 2468 ipsa
455 2448 466 2465 ‚
493 2422 537 2456 ut
560 2419 737 2469 colligit,
763 2419 944 2458 authoris
970 2432 1051 2458 ma·

89 2491 142 2519 nu
163 2479 400 2530 descriptas.
424 2477 447 2501 *
471 2479 569 2518 Vide
590 2480 860 2520 WlLELMUS
887 2479 1049 2520 Calvus.

132 2540 405 2589 RATHOLDI,
432 2542 566 2580 nescio
590 2543 721 2591 cujus,
753 2540 870 2581 Liber
901 2544 1051 2582 Sacra-
1085 2558 1090 2559 ⁷

80 2609 306 2643 mentorum
350 2603 429 2642 MS.
472 2604 620 2642 citatur
661 2615 683 2642 a
730 2604 948 2650 Quesnello
997 2605 1047 2643 ad

80 2667 254 2704 Leonem
283 2666 332 2704 M.
363 2676 449 2716 pag.
483 2665 574 2703 648.
603 2670 644 2704 et
674 2665 849 2716 Launojo
887 2666 936 2705 de
969 2667 1048 2705 Un-

79 2728 211 2773 ctione
255 2727 506 2766 infirmorum
542 2739 579 2778 p.
614 2728 702 2766 431.
737 2729 847 2766 Prior
878 2730 982 2767 circa
1012 2740 1046 2767 a.

81 2789 172 2828 900.
204 2790 399 2840 posterior
427 2793 521 2827 ante
550 2801 586 2828 a.
616 2790 706 2827 986.
746 2791 943 2841 scriptum
984 2790 1048 2840 ju-

80 2850 199 2890 dicat.
227 2849 457 2890 Rodradum
487 2855 605 2890 vocat
631 2853 809 2892 Morinus
841 2853 894 2891 de
919 2864 1045 2892 sacris

79 2911 410 2952 ordinationibus
439 2925 476 2962 p.
502 2913 593 2952 219.

133 2972 444 3020 RATLElCUS,
499 2974 775 3023 Coloniensis,
830 2976 1038 3027 Eginharti

81 3036 254 3086 primum
286 3035 498 3083 Notarius,
528 3041 618 3086 post
662 3038 700 3075 in
745 3038 910 3077 Abbatia
941 3039 1041 3077 Seli-

81 3096 355 3148 genstadiensi
398 3097 644 3147 Successor,
691 3105 732 3138 et
776 3100 963 3139 Ludovici
1016 3101 1042 3139 l.

2 3156 6 3165 “
82 3158 321 3198 Germaniae
347 3160 464 3210 Regis
485 3159 606 3199 Archi
625 3161 909 3207 cancellarius,
942 3174 1044 3201 mor-

81 3226 178 3260 tuus
210 3232 243 3260 a.
275 3221 367 3260 852.
392 3222 613 3260 Familiaris
647 3223 721 3261 fuit
750 3223 908 3262 Rabano
939 3225 1045 3261 Mau-

86 3293 140 3330 ro,
172 3287 213 3321 et
258 3284 366 3334 Lupo
413 3284 651 3322 Ferrariensi
676 3315 686 3332 ,
717 3287 783 3335 qui
825 3285 872 3323 ad
914 3287 1043 3335 ipsum

86 3344 332 3394 seripserunt
377 3345 581 3384 Eccardus
607 3358 737 3385 rerum
766 3348 1041 3386 Francirarum

2004 242 2081 280 357

1124 314 1252 352 XXX.
1300 314 1361 350 99.
1410 316 1562 362 partem
1594 310 1810 349 Annalium
1851 311 2082 350 Metensium

1125 375 1173 413 ab
1217 386 1250 413 a.
1296 373 1389 412 838.
1420 383 1546 423 usque
1591 371 1639 411 ad
1684 372 1774 412 852.
1805 373 1878 424 ipsi
1919 372 2082 419 tribuit,

1125 436 1387 487 conjectura,
1434 440 1478 473 ut
1522 434 1647 481 solet,
1679 434 1915 482 audaciore,
1961 445 2082 485 quam

1127 504 1170 538 ut
1201 499 1336 537 statim
1372 497 1524 548 probari
1556 501 1689 546 queat.
1720 495 1823 534 Editi
1855 507 1950 534 vero
1989 501 2085 535 sunt

1128 560 1306 599 Annales
1334 560 1534 598 Metenses
1566 563 1657 596 tom.
1694 560 1706 597 1
1746 558 1936 609 Scriptor.
1966 559 2085 596 Fran—

1126 623 1302 661 cicorum
1337 619 1462 659 Andr.
1491 618 1545 657 du
1575 619 1745 658 Chesne.
1775 619 1833 658 Ad
1865 631 1958 658 eum
1991 620 2086 658 scri·

1128 689 1193 735 pta
1223 687 1286 721 est
1317 682 1508 733 praefatio
1538 681 1686 719 Rabani
1728 682 1852 720 Mauri
1895 683 2088 732 Martyro-

1125 746 1249 796 logico
1277 744 1495 795 praemissa
1514 773 1524 790 ,
1551 753 1670 792 quam
1697 741 1818 780 edidit
1838 743 2086 782 Mabillonius

1124 807 1268 846 Annal.
1295 817 1330 856 p.
1360 806 1450 844 419.
1482 803 1593 842 Adde
1623 804 1790 842 Galliam
1815 805 2084 844 Christianam

1126 874 1222 908 tom.
1254 869 1283 906 V
1316 879 1351 918 p.
1384 867 1474 906 629.

1183 928 1494 976 RATPERTUS,
1510 927 1600 966 aliis
1625 927 1835 979 Repertus,
1857 929 1981 978 patria
2011 929 2087 967 Tu-

1125 992 1321 1043 regiensis
1366 991 1452 1028 sive
1496 990 1739 1040 ligurinus,
1785 990 2006 1045 monachus
2045 991 2084 1030 S.

1124 1053 1224 1093 Galli
1242 1084 1253 1102 ,
1281 1052 1400 1091 nobili
1425 1062 1571 1103 genere
1598 1055 1730 1099 natus,
1756 1053 1792 1088 in
1821 1051 1980 1090 laudato
2005 1063 2086 1089 mo-

1125 1116 1301 1155 nasterio
1331 1114 1513 1153 Marcello
1538 1118 1579 1152 et
1608 1114 1723 1151 Isone
1760 1114 2084 1164 praeceptoribus

1126 1188 1238 1216 usus.
1272 1178 1379 1215 Vixit
1409 1188 1442 1215 a.
1473 1175 1564 1214 870.
1595 1181 1634 1213 et
1664 1175 1712 1213 ab
1742 1175 2009 1214 adolescentia
2041 1188 2085 1214 u-

1124 1250 1223 1289 sque
1270 1238 1317 1277 ad
1363 1243 1587 1276 extremam
1642 1242 1894 1275 senectutem
1939 1237 2087 1276 scholis

1126 1299 1463 1350 sangallensibus
1493 1299 1688 1349 praefuit,
1720 1304 1823 1338 teste
1852 1299 2087 1338 Ekkehardo

1124 1362 1173 1400 de
1205 1362 1290 1399 Vita
1321 1360 1480 1399 *Notkeri
1511 1371 1544 1398 c.
1576 1360 1640 1398 24.
1670 1360 1839 1411 Scripsit
1867 1360 1914 1399 cle
1939 1360 2088 1411 orzjqine

1128 1428 1167 1462 et
1189 1420 1352 1461 casibus
1376 1420 1666 1460 monasteriis
1693 1421 1823 1470 Galli,
1848 1423 1952 1473 quod
1977 1423 2088 1474 Opus

1125 1489 1262 1524 exstat
1287 1485 1325 1522 in
1357 1482 1627 1534 Scriptoribus
1651 1483 1923 1522 Alemannicis
1947 1485 2089 1523 Golda-

1126 1548 1178 1586 sti
1210 1552 1306 1585 tom.
1337 1547 1351 1584 1
1383 1557 1421 1596 p.
1453 1547 1490 1584 ⁴.
1520 1549 1609 1595 post
1640 1536 1747 1583 hunc
1777 1556 1838 1595 ap.
1868 1546 1992 1584 Andr.
2034 1546 2088 1584 du

1127 1610 1287 1649 Chesne
1318 1613 1413 1646 tom.
1459 1608 1510 1646 111
1554 1607 1697 1657 Script.
1742 1607 2021 1646 Francicorum
2051 1619 2088 1657 p.

1127 1672 1220 1711 481.
1255 1672 1444 1709 Poemata
1474 1669 1564 1718 ejus
1594 1670 1702 1707 varia
1734 1668 1843 1707 dedit
1871 1670 1991 1708 Henr.
2021 1670 2093 1708 Ca-

1127 1735 1256 1773 nisius
1289 1735 1325 1771 in
1358 1734 1533 1771 Lection.
1579 1731 1770 1781 Antiquis
1801 1732 1903 1770 tom.
1928 1732 1959 1771 V
1989 1737 2092 1782 part.

1132 1798 1167 1836 3.
1198 1809 1236 1847 p.
1269 1796 1358 1834 736.
1393 1796 1482 1834 742.
1514 1794 1609 1832 edit.
1643 1805 1768 1832 novae
1800 1799 1894 1832 tom.
1925 1795 1958 1832 11
1989 1799 2087 1844 part.

1129 1860 1165 1898 3.
1198 1870 1234 1909 p.
1269 1858 1357 1896 495.
1407 1858 1494 1896 499.
1524 1856 1615 1894 200.
1645 1856 1734 1894 201.
1767 1856 1933 1906 Scripsit
1969 1858 2087 1894 etiam

1130 1920 1359 1970 rhythmice
1396 1918 1523 1958 Vitam
1554 1919 1593 1958 S.
1627 1917 1762 1962 Galli,
1788 1923 1828 1956 et
1853 1918 1996 1968 populo
2021 1917 2088 1956 de-

1127 1982 1371 2021 cantandam
1403 1981 1540 2030 dedit,
1570 1992 1672 2031 quae
1704 1984 1792 2031 post
1821 1980 1869 2018 ab
1888 1979 2086 2018 Ekkehar-

1125 2043 1174 2083 do
1201 2044 1359 2094 juniore
1391 2044 1428 2080 in
1460 2044 1645 2081 Latinum
1673 2053 1900 2080 sermonem
1922 2053 2089 2080 conver-

1126 2118 1169 2145 sa
1194 2111 1283 2145 est:
1312 2106 1462 2144 Versus
1487 2107 1582 2143 item
1608 2104 1654 2143 cle
1679 2104 1908 2143 Festivitate
1931 2106 1970 2144 S.
1996 2103 2088 2142 Gal-

1129 2168 1186 2217 li,
1215 2168 1265 2207 de
1295 2168 1444 2218 quibus
1473 2179 1595 2218 supra
1628 2167 1831 2206 Fabricius
1874 2172 2010 2206 noster
2056 2171 2083 2203 t.

1126 2232 1195 2269 Ill.
1233 2243 1269 2281 p.
1317 2232 1380 2269 45.
1409 2229 1523 2268 Adde
1554 2231 1723 2268 Histoire
1768 2230 1939 2268 literaire
1973 2229 2021 2268 de
2052 2231 2085 2268 la

1125 2295 1278 2332 France
1309 2296 1406 2329 tom.
1439 2292 1467 2328 V
1501 2303 1536 2341 p.
1569 2290 1659 2329 637.

1179 2355 1293 2393 Alius
1323 2355 1567 2404 Ratpertus,
1594 2351 1717 2401 hujus
1743 2362 1892 2401 nepos,
1913 2351 2087 2402 discipu-

1126 2419 1190 2457 lus
1220 2416 1408 2464 Notkeri,
1438 2419 1479 2453 et
1508 2415 1726 2453 collocutor
1758 2415 1793 2451 in
1826 2413 1996 2463 Dialogis
2036 2414 2086 2451 de

1124 2481 1213 2518 Vita
1258 2482 1296 2518 S.
1342 2478 1456 2516 Galli.
1505 2476 1601 2514 Vide
1647 2480 1835 2514 annotata
1869 2476 2014 2513 Canisii
2045 2480 2086 2513 et

1124 2541 1332 2588 Goldasti,
1366 2550 1438 2577 nec
1470 2550 1547 2576 non
1579 2538 1665 2576 Jod.
1694 2538 1904 2576 Mezlerum
1935 2537 1984 2575 de
2015 2538 2087 2576 vil-

1123 2603 1172 2640 lis
1204 2602 1347 2640 illustr.
1381 2599 1742 2639 San-Callensibus
1773 2600 1801 2636 l.
1831 2600 1894 2637 23.

1179 2662 1496 2708 RATRAMNL'S,
1516 2660 1582 2698 vid
1622 2671 1741 2711 supra
1771 2661 2083 2700 BERTRAMUS.

1177 2725 1408 2776 Anonymus
1452 2722 1752 2771 RAVENMS,
1798 2722 2082 2773 Geographus,

1124 2789 1190 2838 qui
1223 2789 1390 2838 patriam
1437 2796 1551 2824 suam
1600 2787 1683 2836 ipse
1716 2784 1896 2834 indigitat
1927 2785 1988 2822 lV.
2019 2786 2081 2823 3¹.

1124 2851 1317 2888 Ravenna
1345 2846 1618 2894 nobilissima,
1653 2846 1691 2884 in
1720 2858 1826 2898 qua,
1859 2844 1948 2884 Ii'cet
1990 2845 2084 2884 idio-

1125 2915 1195 2955 ta,
1228 2921 1295 2961 <²90
1321 2910 1440 2962 hujus
1472 2908 1807 2960 Cosmoyropliiae
1850 2908 2080 2958 expositor,

1124 2973 1285 3013 Christo
1309 2973 1552 3025 adjuvante,
1581 2971 1737 3022 yenitus
1766 2982 1867 3008 sum.
1894 2973 2003 3009 llunc
2029 2971 2083 3008 lo-

1121 3048 1212 3075 cum
1258 3047 1334 3074 non
1379 3036 1610 3074 observavit
1640 3033 1868 3079 Eceardus,
1907 3034 2004 3072 alias
2032 3033 2082 3071 dc

1126 3100 1250 3149 patria
1285 3109 1360 3135 non
1399 3097 1637 3135 dubitasset.
1683 3095 1934 3146 Geoyrophia
1978 3096 2082 3135 illius

1122 3161 1231 3199 libris
1262 3161 1303 3197 V.
1336 3160 1506 3210 primum
1539 3158 1642 3196 edita
1673 3163 1735 3195 est
1765 3170 1811 3196 ex
1840 3158 1983 3197 Codice
2008 3159 2080 3197 Re-

1120 3225 1179 3274 gis
1209 3222 1358 3260 Galliae.
1399 3232 1420 3259 a
1470 3220 1624 3259 Placido
1668 3220 1912 3266 Porcheron‚
1945 3232 2081 3259 mona-

1118 3285 1192 3323 cho
1239 3283 1519 3328 Benedictino,
1552 3283 1671 3320 Paris.
1721 3282 1833 3321 1688.
1865 3284 1902 3320 8.
1933 3284 2079 3322 Emen-

1122 3347 1312 3385 datiorem
1338 3350 1471 3396 postea
1497 3343 1605 3382 dedit
1629 3346 1709 3384 lae.
1733 3345 1960 3384 Gronovius
1986 3356 2076 3384 cum
