<?xml version="1.0" encoding="UTF-8"?>
<!DOCTYPE html PUBLIC "-//W3C//DTD XHTML 1.0 Transitional//EN"
    "http://www.w3.org/TR/xhtml1/DTD/xhtml1-transitional.dtd">
<html xmlns="http://www.w3.org/1999/xhtml" xml:lang="en" lang="en">
 <head>
  <title>
</title>
<meta http-equiv="Content-Type" content="text/html;charset=utf-8" />
  <meta name='ocr-system' content='tesseract 3.04.00' />
  <meta name='ocr-capabilities' content='ocr_page ocr_carea ocr_par ocr_line ocrx_word'/>
</head>
<body>
  <div class='ocr_page' id='page_1' title='image "./bibliothecalatin05fabruoft/bibliothecalatin05fabruoft_0433.png"; bbox 0 0 2517 4009; ppageno 0'>
   <div class='ocr_carea' id='block_1_1' title="bbox 829 250 1284 291">
    <p class='ocr_par' dir='ltr' id='par_1_1' title="bbox 829 250 1284 291">
     <span class='ocr_line' id='line_1_1' title="bbox 829 250 1284 291; baseline -0.004 0"><span class='ocrx_word' id='word_1_1' title='bbox 829 250 1284 291; x_wconf 77' lang='lat' dir='ltr'><strong>RUDOLPHUS</strong></span> 
     </span>
    </p>
   </div>
   <div class='ocr_carea' id='block_1_2' title="bbox 0 322 1024 3079">
    <p class='ocr_par' dir='ltr' id='par_1_2' title="bbox 0 322 1024 3079">
     <span class='ocr_line' id='line_1_2' title="bbox 56 322 1018 364; baseline -0.002 0"><span class='ocrx_word' id='word_1_2' title='bbox 56 326 161 364; x_wconf 75' lang='lat' dir='ltr'>rium</span> <span class='ocrx_word' id='word_1_3' title='bbox 191 326 268 364; x_wconf 89' lang='lat' dir='ltr'>MS.</span> <span class='ocrx_word' id='word_1_4' title='bbox 298 328 360 363; x_wconf 84' lang='lat' dir='ltr'>est</span> <span class='ocrx_word' id='word_1_5' title='bbox 390 325 427 361; x_wconf 87' lang='lat' dir='ltr'>in</span> <span class='ocrx_word' id='word_1_6' title='bbox 458 322 554 361; x_wconf 91' lang='lat' dir='ltr'>Bibl.</span> <span class='ocrx_word' id='word_1_7' title='bbox 597 324 824 361; x_wconf 79' lang='lat' dir='ltr'>monasterii</span> <span class='ocrx_word' id='word_1_8' title='bbox 851 324 1018 362; x_wconf 84' lang='lat' dir='ltr'>Parcen-</span> 
     </span>
     <span class='ocr_line' id='line_1_3' title="bbox 2 383 1020 436; baseline -0.002 -11"><span class='ocrx_word' id='word_1_9' title='bbox 2 393 5 396; x_wconf 81' lang='grc'><em>·</em></span> <span class='ocrx_word' id='word_1_10' title='bbox 55 389 112 426; x_wconf 87' lang='lat' dir='ltr'>sis</span> <span class='ocrx_word' id='word_1_11' title='bbox 144 388 180 424; x_wconf 92' lang='lat' dir='ltr'>in</span> <span class='ocrx_word' id='word_1_12' title='bbox 211 386 368 436; x_wconf 84' lang='lat' dir='ltr'>Belgio,</span> <span class='ocrx_word' id='word_1_13' title='bbox 397 383 503 434; x_wconf 90' lang='lat' dir='ltr'>quod</span> <span class='ocrx_word' id='word_1_14' title='bbox 534 388 706 422; x_wconf 87' lang='lat' dir='ltr'>testatur</span> <span class='ocrx_word' id='word_1_15' title='bbox 731 384 812 422; x_wconf 85' lang='lat' dir='ltr'>Val.</span> <span class='ocrx_word' id='word_1_16' title='bbox 840 383 1020 423; x_wconf 79' lang='lat' dir='ltr'>Andreas</span> 
     </span>
     <span class='ocr_line' id='line_1_4' title="bbox 54 445 801 496; baseline -0.001 -11"><span class='ocrx_word' id='word_1_17' title='bbox 54 449 94 485; x_wconf 89' lang='lat' dir='ltr'>in</span> <span class='ocrx_word' id='word_1_18' title='bbox 123 447 219 486; x_wconf 92' lang='lat' dir='ltr'>Bibl.</span> <span class='ocrx_word' id='word_1_19' title='bbox 249 447 408 496; x_wconf 84' lang='lat' dir='ltr'>Belgica</span> <span class='ocrx_word' id='word_1_20' title='bbox 436 446 545 484; x_wconf 89' lang='lat' dir='ltr'>MSS.</span> <span class='ocrx_word' id='word_1_21' title='bbox 574 445 621 483; x_wconf 93' lang='lat' dir='ltr'>ll.</span> <span class='ocrx_word' id='word_1_22' title='bbox 652 457 688 496; x_wconf 89' lang='lat' dir='ltr'>p.</span> <span class='ocrx_word' id='word_1_23' title='bbox 717 446 801 484; x_wconf 72' lang='lat'><strong>467.</strong></span> 
     </span>
     <span class='ocr_line' id='line_1_5' title="bbox 107 504 1023 548; baseline -0.001 -1"><span class='ocrx_word' id='word_1_24' title='bbox 107 504 405 548; x_wconf 82' lang='lat' dir='ltr'><strong>RUDOLPIIUS</strong></span> <span class='ocrx_word' id='word_1_25' title='bbox 435 507 564 546; x_wconf 83' lang='lat' dir='ltr'><em>Casae</em></span> <span class='ocrx_word' id='word_1_26' title='bbox 582 507 656 545; x_wconf 84' lang='lat' dir='ltr'>Dei</span> <span class='ocrx_word' id='word_1_27' title='bbox 671 508 706 545; x_wconf 92' lang='lat' dir='ltr'>in</span> <span class='ocrx_word' id='word_1_28' title='bbox 724 508 919 547; x_wconf 80' lang='lat' dir='ltr'>Arvernia</span> <span class='ocrx_word' id='word_1_29' title='bbox 938 519 1023 546; x_wconf 92' lang='lat' dir='ltr'>mo-</span> 
     </span>
     <span class='ocr_line' id='line_1_6' title="bbox 54 567 1021 619; baseline -0.002 -11"><span class='ocrx_word' id='word_1_30' title='bbox 54 569 209 608; x_wconf 89' lang='lat' dir='ltr'>nachus</span> <span class='ocrx_word' id='word_1_31' title='bbox 225 579 304 607; x_wconf 83' lang='lat' dir='ltr'>sec.</span> <span class='ocrx_word' id='word_1_32' title='bbox 326 569 412 607; x_wconf 90' lang='lat' dir='ltr'><strong>XII.</strong></span> <span class='ocrx_word' id='word_1_33' title='bbox 435 569 596 619; x_wconf 81' lang='lat' dir='ltr'>scripsit</span> <span class='ocrx_word' id='word_1_34' title='bbox 613 570 734 607; x_wconf 87' lang='lat' dir='ltr'>vitam</span> <span class='ocrx_word' id='word_1_35' title='bbox 754 570 794 608; x_wconf 90' lang='lat' dir='ltr'>S.</span> <span class='ocrx_word' id='word_1_36' title='bbox 812 567 1021 617; x_wconf 80' lang='lat' dir='ltr'>Adelelmi,</span> 
     </span>
     <span class='ocr_line' id='line_1_7' title="bbox 54 629 1024 678; baseline 0 -10"><span class='ocrx_word' id='word_1_37' title='bbox 54 631 118 670; x_wconf 85' lang='lat' dir='ltr'>vel</span> <span class='ocrx_word' id='word_1_38' title='bbox 148 629 323 678; x_wconf 85' lang='lat' dir='ltr'>Elesmi,</span> <span class='ocrx_word' id='word_1_39' title='bbox 353 630 520 669; x_wconf 87' lang='lat' dir='ltr'>Abbatis</span> <span class='ocrx_word' id='word_1_40' title='bbox 558 631 663 669; x_wconf 90' lang='lat' dir='ltr'>tertii</span> <span class='ocrx_word' id='word_1_41' title='bbox 694 631 820 670; x_wconf 83' lang='lat' dir='ltr'>Casae</span> <span class='ocrx_word' id='word_1_42' title='bbox 859 631 952 677; x_wconf 87' lang='lat' dir='ltr'>Dei,</span> <span class='ocrx_word' id='word_1_43' title='bbox 983 634 1024 668; x_wconf 87' lang='lat' dir='ltr'>ct-</span> 
     </span>
     <span class='ocr_line' id='line_1_8' title="bbox 52 691 1022 743; baseline -0.002 -13"><span class='ocrx_word' id='word_1_44' title='bbox 52 692 169 743; x_wconf 89' lang='lat' dir='ltr'>primi</span> <span class='ocrx_word' id='word_1_45' title='bbox 211 692 356 730; x_wconf 88' lang='lat' dir='ltr'>Prioris</span> <span class='ocrx_word' id='word_1_46' title='bbox 403 691 443 730; x_wconf 93' lang='lat' dir='ltr'>S.</span> <span class='ocrx_word' id='word_1_47' title='bbox 489 691 684 730; x_wconf 87' lang='lat' dir='ltr'>Johannis</span> <span class='ocrx_word' id='word_1_48' title='bbox 728 693 954 742; x_wconf 82' lang='lat' dir='ltr'>Burgensis</span> <span class='ocrx_word' id='word_1_49' title='bbox 984 692 1022 729; x_wconf 89' lang='lat' dir='ltr'>in</span> 
     </span>
     <span class='ocr_line' id='line_1_9' title="bbox 51 753 1020 804; baseline -0.001 -12"><span class='ocrx_word' id='word_1_50' title='bbox 51 753 266 804; x_wconf 79' lang='lat' dir='ltr'>Hispania,</span> <span class='ocrx_word' id='word_1_51' title='bbox 294 763 415 803; x_wconf 89' lang='lat' dir='ltr'>quam</span> <span class='ocrx_word' id='word_1_52' title='bbox 447 754 578 803; x_wconf 86' lang='lat' dir='ltr'>Yepes</span> <span class='ocrx_word' id='word_1_53' title='bbox 622 755 659 791; x_wconf 80' lang='lat' dir='ltr'>ln</span> <span class='ocrx_word' id='word_1_54' title='bbox 706 755 952 792; x_wconf 89' lang='lat' dir='ltr'>monasterio</span> <span class='ocrx_word' id='word_1_55' title='bbox 982 754 1020 792; x_wconf 89' lang='lat' dir='ltr'>S.</span> 
     </span>
     <span class='ocr_line' id='line_1_10' title="bbox 49 814 1024 865; baseline 0.001 -13"><span class='ocrx_word' id='word_1_56' title='bbox 49 814 244 853; x_wconf 81' lang='lat' dir='ltr'>Johannis</span> <span class='ocrx_word' id='word_1_57' title='bbox 259 815 454 865; x_wconf 82' lang='lat' dir='ltr'>Burgensi</span> <span class='ocrx_word' id='word_1_58' title='bbox 472 819 632 853; x_wconf 85' lang='lat' dir='ltr'>exstare</span> <span class='ocrx_word' id='word_1_59' title='bbox 654 819 842 854; x_wconf 85' lang='lat' dir='ltr'>testatur.</span> <span class='ocrx_word' id='word_1_60' title='bbox 867 815 1024 853; x_wconf 84' lang='lat' dir='ltr'>Bollan—</span> 
     </span>
     <span class='ocr_line' id='line_1_11' title="bbox 51 875 1019 927; baseline -0.001 -12"><span class='ocrx_word' id='word_1_61' title='bbox 51 875 129 915; x_wconf 84' lang='lat' dir='ltr'>dus</span> <span class='ocrx_word' id='word_1_62' title='bbox 154 879 250 914; x_wconf 91' lang='lat' dir='ltr'>tom.</span> <span class='ocrx_word' id='word_1_63' title='bbox 279 876 327 914; x_wconf 90' lang='lat' dir='ltr'>II.</span> <span class='ocrx_word' id='word_1_64' title='bbox 356 877 442 915; x_wconf 86' lang='lat' dir='ltr'>Jan.</span> <span class='ocrx_word' id='word_1_65' title='bbox 467 888 503 927; x_wconf 88' lang='lat' dir='ltr'>p.</span> <span class='ocrx_word' id='word_1_66' title='bbox 536 878 651 916; x_wconf 75' lang='lat'><strong>⁴059.</strong></span> <span class='ocrx_word' id='word_1_67' title='bbox 683 877 862 916; x_wconf 85' lang='lat' dir='ltr'>Habetur</span> <span class='ocrx_word' id='word_1_68' title='bbox 894 878 930 915; x_wconf 87' lang='lat' dir='ltr'>in</span> <span class='ocrx_word' id='word_1_69' title='bbox 961 878 1019 915; x_wconf 90' lang='lat' dir='ltr'>Jo.</span> 
     </span>
     <span class='ocr_line' id='line_1_12' title="bbox 49 938 1021 989; baseline 0.001 -13"><span class='ocrx_word' id='word_1_70' title='bbox 49 938 214 988; x_wconf 81' lang='lat' dir='ltr'>Tamayi</span> <span class='ocrx_word' id='word_1_71' title='bbox 249 938 550 989; x_wconf 84' lang='lat' dir='ltr'>Martyrologico</span> <span class='ocrx_word' id='word_1_72' title='bbox 588 938 826 989; x_wconf 81' lang='lat' dir='ltr'>Hispanico,</span> <span class='ocrx_word' id='word_1_73' title='bbox 859 943 900 977; x_wconf 92' lang='lat' dir='ltr'>et</span> <span class='ocrx_word' id='word_1_74' title='bbox 931 939 1021 977; x_wconf 88' lang='lat' dir='ltr'>inde</span> 
     </span>
     <span class='ocr_line' id='line_1_13' title="bbox 51 998 1020 1052; baseline 0.004 -16"><span class='ocrx_word' id='word_1_75' title='bbox 51 999 89 1037; x_wconf 91' lang='lat' dir='ltr'>in</span> <span class='ocrx_word' id='word_1_76' title='bbox 109 998 321 1038; x_wconf 78' lang='lat' dir='ltr'>Mabillonii</span> <span class='ocrx_word' id='word_1_77' title='bbox 340 999 428 1038; x_wconf 86' lang='lat' dir='ltr'>Sec.</span> <span class='ocrx_word' id='word_1_78' title='bbox 445 998 509 1038; x_wconf 92' lang='lat' dir='ltr'>VI.</span> <span class='ocrx_word' id='word_1_79' title='bbox 532 999 791 1039; x_wconf 86' lang='lat' dir='ltr'>Benedictino</span> <span class='ocrx_word' id='word_1_80' title='bbox 814 1013 851 1052; x_wconf 91' lang='lat' dir='ltr'>p.</span> <span class='ocrx_word' id='word_1_81' title='bbox 874 1001 911 1040; x_wconf 73' lang='lat'>2.</span> <span class='ocrx_word' id='word_1_82' title='bbox 929 1001 1020 1040; x_wconf 86' lang='lat'><strong>895.</strong></span> 
     </span>
     <span class='ocr_line' id='line_1_14' title="bbox 101 1061 1016 1114; baseline 0.002 -15"><span class='ocrx_word' id='word_1_83' title='bbox 101 1061 401 1100; x_wconf 83' lang='lat' dir='ltr'><strong>RUDOLPHUS</strong></span> <span class='ocrx_word' id='word_1_84' title='bbox 428 1061 527 1100; x_wconf 84' lang='lat' dir='ltr'>Dier</span> <span class='ocrx_word' id='word_1_85' title='bbox 561 1061 608 1100; x_wconf 82' lang='lat' dir='ltr'>de</span> <span class='ocrx_word' id='word_1_86' title='bbox 631 1061 777 1100; x_wconf 79' lang='lat' dir='ltr'>Muden</span> <span class='ocrx_word' id='word_1_87' title='bbox 805 1063 869 1101; x_wconf 90' lang='lat' dir='ltr'>vel</span> <span class='ocrx_word' id='word_1_88' title='bbox 903 1063 1016 1114; x_wconf 79' lang='lat' dir='ltr'>Muy·</span> 
     </span>
     <span class='ocr_line' id='line_1_15' title="bbox 46 1120 1019 1173; baseline 0.001 -13"><span class='ocrx_word' id='word_1_89' title='bbox 46 1120 140 1170; x_wconf 81' lang='lat' dir='ltr'>den,</span> <span class='ocrx_word' id='word_1_90' title='bbox 186 1127 306 1162; x_wconf 87' lang='lat' dir='ltr'>natus</span> <span class='ocrx_word' id='word_1_91' title='bbox 345 1123 383 1160; x_wconf 90' lang='lat' dir='ltr'>in</span> <span class='ocrx_word' id='word_1_92' title='bbox 427 1122 570 1173; x_wconf 90' lang='lat' dir='ltr'>oppido</span> <span class='ocrx_word' id='word_1_93' title='bbox 622 1123 739 1161; x_wconf 87' lang='lat' dir='ltr'>Muda</span> <span class='ocrx_word' id='word_1_94' title='bbox 783 1122 1019 1162; x_wconf 85' lang='lat' dir='ltr'>Hollandiae</span> 
     </span>
     <span class='ocr_line' id='line_1_16' title="bbox 47 1183 1020 1224; baseline 0 -1"><span class='ocrx_word' id='word_1_95' title='bbox 47 1193 82 1223; x_wconf 87' lang='lat' dir='ltr'>a.</span> <span class='ocrx_word' id='word_1_96' title='bbox 113 1183 231 1224; x_wconf 72' lang='lat'><strong>4384.</strong></span> <span class='ocrx_word' id='word_1_97' title='bbox 246 1184 362 1223; x_wconf 92' lang='lat' dir='ltr'>Anno</span> <span class='ocrx_word' id='word_1_98' title='bbox 382 1186 525 1223; x_wconf 85' lang='lat' dir='ltr'>aetatis</span> <span class='ocrx_word' id='word_1_99' title='bbox 537 1185 642 1223; x_wconf 90' lang='lat' dir='ltr'><strong>XIV.</strong></span> <span class='ocrx_word' id='word_1_100' title='bbox 661 1185 918 1222; x_wconf 89' lang='lat' dir='ltr'>Daventriam</span> <span class='ocrx_word' id='word_1_101' title='bbox 937 1189 1020 1223; x_wconf 90' lang='lat' dir='ltr'>stu-</span> 
     </span>
     <span class='ocr_line' id='line_1_17' title="bbox 44 1243 1020 1295; baseline 0.002 -13"><span class='ocrx_word' id='word_1_102' title='bbox 44 1243 200 1285; x_wconf 82' lang='lat' dir='ltr'><strong>diorum</strong></span> <span class='ocrx_word' id='word_1_103' title='bbox 224 1257 369 1285; x_wconf 82' lang='lat' dir='ltr'>caussa</span> <span class='ocrx_word' id='word_1_104' title='bbox 397 1247 533 1295; x_wconf 86' lang='lat' dir='ltr'>petiit,</span> <span class='ocrx_word' id='word_1_105' title='bbox 565 1249 652 1295; x_wconf 87' lang='lat' dir='ltr'>post</span> <span class='ocrx_word' id='word_1_106' title='bbox 683 1255 809 1283; x_wconf 87' lang='lat' dir='ltr'>annos</span> <span class='ocrx_word' id='word_1_107' title='bbox 847 1250 1020 1295; x_wconf 90' lang='lat' dir='ltr'>quatuor</span> 
     </span>
     <span class='ocr_line' id='line_1_18' title="bbox 44 1305 1016 1355; baseline 0 -11"><span class='ocrx_word' id='word_1_108' title='bbox 44 1307 404 1346; x_wconf 83' lang='lat' dir='ltr'>Fratribusdomus</span> <span class='ocrx_word' id='word_1_109' title='bbox 420 1307 604 1345; x_wconf 79' lang='lat' dir='ltr'>Florentii</span> <span class='ocrx_word' id='word_1_110' title='bbox 631 1317 664 1344; x_wconf 88' lang='lat' dir='ltr'>s.</span> <span class='ocrx_word' id='word_1_111' title='bbox 690 1305 1016 1355; x_wconf 86' lang='lat' dir='ltr'>Hieronymiano-</span> 
     </span>
     <span class='ocr_line' id='line_1_19' title="bbox 45 1367 1013 1417; baseline 0 -12"><span class='ocrx_word' id='word_1_112' title='bbox 45 1378 136 1406; x_wconf 89' lang='lat' dir='ltr'>rum</span> <span class='ocrx_word' id='word_1_113' title='bbox 182 1367 328 1406; x_wconf 82' lang='lat' dir='ltr'>ibidem</span> <span class='ocrx_word' id='word_1_114' title='bbox 372 1367 630 1417; x_wconf 87' lang='lat' dir='ltr'>adscriptus,</span> <span class='ocrx_word' id='word_1_115' title='bbox 670 1377 787 1417; x_wconf 89' lang='lat' dir='ltr'>porro</span> <span class='ocrx_word' id='word_1_116' title='bbox 830 1378 865 1405; x_wconf 88' lang='lat' dir='ltr'>a.</span> <span class='ocrx_word' id='word_1_117' title='bbox 897 1368 1013 1406; x_wconf 72' lang='lat'><strong>4435.</strong></span> 
     </span>
     <span class='ocr_line' id='line_1_20' title="bbox 44 1427 1015 1476; baseline 0 -9"><span class='ocrx_word' id='word_1_118' title='bbox 44 1427 318 1468; x_wconf 79' lang='lat' dir='ltr'>Procuratoris</span> <span class='ocrx_word' id='word_1_119' title='bbox 373 1438 523 1467; x_wconf 89' lang='lat' dir='ltr'>munus</span> <span class='ocrx_word' id='word_1_120' title='bbox 573 1427 746 1466; x_wconf 76' lang='lat' dir='ltr'>obtinuit</span> <span class='ocrx_word' id='word_1_121' title='bbox 765 1458 777 1476; x_wconf 91' lang='lat'>,</span> <span class='ocrx_word' id='word_1_122' title='bbox 832 1433 1015 1467; x_wconf 85' lang='lat' dir='ltr'>mortuus</span> 
     </span>
     <span class='ocr_line' id='line_1_21' title="bbox 45 1488 1016 1540; baseline -0.001 -11"><span class='ocrx_word' id='word_1_123' title='bbox 45 1500 80 1529; x_wconf 87' lang='lat' dir='ltr'>a.</span> <span class='ocrx_word' id='word_1_124' title='bbox 126 1489 246 1529; x_wconf 72' lang='lat'><strong>⁴458.</strong></span> <span class='ocrx_word' id='word_1_125' title='bbox 286 1494 363 1528; x_wconf 85' lang='lat' dir='ltr'>aet.</span> <span class='ocrx_word' id='word_1_126' title='bbox 407 1489 469 1528; x_wconf 90' lang='lat'>75.</span> <span class='ocrx_word' id='word_1_127' title='bbox 508 1489 610 1540; x_wconf 89' lang='lat' dir='ltr'>Ejus</span> <span class='ocrx_word' id='word_1_128' title='bbox 650 1494 713 1527; x_wconf 89' lang='lat' dir='ltr'>est</span> <span class='ocrx_word' id='word_1_129' title='bbox 743 1488 948 1539; x_wconf 78' lang='lat' dir='ltr'><em>Scriptum</em></span> <span class='ocrx_word' id='word_1_130' title='bbox 969 1489 1016 1528; x_wconf 83' lang='lat' dir='ltr'>de</span> 
     </span>
     <span class='ocr_line' id='line_1_22' title="bbox 47 1550 1019 1599; baseline -0.001 -9"><span class='ocrx_word' id='word_1_131' title='bbox 47 1552 98 1590; x_wconf 88' lang='lat' dir='ltr'>M.</span> <span class='ocrx_word' id='word_1_132' title='bbox 126 1550 339 1590; x_wconf 75' lang='lat' dir='ltr'>Gherardo</span> <span class='ocrx_word' id='word_1_133' title='bbox 375 1551 514 1599; x_wconf 83' lang='lat' dir='ltr'>Grote,</span> <span class='ocrx_word' id='word_1_134' title='bbox 541 1551 705 1590; x_wconf 76' lang='lat' dir='ltr'>Domino</span> <span class='ocrx_word' id='word_1_135' title='bbox 729 1550 929 1590; x_wconf 64' lang='lat' dir='ltr'>Florentio</span> <span class='ocrx_word' id='word_1_136' title='bbox 944 1580 954 1599; x_wconf 86' lang='lat'>,</span> <span class='ocrx_word' id='word_1_137' title='bbox 981 1555 1019 1589; x_wconf 75' lang='lat' dir='ltr'>et</span> 
     </span>
     <span class='ocr_line' id='line_1_23' title="bbox 44 1611 1013 1664; baseline -0.001 -12"><span class='ocrx_word' id='word_1_138' title='bbox 44 1612 180 1653; x_wconf 75' lang='lat' dir='ltr'>multis</span> <span class='ocrx_word' id='word_1_139' title='bbox 193 1612 286 1652; x_wconf 76' lang='lat' dir='ltr'>aliis</span> <span class='ocrx_word' id='word_1_140' title='bbox 309 1611 460 1652; x_wconf 69' lang='lat' dir='ltr'>devotis</span> <span class='ocrx_word' id='word_1_141' title='bbox 476 1611 682 1664; x_wconf 79' lang='lat' dir='ltr'>fratribus</span> <span class='ocrx_word' id='word_1_142' title='bbox 703 1614 740 1651; x_wconf 90' lang='lat' dir='ltr'>in</span> <span class='ocrx_word' id='word_1_143' title='bbox 768 1613 884 1652; x_wconf 92' lang='lat' dir='ltr'>modo</span> <span class='ocrx_word' id='word_1_144' title='bbox 909 1613 1013 1652; x_wconf 85' lang='lat' dir='ltr'>dicta</span> 
     </span>
     <span class='ocr_line' id='line_1_24' title="bbox 40 1674 1015 1716; baseline 0.001 -2"><span class='ocrx_word' id='word_1_145' title='bbox 40 1674 159 1714; x_wconf 90' lang='lat' dir='ltr'>domo</span> <span class='ocrx_word' id='word_1_146' title='bbox 210 1675 393 1714; x_wconf 86' lang='lat' dir='ltr'>versatis.</span> <span class='ocrx_word' id='word_1_147' title='bbox 439 1674 580 1713; x_wconf 85' lang='lat' dir='ltr'>&#39;Edidit</span> <span class='ocrx_word' id='word_1_148' title='bbox 624 1687 718 1714; x_wconf 90' lang='lat' dir='ltr'>vero</span> <span class='ocrx_word' id='word_1_149' title='bbox 782 1675 1015 1716; x_wconf 78' lang='lat' dir='ltr'>Gerhardus</span> 
     </span>
     <span class='ocr_line' id='line_1_25' title="bbox 41 1737 1013 1788; baseline 0.001 -12"><span class='ocrx_word' id='word_1_150' title='bbox 41 1737 231 1778; x_wconf 75' lang='lat' dir='ltr'>Dumbar.</span> <span class='ocrx_word' id='word_1_151' title='bbox 278 1738 377 1776; x_wconf 59' lang='lat' dir='ltr'>to&#39;ui&#39;.</span> <span class='ocrx_word' id='word_1_152' title='bbox 415 1737 442 1775; x_wconf 90' lang='lat'>1.</span> <span class='ocrx_word' id='word_1_153' title='bbox 482 1738 766 1777; x_wconf 89' lang='lat' dir='ltr'>Analectorum</span> <span class='ocrx_word' id='word_1_154' title='bbox 810 1749 844 1788; x_wconf 93' lang='lat' dir='ltr'>p.</span> <span class='ocrx_word' id='word_1_155' title='bbox 879 1739 915 1777; x_wconf 70' lang='lat' dir='ltr'>i.</span> <span class='ocrx_word' id='word_1_156' title='bbox 948 1739 1013 1777; x_wconf 89' lang='lat' dir='ltr'>ubi</span> 
     </span>
     <span class='ocr_line' id='line_1_26' title="bbox 40 1798 1018 1851; baseline 0.002 -15"><span class='ocrx_word' id='word_1_157' title='bbox 40 1799 164 1837; x_wconf 83' lang='lat' dir='ltr'>etiam</span> <span class='ocrx_word' id='word_1_158' title='bbox 195 1810 235 1849; x_wconf 91' lang='lat' dir='ltr'>p.-</span> <span class='ocrx_word' id='word_1_159' title='bbox 281 1799 370 1838; x_wconf 70' lang='lat'><strong>⁴⁴4.</strong></span> <span class='ocrx_word' id='word_1_160' title='bbox 421 1798 676 1838; x_wconf 76' lang='lat' dir='ltr'>Continuatio</span> <span class='ocrx_word' id='word_1_161' title='bbox 710 1798 830 1850; x_wconf 78' lang='lat' dir='ltr'>hujus</span> <span class='ocrx_word' id='word_1_162' title='bbox 865 1799 1018 1851; x_wconf 66' lang='lat' dir='ltr'>Scripci</span> 
     </span>
     <span class='ocr_line' id='line_1_27' title="bbox 34 1860 846 1911; baseline 0 -13"><span class='ocrx_word' id='word_1_163' title='bbox 34 1869 113 1911; x_wconf 81' lang='lat' dir='ltr'>per</span> <span class='ocrx_word' id='word_1_164' title='bbox 137 1860 300 1898; x_wconf 82' lang='lat' dir='ltr'>Petrum</span> <span class='ocrx_word' id='word_1_165' title='bbox 324 1861 460 1898; x_wconf 83' lang='lat' dir='ltr'>Hoorn·</span> <span class='ocrx_word' id='word_1_166' title='bbox 484 1860 700 1910; x_wconf 74' lang='lat' dir='ltr'>composita</span> <span class='ocrx_word' id='word_1_167' title='bbox 720 1863 846 1899; x_wconf 64' lang='grc' dir='ltr'>θυσίαι.</span> 
     </span>
     <span class='ocr_line' id='line_1_28' title="bbox 90 1920 1009 1973; baseline 0.001 -14"><span class='ocrx_word' id='word_1_168' title='bbox 90 1920 392 1960; x_wconf 83' lang='lat' dir='ltr'><strong>RUDOLPIIUS</strong></span> <span class='ocrx_word' id='word_1_169' title='bbox 420 1920 467 1959; x_wconf 83' lang='lat' dir='ltr'>de</span> <span class='ocrx_word' id='word_1_170' title='bbox 498 1921 809 1973; x_wconf 71' lang='lat' dir='ltr'>Frameinspery</span> <span class='ocrx_word' id='word_1_171' title='bbox 829 1954 839 1970; x_wconf 87' lang='lat'>,</span> <span class='ocrx_word' id='word_1_172' title='bbox 869 1923 1009 1969; x_wconf 86' lang='lat' dir='ltr'>miles,</span> 
     </span>
     <span class='ocr_line' id='line_1_29' title="bbox 39 1982 1011 2030; baseline 0.002 -10"><span class='ocrx_word' id='word_1_173' title='bbox 39 1993 61 2020; x_wconf 89' lang='lat' dir='ltr'>e</span> <span class='ocrx_word' id='word_1_174' title='bbox 92 1983 256 2021; x_wconf 84' lang='lat' dir='ltr'>Bavaria</span> <span class='ocrx_word' id='word_1_175' title='bbox 279 1982 499 2030; x_wconf 84' lang='lat' dir='ltr'>oriundus,</span> <span class='ocrx_word' id='word_1_176' title='bbox 523 1994 558 2022; x_wconf 86' lang='lat' dir='ltr'>a.</span> <span class='ocrx_word' id='word_1_177' title='bbox 584 1984 699 2022; x_wconf 72' lang='lat'><strong>4346.</strong></span> <span class='ocrx_word' id='word_1_178' title='bbox 725 1995 774 2022; x_wconf 87' lang='lat' dir='ltr'>ex</span> <span class='ocrx_word' id='word_1_179' title='bbox 798 1984 895 2022; x_wconf 87' lang='lat' dir='ltr'>urbe</span> <span class='ocrx_word' id='word_1_180' title='bbox 911 1986 1011 2022; x_wconf 85' lang='lat' dir='ltr'>Lan-</span> 
     </span>
     <span class='ocr_line' id='line_1_30' title="bbox 39 2044 1011 2096; baseline 0.002 -13"><span class='ocrx_word' id='word_1_181' title='bbox 39 2044 186 2084; x_wconf 86' lang='lat' dir='ltr'>dshuta</span> <span class='ocrx_word' id='word_1_182' title='bbox 210 2044 257 2083; x_wconf 91' lang='lat' dir='ltr'>ad</span> <span class='ocrx_word' id='word_1_183' title='bbox 279 2045 442 2083; x_wconf 85' lang='lat' dir='ltr'>Terram</span> <span class='ocrx_word' id='word_1_184' title='bbox 465 2046 653 2084; x_wconf 80' lang='lat' dir='ltr'>Sanctam</span> <span class='ocrx_word' id='word_1_185' title='bbox 683 2046 887 2096; x_wconf 87' lang='lat' dir='ltr'>profectus</span> <span class='ocrx_word' id='word_1_186' title='bbox 906 2075 915 2092; x_wconf 88' lang='lat'>,</span> <span class='ocrx_word' id='word_1_187' title='bbox 939 2046 1011 2085; x_wconf 90' lang='lat' dir='ltr'>sed</span> 
     </span>
     <span class='ocr_line' id='line_1_31' title="bbox 41 2105 1010 2158; baseline 0.002 -13"><span class='ocrx_word' id='word_1_188' title='bbox 41 2105 305 2145; x_wconf 80' lang='lat' dir='ltr'>Palaestinam</span> <span class='ocrx_word' id='word_1_189' title='bbox 355 2107 624 2145; x_wconf 84' lang='lat' dir='ltr'>transvolavit</span> <span class='ocrx_word' id='word_1_190' title='bbox 669 2108 830 2158; x_wconf 72' lang='lat' dir='ltr'>potius,</span> <span class='ocrx_word' id='word_1_191' title='bbox 889 2119 1010 2158; x_wconf 87' lang='lat' dir='ltr'>quam</span> 
     </span>
     <span class='ocr_line' id='line_1_32' title="bbox 37 2168 1011 2219; baseline 0.003 -14"><span class='ocrx_word' id='word_1_192' title='bbox 37 2169 275 2218; x_wconf 74' lang='lat' dir='ltr'>peragravit.</span> <span class='ocrx_word' id='word_1_193' title='bbox 297 2168 406 2207; x_wconf 88' lang='lat' dir='ltr'>Intra</span> <span class='ocrx_word' id='word_1_194' title='bbox 429 2168 580 2219; x_wconf 90' lang='lat' dir='ltr'>aliqvot</span> <span class='ocrx_word' id='word_1_195' title='bbox 600 2180 762 2208; x_wconf 87' lang='lat' dir='ltr'>menses</span> <span class='ocrx_word' id='word_1_196' title='bbox 778 2170 1011 2209; x_wconf 89' lang='lat' dir='ltr'>confectum</span> 
     </span>
     <span class='ocr_line' id='line_1_33' title="bbox 38 2227 1013 2282; baseline 0.003 -15"><span class='ocrx_word' id='word_1_197' title='bbox 38 2232 102 2267; x_wconf 86' lang='lat' dir='ltr'>est</span> <span class='ocrx_word' id='word_1_198' title='bbox 128 2227 220 2278; x_wconf 82' lang='lat' dir='ltr'>ejus</span> <span class='ocrx_word' id='word_1_199' title='bbox 246 2229 348 2280; x_wconf 76' lang='lat' dir='ltr'>iter,</span> <span class='ocrx_word' id='word_1_200' title='bbox 381 2241 453 2269; x_wconf 90' lang='lat' dir='ltr'>nec</span> <span class='ocrx_word' id='word_1_201' title='bbox 483 2231 558 2269; x_wconf 89' lang='lat' dir='ltr'>nisi</span> <span class='ocrx_word' id='word_1_202' title='bbox 590 2235 794 2270; x_wconf 83' lang='lat' dir='ltr'>trecentos</span> <span class='ocrx_word' id='word_1_203' title='bbox 823 2236 864 2269; x_wconf 89' lang='lat' dir='ltr'>et</span> <span class='ocrx_word' id='word_1_204' title='bbox 895 2233 1013 2282; x_wconf 74' lang='lat' dir='ltr'>quln-</span> 
     </span>
     <span class='ocr_line' id='line_1_34' title="bbox 38 2291 1012 2343; baseline 0.004 -14"><span class='ocrx_word' id='word_1_205' title='bbox 38 2291 228 2340; x_wconf 76' lang='lat' dir='ltr'>quaginta</span> <span class='ocrx_word' id='word_1_206' title='bbox 257 2291 428 2330; x_wconf 83' lang='lat' dir='ltr'>ssorenos</span> <span class='ocrx_word' id='word_1_207' title='bbox 457 2301 550 2331; x_wconf 92' lang='lat' dir='ltr'>cum</span> <span class='ocrx_word' id='word_1_208' title='bbox 582 2293 730 2332; x_wconf 85' lang='lat' dir='ltr'>famulo</span> <span class='ocrx_word' id='word_1_209' title='bbox 759 2296 1012 2343; x_wconf 83' lang='lat' dir='ltr'>consumsit,</span> 
     </span>
     <span class='ocr_line' id='line_1_35' title="bbox 44 2353 1011 2402; baseline 0.005 -12"><span class='ocrx_word' id='word_1_210' title='bbox 44 2361 216 2402; x_wconf 86' lang='lat' dir='ltr'>quorum</span> <span class='ocrx_word' id='word_1_211' title='bbox 237 2357 409 2402; x_wconf 86' lang='lat' dir='ltr'>quatuor</span> <span class='ocrx_word' id='word_1_212' title='bbox 432 2353 589 2402; x_wconf 89' lang='lat' dir='ltr'>habuit,</span> <span class='ocrx_word' id='word_1_213' title='bbox 614 2366 706 2394; x_wconf 87' lang='lat' dir='ltr'>cum</span> <span class='ocrx_word' id='word_1_214' title='bbox 730 2355 1011 2396; x_wconf 79' lang='lat' dir='ltr'>Landshutum</span> 
     </span>
     <span class='ocr_line' id='line_1_36' title="bbox 41 2413 1010 2465; baseline 0.006 -15"><span class='ocrx_word' id='word_1_215' title='bbox 41 2415 169 2451; x_wconf 90' lang='lat' dir='ltr'>venit.</span> <span class='ocrx_word' id='word_1_216' title='bbox 198 2413 370 2452; x_wconf 87' lang='lat' dir='ltr'>Fabulas</span> <span class='ocrx_word' id='word_1_217' title='bbox 400 2414 639 2465; x_wconf 86' lang='lat' dir='ltr'>plerumque</span> <span class='ocrx_word' id='word_1_218' title='bbox 669 2418 811 2463; x_wconf 81' lang='lat' dir='ltr'>refert,</span> <span class='ocrx_word' id='word_1_219' title='bbox 845 2429 918 2456; x_wconf 88' lang='lat' dir='ltr'>nec</span> <span class='ocrx_word' id='word_1_220' title='bbox 936 2419 1010 2457; x_wconf 89' lang='lat' dir='ltr'>nisi</span> 
     </span>
     <span class='ocr_line' id='line_1_37' title="bbox 42 2474 1014 2530; baseline 0.005 -17"><span class='ocrx_word' id='word_1_221' title='bbox 42 2474 265 2525; x_wconf 78' lang='lat' dir='ltr'>fragmenta</span> <span class='ocrx_word' id='word_1_222' title='bbox 293 2474 534 2514; x_wconf 85' lang='lat' dir='ltr'>brevissima</span> <span class='ocrx_word' id='word_1_223' title='bbox 565 2478 688 2516; x_wconf 88' lang='lat' dir='ltr'>totius</span> <span class='ocrx_word' id='word_1_224' title='bbox 716 2480 849 2527; x_wconf 91' lang='lat' dir='ltr'>operis</span> <span class='ocrx_word' id='word_1_225' title='bbox 875 2490 1014 2530; x_wconf 89' lang='lat' dir='ltr'>super-</span> 
     </span>
     <span class='ocr_line' id='line_1_38' title="bbox 43 2535 1012 2590; baseline 0.003 -16"><span class='ocrx_word' id='word_1_226' title='bbox 43 2541 156 2585; x_wconf 72' lang='lat' dir='ltr'>sunt,</span> <span class='ocrx_word' id='word_1_227' title='bbox 180 2535 285 2576; x_wconf 85' lang='lat' dir='ltr'>edita</span> <span class='ocrx_word' id='word_1_228' title='bbox 305 2547 327 2575; x_wconf 92' lang='lat' dir='ltr'>a</span> <span class='ocrx_word' id='word_1_229' title='bbox 350 2536 510 2576; x_wconf 86' lang='lat' dir='ltr'>Canisio</span> <span class='ocrx_word' id='word_1_230' title='bbox 528 2539 634 2577; x_wconf 85' lang='lat' dir='ltr'>Lect.</span> <span class='ocrx_word' id='word_1_231' title='bbox 655 2539 747 2577; x_wconf 88' lang='lat' dir='ltr'>Ant.</span> <span class='ocrx_word' id='word_1_232' title='bbox 774 2541 836 2578; x_wconf 93' lang='lat' dir='ltr'>lV.</span> <span class='ocrx_word' id='word_1_233' title='bbox 862 2553 898 2590; x_wconf 88' lang='lat' dir='ltr'>p.</span> <span class='ocrx_word' id='word_1_234' title='bbox 921 2541 1012 2579; x_wconf 80' lang='lat'><strong>358.</strong></span> 
     </span>
     <span class='ocr_line' id='line_1_39' title="bbox 38 2597 1012 2652; baseline 0.005 -17"><span class='ocrx_word' id='word_1_235' title='bbox 38 2597 312 2636; x_wconf 81' lang='lat' dir='ltr'>Narrationem</span> <span class='ocrx_word' id='word_1_236' title='bbox 344 2597 446 2638; x_wconf 87' lang='lat' dir='ltr'>hanc</span> <span class='ocrx_word' id='word_1_237' title='bbox 481 2599 677 2640; x_wconf 88' lang='lat' dir='ltr'>debemus</span> <span class='ocrx_word' id='word_1_238' title='bbox 706 2603 786 2639; x_wconf 82' lang='lat' dir='ltr'>Jac.</span> <span class='ocrx_word' id='word_1_239' title='bbox 814 2600 1012 2652; x_wconf 83' lang='lat' dir='ltr'>Basnagio</span> 
     </span>
     <span class='ocr_line' id='line_1_40' title="bbox 43 2659 1015 2712; baseline 0.006 -16"><span class='ocrx_word' id='word_1_240' title='bbox 43 2661 81 2697; x_wconf 89' lang='lat' dir='ltr'>in</span> <span class='ocrx_word' id='word_1_241' title='bbox 111 2659 389 2698; x_wconf 86' lang='lat' dir='ltr'>observatione</span> <span class='ocrx_word' id='word_1_242' title='bbox 421 2663 580 2711; x_wconf 89' lang='lat' dir='ltr'>praevia</span> <span class='ocrx_word' id='word_1_243' title='bbox 613 2674 646 2712; x_wconf 89' lang='lat' dir='ltr'>p.</span> <span class='ocrx_word' id='word_1_244' title='bbox 695 2664 784 2702; x_wconf 90' lang='lat'><strong>333.</strong></span> <span class='ocrx_word' id='word_1_245' title='bbox 831 2663 1015 2703; x_wconf 89' lang='lat' dir='ltr'>Olearius</span> 
     </span>
     <span class='ocr_line' id='line_1_41' title="bbox 47 2723 1011 2770; baseline 0.004 -11"><span class='ocrx_word' id='word_1_246' title='bbox 47 2724 267 2769; x_wconf 90' lang='lat' dir='ltr'>memorat,</span> <span class='ocrx_word' id='word_1_247' title='bbox 288 2733 381 2760; x_wconf 85' lang='lat' dir='ltr'>eum</span> <span class='ocrx_word' id='word_1_248' title='bbox 407 2723 608 2762; x_wconf 83' lang='lat' dir='ltr'>Pastorem</span> <span class='ocrx_word' id='word_1_249' title='bbox 627 2725 664 2761; x_wconf 91' lang='lat' dir='ltr'>in</span> <span class='ocrx_word' id='word_1_250' title='bbox 687 2724 842 2763; x_wconf 85' lang='lat' dir='ltr'>Sucken</span> <span class='ocrx_word' id='word_1_251' title='bbox 864 2725 985 2764; x_wconf 80' lang='lat' dir='ltr'>fuisse</span> <span class='ocrx_word' id='word_1_252' title='bbox 1002 2756 1011 2770; x_wconf 84' lang='lat'>,</span> 
     </span>
     <span class='ocr_line' id='line_1_42' title="bbox 43 2782 1013 2834; baseline 0.005 -14"><span class='ocrx_word' id='word_1_253' title='bbox 43 2788 86 2820; x_wconf 82' lang='lat' dir='ltr'>et</span> <span class='ocrx_word' id='word_1_254' title='bbox 101 2782 412 2834; x_wconf 73' lang='lat' dir='ltr'>Descriptionem</span> <span class='ocrx_word' id='word_1_255' title='bbox 432 2785 579 2823; x_wconf 82' lang='lat' dir='ltr'>Terrae</span> <span class='ocrx_word' id='word_1_256' title='bbox 600 2786 769 2825; x_wconf 81' lang='lat' dir='ltr'>Sanctae</span> <span class='ocrx_word' id='word_1_257' title='bbox 786 2797 877 2825; x_wconf 86' lang='lat' dir='ltr'>cum</span> <span class='ocrx_word' id='word_1_258' title='bbox 896 2788 1013 2825; x_wconf 80' lang='lat' dir='ltr'>Marci</span> 
     </span>
     <span class='ocr_line' id='line_1_43' title="bbox 42 2842 1015 2893; baseline 0.005 -11"><span class='ocrx_word' id='word_1_259' title='bbox 42 2842 148 2892; x_wconf 85' lang='lat' dir='ltr'>Poll,</span> <span class='ocrx_word' id='word_1_260' title='bbox 172 2844 339 2893; x_wconf 85' lang='lat' dir='ltr'>Veneti,</span> <span class='ocrx_word' id='word_1_261' title='bbox 369 2852 410 2884; x_wconf 84' lang='lat' dir='ltr'>et</span> <span class='ocrx_word' id='word_1_262' title='bbox 438 2846 497 2884; x_wconf 85' lang='lat' dir='ltr'>Jo.</span> <span class='ocrx_word' id='word_1_263' title='bbox 541 2847 590 2885; x_wconf 85' lang='lat' dir='ltr'>de</span> <span class='ocrx_word' id='word_1_264' title='bbox 631 2847 870 2886; x_wconf 82' lang='lat' dir='ltr'>MandaviIla</span> <span class='ocrx_word' id='word_1_265' title='bbox 903 2849 1015 2887; x_wconf 86' lang='lat' dir='ltr'>itine-</span> 
     </span>
     <span class='ocr_line' id='line_1_44' title="bbox 0 2902 964 2963; baseline 0.004 -20"><span class='ocrx_word' id='word_1_266' title='bbox 0 2902 2 2963; x_wconf 31' lang='grc' dir='ltr'><strong>ᾗ</strong></span> <span class='ocrx_word' id='word_1_267' title='bbox 43 2904 154 2945; x_wconf 91' lang='lat' dir='ltr'>ribus</span> <span class='ocrx_word' id='word_1_268' title='bbox 174 2906 379 2956; x_wconf 85' lang='lat' dir='ltr'>prodiisse.</span> <span class='ocrx_word' id='word_1_269' title='bbox 399 2908 494 2947; x_wconf 63' lang='lat' dir='ltr'>Vinle</span> <span class='ocrx_word' id='word_1_270' title='bbox 514 2913 555 2947; x_wconf 87' lang='lat' dir='ltr'>et</span> <span class='ocrx_word' id='word_1_271' title='bbox 573 2920 691 2959; x_wconf 87' lang='lat' dir='ltr'>supra</span> <span class='ocrx_word' id='word_1_272' title='bbox 711 2913 738 2947; x_wconf 82' lang='lat' dir='ltr'>t.</span> <span class='ocrx_word' id='word_1_273' title='bbox 764 2911 794 2947; x_wconf 93' lang='lat' dir='ltr'>ll</span> <span class='ocrx_word' id='word_1_274' title='bbox 816 2922 851 2960; x_wconf 90' lang='lat' dir='ltr'>p.</span> <span class='ocrx_word' id='word_1_275' title='bbox 874 2911 964 2948; x_wconf 79' lang='lat'><strong>588.</strong></span> 
     </span>
     <span class='ocr_line' id='line_1_45' title="bbox 0 2965 1017 3019; baseline 0.005 -14"><span class='ocrx_word' id='word_1_276' title='bbox 0 2965 3 3010; x_wconf 74' lang='grc' dir='ltr'>Ι</span> <span class='ocrx_word' id='word_1_277' title='bbox 100 2967 425 3018; x_wconf 85' lang='lat' dir='ltr'>RUDOLPHUS,</span> <span class='ocrx_word' id='word_1_278' title='bbox 458 2971 679 3010; x_wconf 90' lang='lat' dir='ltr'>monachus</span> <span class='ocrx_word' id='word_1_279' title='bbox 706 2970 939 3019; x_wconf 75' lang='lat' dir='ltr'>Fuldensis,</span> <span class='ocrx_word' id='word_1_280' title='bbox 960 2972 1017 3010; x_wconf 87' lang='lat' dir='ltr'>di-</span> 
     </span>
     <span class='ocr_line' id='line_1_46' title="bbox 0 3022 1017 3079; baseline 0.007 -14"><span class='ocrx_word' id='word_1_281' title='bbox 0 3022 2 3050; x_wconf 60' lang='lat' dir='ltr'>l</span> <span class='ocrx_word' id='word_1_282' title='bbox 47 3027 228 3078; x_wconf 87' lang='lat' dir='ltr'>scipulus</span> <span class='ocrx_word' id='word_1_283' title='bbox 242 3029 390 3068; x_wconf 82' lang='lat' dir='ltr'>Rabani</span> <span class='ocrx_word' id='word_1_284' title='bbox 409 3031 559 3078; x_wconf 87' lang='lat' dir='ltr'>Mauri,</span> <span class='ocrx_word' id='word_1_285' title='bbox 582 3033 697 3070; x_wconf 82' lang='lat' dir='ltr'>Poeta</span> <span class='ocrx_word' id='word_1_286' title='bbox 719 3037 759 3070; x_wconf 91' lang='lat' dir='ltr'>et</span> <span class='ocrx_word' id='word_1_287' title='bbox 778 3031 1017 3079; x_wconf 83' lang='lat' dir='ltr'>IlistoricuS‚</span> 
     </span>
    </p>
   </div>
   <div class='ocr_carea' id='block_1_3' title="bbox 0 2759 2 2795">
    <p class='ocr_par' dir='ltr' id='par_1_3' title="bbox 0 2759 2 2795">
     <span class='ocr_line' id='line_1_47' title="bbox 0 2759 2 2795; baseline 0 0"><span class='ocrx_word' id='word_1_288' title='bbox 0 2759 2 2795; x_wconf 74' lang='lat' dir='ltr'>i</span> 
     </span>
    </p>
   </div>
   <div class='ocr_carea' id='block_1_4' title="bbox 47 3087 1022 3391">
    <p class='ocr_par' dir='ltr' id='par_1_4' title="bbox 47 3087 1022 3391">
     <span class='ocr_line' id='line_1_48' title="bbox 48 3087 1021 3141; baseline 0.005 -13"><span class='ocrx_word' id='word_1_289' title='bbox 48 3088 145 3128; x_wconf 90' lang='lat' dir='ltr'>obiit</span> <span class='ocrx_word' id='word_1_290' title='bbox 168 3087 206 3128; x_wconf 61' lang='lat' dir='ltr'>a?</span> <span class='ocrx_word' id='word_1_291' title='bbox 229 3090 318 3129; x_wconf 82' lang='lat'><strong>865.</strong></span> <span class='ocrx_word' id='word_1_292' title='bbox 350 3102 475 3141; x_wconf 90' lang='lat' dir='ltr'>quum</span> <span class='ocrx_word' id='word_1_293' title='bbox 510 3094 546 3130; x_wconf 85' lang='lat' dir='ltr'>in</span> <span class='ocrx_word' id='word_1_294' title='bbox 579 3094 722 3132; x_wconf 82' lang='lat' dir='ltr'>Schola</span> <span class='ocrx_word' id='word_1_295' title='bbox 748 3094 935 3133; x_wconf 90' lang='lat' dir='ltr'>Fuldensi</span> <span class='ocrx_word' id='word_1_296' title='bbox 953 3095 1021 3134; x_wconf 91' lang='lat' dir='ltr'>do-</span> 
     </span>
     <span class='ocr_line' id='line_1_49' title="bbox 47 3149 1022 3195; baseline 0.006 -6"><span class='ocrx_word' id='word_1_297' title='bbox 47 3150 224 3190; x_wconf 89' lang='lat' dir='ltr'>cuisset:</span> <span class='ocrx_word' id='word_1_298' title='bbox 254 3149 494 3192; x_wconf 80' lang='lat' dir='ltr'>Godefridus</span> <span class='ocrx_word' id='word_1_299' title='bbox 524 3153 808 3194; x_wconf 82' lang='lat' dir='ltr'>Henschenius</span> <span class='ocrx_word' id='word_1_300' title='bbox 838 3157 876 3193; x_wconf 91' lang='lat' dir='ltr'>in</span> <span class='ocrx_word' id='word_1_301' title='bbox 907 3156 1022 3195; x_wconf 80' lang='lat' dir='ltr'>Com-</span> 
     </span>
     <span class='ocr_line' id='line_1_50' title="bbox 49 3213 1019 3265; baseline 0.006 -15"><span class='ocrx_word' id='word_1_302' title='bbox 49 3216 174 3251; x_wconf 88' lang='lat' dir='ltr'>ment.</span> <span class='ocrx_word' id='word_1_303' title='bbox 205 3214 366 3263; x_wconf 89' lang='lat' dir='ltr'>praevio</span> <span class='ocrx_word' id='word_1_304' title='bbox 396 3213 444 3253; x_wconf 90' lang='lat' dir='ltr'>ad</span> <span class='ocrx_word' id='word_1_305' title='bbox 476 3217 599 3254; x_wconf 83' lang='lat' dir='ltr'>vitam</span> <span class='ocrx_word' id='word_1_306' title='bbox 645 3217 817 3265; x_wconf 84' lang='lat' dir='ltr'>Rabani‚</span> <span class='ocrx_word' id='word_1_307' title='bbox 857 3222 952 3256; x_wconf 88' lang='lat' dir='ltr'>torn.</span> <span class='ocrx_word' id='word_1_308' title='bbox 989 3219 1019 3258; x_wconf 91' lang='lat' dir='ltr'>I.</span> 
     </span>
     <span class='ocr_line' id='line_1_51' title="bbox 50 3273 1021 3326; baseline 0.006 -14"><span class='ocrx_word' id='word_1_309' title='bbox 50 3274 164 3313; x_wconf 85' lang='lat' dir='ltr'>Febr.</span> <span class='ocrx_word' id='word_1_310' title='bbox 195 3286 232 3326; x_wconf 92' lang='lat' dir='ltr'>p.</span> <span class='ocrx_word' id='word_1_311' title='bbox 263 3273 355 3314; x_wconf 71' lang='lat'><strong>504.</strong></span> <span class='ocrx_word' id='word_1_312' title='bbox 384 3275 518 3325; x_wconf 82' lang='lat' dir='ltr'>docet,</span> <span class='ocrx_word' id='word_1_313' title='bbox 549 3289 640 3317; x_wconf 88' lang='lat' dir='ltr'>eum</span> <span class='ocrx_word' id='word_1_314' title='bbox 674 3279 824 3317; x_wconf 82' lang='lat' dir='ltr'>chartis</span> <span class='ocrx_word' id='word_1_315' title='bbox 845 3279 1021 3318; x_wconf 84' lang='lat' dir='ltr'>donatio—</span> 
     </span>
     <span class='ocr_line' id='line_1_52' title="bbox 57 3334 1019 3391; baseline 0.004 -15"><span class='ocrx_word' id='word_1_316' title='bbox 57 3346 156 3376; x_wconf 86' lang='lat' dir='ltr'>num</span> <span class='ocrx_word' id='word_1_317' title='bbox 187 3334 314 3375; x_wconf 81' lang='lat' dir='ltr'>Caroli</span> <span class='ocrx_word' id='word_1_318' title='bbox 345 3337 397 3377; x_wconf 87' lang='lat' dir='ltr'>M.</span> <span class='ocrx_word' id='word_1_319' title='bbox 430 3343 469 3377; x_wconf 77' lang='lat' dir='ltr'>et</span> <span class='ocrx_word' id='word_1_320' title='bbox 502 3340 687 3378; x_wconf 67' lang='lat' dir='ltr'>[udovici</span> <span class='ocrx_word' id='word_1_321' title='bbox 720 3342 797 3390; x_wconf 66' lang='lat' dir='ltr'>Pii,</span> <span class='ocrx_word' id='word_1_322' title='bbox 831 3346 1019 3391; x_wconf 79' lang='lat' dir='ltr'>tanquam</span> 
     </span>
    </p>
   </div>
   <div class='ocr_carea' id='block_1_5' title="bbox 1086 318 2070 3020">
    <p class='ocr_par' dir='ltr' id='par_1_5' title="bbox 1095 318 2069 546">
     <span class='ocr_line' id='line_1_53' title="bbox 1095 318 2069 368; baseline -0.006 -7"><span class='ocrx_word' id='word_1_323' title='bbox 1095 322 1415 368; x_wconf 67' lang='lat' dir='ltr'>Scholasticuni,</span> <span class='ocrx_word' id='word_1_324' title='bbox 1446 321 1646 360; x_wconf 87' lang='lat' dir='ltr'>Clericum</span> <span class='ocrx_word' id='word_1_325' title='bbox 1678 325 1719 359; x_wconf 87' lang='lat' dir='ltr'>et</span> <span class='ocrx_word' id='word_1_326' title='bbox 1749 318 2069 368; x_wconf 69' lang='lat' dir='ltr'>Subdiaconum,</span> 
     </span>
     <span class='ocr_line' id='line_1_54' title="bbox 1097 380 2068 434; baseline -0.005 -12"><span class='ocrx_word' id='word_1_327' title='bbox 1097 384 1400 434; x_wconf 89' lang='lat' dir='ltr'>subscripsisse·</span> <span class='ocrx_word' id='word_1_328' title='bbox 1426 384 1486 422; x_wconf 78' lang='lat' dir='ltr'>Ex</span> <span class='ocrx_word' id='word_1_329' title='bbox 1504 383 1579 421; x_wconf 89' lang='lat' dir='ltr'>alia</span> <span class='ocrx_word' id='word_1_330' title='bbox 1599 381 1735 421; x_wconf 85' lang='lat' dir='ltr'>charta</span> <span class='ocrx_word' id='word_1_331' title='bbox 1760 380 1954 428; x_wconf 85' lang='lat' dir='ltr'>ostendit,</span> <span class='ocrx_word' id='word_1_332' title='bbox 1972 390 2068 418; x_wconf 92' lang='lat' dir='ltr'>eum</span> 
     </span>
     <span class='ocr_line' id='line_1_55' title="bbox 1099 441 2069 494; baseline -0.005 -11"><span class='ocrx_word' id='word_1_333' title='bbox 1099 446 1299 485; x_wconf 87' lang='lat' dir='ltr'>Ludovico</span> <span class='ocrx_word' id='word_1_334' title='bbox 1329 446 1565 484; x_wconf 79' lang='lat' dir='ltr'>Germaniae</span> <span class='ocrx_word' id='word_1_335' title='bbox 1590 445 1683 494; x_wconf 78' lang='lat' dir='ltr'>Regi</span> <span class='ocrx_word' id='word_1_336' title='bbox 1708 456 1729 483; x_wconf 93' lang='lat' dir='ltr'>a</span> <span class='ocrx_word' id='word_1_337' title='bbox 1754 441 2014 482; x_wconf 88' lang='lat' dir='ltr'>concionibus</span> <span class='ocrx_word' id='word_1_338' title='bbox 2028 444 2069 479; x_wconf 89' lang='lat' dir='ltr'>et</span> 
     </span>
     <span class='ocr_line' id='line_1_56' title="bbox 1096 504 1984 546; baseline -0.002 -2"><span class='ocrx_word' id='word_1_339' title='bbox 1096 508 1418 546; x_wconf 79' lang='lat' dir='ltr'>confessionibus</span> <span class='ocrx_word' id='word_1_340' title='bbox 1450 507 1588 545; x_wconf 86' lang='lat' dir='ltr'>fuisse.</span> <span class='ocrx_word' id='word_1_341' title='bbox 1618 507 1817 544; x_wconf 83' lang='lat' dir='ltr'>Habemus</span> <span class='ocrx_word' id='word_1_342' title='bbox 1846 504 1895 543; x_wconf 94' lang='lat' dir='ltr'>ab</span> <span class='ocrx_word' id='word_1_343' title='bbox 1924 514 1984 541; x_wconf 88' lang='lat' dir='ltr'>eo.</span> 
     </span>
    </p>

    <p class='ocr_par' dir='ltr' id='par_1_6' title="bbox 1095 564 2070 984">
     <span class='ocr_line' id='line_1_57' title="bbox 1157 564 2069 615; baseline -0.007 -7"><span class='ocrx_word' id='word_1_344' title='bbox 1157 571 1192 608; x_wconf 76' lang='lat'>4.</span> <span class='ocrx_word' id='word_1_345' title='bbox 1229 569 1355 608; x_wconf 74' lang='lat' dir='ltr'>Vitam</span> <span class='ocrx_word' id='word_1_346' title='bbox 1376 570 1417 607; x_wconf 91' lang='lat' dir='ltr'>S.</span> <span class='ocrx_word' id='word_1_347' title='bbox 1434 566 1577 606; x_wconf 81' lang='lat' dir='ltr'>Liobae</span> <span class='ocrx_word' id='word_1_348' title='bbox 1592 599 1602 615; x_wconf 88' lang='lat'>,</span> <span class='ocrx_word' id='word_1_349' title='bbox 1633 568 1869 606; x_wconf 83' lang='lat' dir='ltr'>Abbatissae</span> <span class='ocrx_word' id='word_1_350' title='bbox 1891 564 2069 604; x_wconf 78' lang='lat' dir='ltr'>Bischof·</span> 
     </span>
     <span class='ocr_line' id='line_1_58' title="bbox 1100 627 2070 677; baseline -0.007 -7"><span class='ocrx_word' id='word_1_351' title='bbox 1100 631 1337 677; x_wconf 81' lang='lat' dir='ltr'>belmensis,</span> <span class='ocrx_word' id='word_1_352' title='bbox 1368 629 1517 667; x_wconf 85' lang='lat' dir='ltr'>editam</span> <span class='ocrx_word' id='word_1_353' title='bbox 1547 640 1568 667; x_wconf 89' lang='lat' dir='ltr'>a</span> <span class='ocrx_word' id='word_1_354' title='bbox 1599 629 1715 668; x_wconf 90' lang='lat' dir='ltr'>Surio</span> <span class='ocrx_word' id='word_1_355' title='bbox 1748 629 1784 666; x_wconf 91' lang='lat' dir='ltr'>in</span> <span class='ocrx_word' id='word_1_356' title='bbox 1811 627 1984 665; x_wconf 86' lang='lat' dir='ltr'>editione</span> <span class='ocrx_word' id='word_1_357' title='bbox 2007 636 2070 664; x_wconf 88' lang='lat' dir='ltr'>se-</span> 
     </span>
     <span class='ocr_line' id='line_1_59' title="bbox 1099 688 2069 741; baseline -0.007 -10"><span class='ocrx_word' id='word_1_358' title='bbox 1099 692 1230 731; x_wconf 88' lang='lat' dir='ltr'>cunda</span> <span class='ocrx_word' id='word_1_359' title='bbox 1248 703 1285 741; x_wconf 89' lang='lat' dir='ltr'>q.</span> <span class='ocrx_word' id='word_1_360' title='bbox 1312 692 1376 738; x_wconf 73' lang='lat'>28,</span> <span class='ocrx_word' id='word_1_361' title='bbox 1404 691 1512 740; x_wconf 87' lang='lat' dir='ltr'>Sept.</span> <span class='ocrx_word' id='word_1_362' title='bbox 1548 694 1588 727; x_wconf 87' lang='lat' dir='ltr'>et</span> <span class='ocrx_word' id='word_1_363' title='bbox 1620 690 1841 728; x_wconf 88' lang='lat' dir='ltr'>Mabillonio</span> <span class='ocrx_word' id='word_1_364' title='bbox 1880 689 1967 727; x_wconf 89' lang='lat' dir='ltr'>Sec.</span> <span class='ocrx_word' id='word_1_365' title='bbox 1995 688 2069 725; x_wconf 82' lang='lat' dir='ltr'>Be-</span> 
     </span>
     <span class='ocr_line' id='line_1_60' title="bbox 1099 749 2068 802; baseline -0.006 -10"><span class='ocrx_word' id='word_1_366' title='bbox 1099 754 1188 792; x_wconf 90' lang='lat' dir='ltr'>ned.</span> <span class='ocrx_word' id='word_1_367' title='bbox 1208 754 1274 791; x_wconf 91' lang='lat'><strong>111.</strong></span> <span class='ocrx_word' id='word_1_368' title='bbox 1302 756 1401 802; x_wconf 90' lang='lat' dir='ltr'>part.</span> <span class='ocrx_word' id='word_1_369' title='bbox 1429 752 1452 789; x_wconf 75' lang='lat'><strong>2</strong></span> <span class='ocrx_word' id='word_1_370' title='bbox 1491 763 1527 801; x_wconf 91' lang='lat' dir='ltr'>p.</span> <span class='ocrx_word' id='word_1_371' title='bbox 1555 750 1635 790; x_wconf 57' lang='lat'>2125</span> <span class='ocrx_word' id='word_1_372' title='bbox 1666 751 1906 800; x_wconf 89' lang='lat' dir='ltr'>Hancjussu</span> <span class='ocrx_word' id='word_1_373' title='bbox 1919 749 2068 788; x_wconf 83' lang='lat' dir='ltr'>Rabani</span> 
     </span>
     <span class='ocr_line' id='line_1_61' title="bbox 1096 812 2067 866; baseline -0.007 -11"><span class='ocrx_word' id='word_1_374' title='bbox 1096 817 1268 866; x_wconf 86' lang='lat' dir='ltr'>scripsit.</span> <span class='ocrx_word' id='word_1_375' title='bbox 1290 816 1490 865; x_wconf 81' lang='lat' dir='ltr'>Excerpta</span> <span class='ocrx_word' id='word_1_376' title='bbox 1523 825 1572 852; x_wconf 74' lang='lat' dir='ltr'>ex</span> <span class='ocrx_word' id='word_1_377' title='bbox 1611 813 1675 851; x_wconf 88' lang='lat' dir='ltr'>illa</span> <span class='ocrx_word' id='word_1_378' title='bbox 1712 812 1821 850; x_wconf 81' lang='lat' dir='ltr'>dedit</span> <span class='ocrx_word' id='word_1_379' title='bbox 1852 813 2067 849; x_wconf 87' lang='lat' dir='ltr'>Browerus</span> 
     </span>
     <span class='ocr_line' id='line_1_62' title="bbox 1098 873 2065 922; baseline -0.005 -7"><span class='ocrx_word' id='word_1_380' title='bbox 1098 879 1135 916; x_wconf 92' lang='lat' dir='ltr'>in</span> <span class='ocrx_word' id='word_1_381' title='bbox 1169 876 1374 915; x_wconf 89' lang='lat' dir='ltr'>Sideribus</span> <span class='ocrx_word' id='word_1_382' title='bbox 1416 875 1677 922; x_wconf 84' lang='lat' dir='ltr'>Germaniae,</span> <span class='ocrx_word' id='word_1_383' title='bbox 1720 878 1760 912; x_wconf 87' lang='lat' dir='ltr'>et</span> <span class='ocrx_word' id='word_1_384' title='bbox 1800 873 2065 912; x_wconf 83' lang='lat' dir='ltr'>Scbannatin</span> 
     </span>
     <span class='ocr_line' id='line_1_63' title="bbox 1095 935 2067 984; baseline -0.006 -7"><span class='ocrx_word' id='word_1_385' title='bbox 1095 938 1242 977; x_wconf 87' lang='lat' dir='ltr'>Codice</span> <span class='ocrx_word' id='word_1_386' title='bbox 1264 938 1544 977; x_wconf 86' lang='lat' dir='ltr'>Probationum</span> <span class='ocrx_word' id='word_1_387' title='bbox 1558 935 1926 974; x_wconf 84' lang='lat' dir='ltr'>Histor.Fuldensis</span> <span class='ocrx_word' id='word_1_388' title='bbox 1941 946 1979 984; x_wconf 88' lang='lat' dir='ltr'>p.</span> <span class='ocrx_word' id='word_1_389' title='bbox 2003 935 2067 972; x_wconf 83' lang='lat'>79.</span> 
     </span>
    </p>

    <p class='ocr_par' dir='ltr' id='par_1_7' title="bbox 1092 997 2070 1416">
     <span class='ocr_line' id='line_1_64' title="bbox 1148 997 2066 1047; baseline -0.008 -8"><span class='ocrx_word' id='word_1_390' title='bbox 1148 1001 1187 1039; x_wconf 71' lang='lat'>2.</span> <span class='ocrx_word' id='word_1_391' title='bbox 1214 1000 1341 1038; x_wconf 76' lang='lat' dir='ltr'>Vitam</span> <span class='ocrx_word' id='word_1_392' title='bbox 1362 997 1522 1039; x_wconf 69' lang='lat' dir='ltr'>stabam·</span> <span class='ocrx_word' id='word_1_393' title='bbox 1538 997 1693 1045; x_wconf 74' lang='lat' dir='ltr'>Mauri,</span> <span class='ocrx_word' id='word_1_394' title='bbox 1719 1007 1822 1047; x_wconf 87' lang='lat' dir='ltr'>quae</span> <span class='ocrx_word' id='word_1_395' title='bbox 1863 999 1996 1034; x_wconf 82' lang='lat' dir='ltr'>exstat</span> <span class='ocrx_word' id='word_1_396' title='bbox 2027 997 2066 1033; x_wconf 90' lang='lat' dir='ltr'>in</span> 
     </span>
     <span class='ocr_line' id='line_1_65' title="bbox 1095 1058 2066 1114; baseline -0.008 -12"><span class='ocrx_word' id='word_1_397' title='bbox 1095 1063 1293 1114; x_wconf 84' lang='lat' dir='ltr'>Operibus</span> <span class='ocrx_word' id='word_1_398' title='bbox 1317 1061 1438 1112; x_wconf 86' lang='lat' dir='ltr'>hujus</span> <span class='ocrx_word' id='word_1_399' title='bbox 1461 1073 1530 1112; x_wconf 86' lang='lat' dir='ltr'>per</span> <span class='ocrx_word' id='word_1_400' title='bbox 1568 1060 1848 1099; x_wconf 85' lang='lat' dir='ltr'>Colvenerium</span> <span class='ocrx_word' id='word_1_401' title='bbox 1872 1087 1879 1106; x_wconf 89' lang='lat'>,</span> <span class='ocrx_word' id='word_1_402' title='bbox 1904 1063 1997 1096; x_wconf 88' lang='lat' dir='ltr'>tom.</span> <span class='ocrx_word' id='word_1_403' title='bbox 2038 1058 2066 1095; x_wconf 92' lang='lat' dir='ltr'>I.</span> 
     </span>
     <span class='ocr_line' id='line_1_66' title="bbox 1096 1120 2068 1165; baseline -0.006 -3"><span class='ocrx_word' id='word_1_404' title='bbox 1096 1126 1133 1162; x_wconf 90' lang='lat' dir='ltr'>in</span> <span class='ocrx_word' id='word_1_405' title='bbox 1157 1125 1333 1164; x_wconf 87' lang='lat' dir='ltr'>Broweri</span> <span class='ocrx_word' id='word_1_406' title='bbox 1357 1124 1454 1162; x_wconf 83' lang='lat' dir='ltr'>Ant.</span> <span class='ocrx_word' id='word_1_407' title='bbox 1492 1121 1760 1161; x_wconf 87' lang='lat' dir='ltr'>Fuldensibus</span> <span class='ocrx_word' id='word_1_408' title='bbox 1786 1150 1794 1165; x_wconf 84' lang='lat'><strong>‚</strong></span> <span class='ocrx_word' id='word_1_409' title='bbox 1821 1131 1892 1159; x_wconf 88' lang='lat' dir='ltr'>nec</span> <span class='ocrx_word' id='word_1_410' title='bbox 1929 1130 2004 1157; x_wconf 91' lang='lat' dir='ltr'>non</span> <span class='ocrx_word' id='word_1_411' title='bbox 2028 1120 2068 1156; x_wconf 90' lang='lat' dir='ltr'>in</span> 
     </span>
     <span class='ocr_line' id='line_1_67' title="bbox 1095 1182 2067 1234; baseline -0.006 -9"><span class='ocrx_word' id='word_1_412' title='bbox 1095 1187 1206 1225; x_wconf 89' lang='lat' dir='ltr'>Actis</span> <span class='ocrx_word' id='word_1_413' title='bbox 1233 1187 1474 1225; x_wconf 86' lang='lat' dir='ltr'>Sanctorum</span> <span class='ocrx_word' id='word_1_414' title='bbox 1502 1189 1598 1222; x_wconf 87' lang='lat' dir='ltr'>tom.</span> <span class='ocrx_word' id='word_1_415' title='bbox 1620 1185 1650 1222; x_wconf 94' lang='lat' dir='ltr'>l.</span> <span class='ocrx_word' id='word_1_416' title='bbox 1687 1183 1778 1221; x_wconf 85' lang='lat' dir='ltr'>Feb.</span> <span class='ocrx_word' id='word_1_417' title='bbox 1819 1195 1857 1234; x_wconf 89' lang='lat' dir='ltr'>p.</span> <span class='ocrx_word' id='word_1_418' title='bbox 1886 1182 1974 1221; x_wconf 81' lang='lat'><strong>500.</strong></span> <span class='ocrx_word' id='word_1_419' title='bbox 2004 1192 2067 1232; x_wconf 91' lang='lat' dir='ltr'>ap.</span> 
     </span>
     <span class='ocr_line' id='line_1_68' title="bbox 1098 1242 2070 1295; baseline -0.007 -8"><span class='ocrx_word' id='word_1_420' title='bbox 1098 1247 1368 1287; x_wconf 85' lang='lat' dir='ltr'>Mabillonium</span> <span class='ocrx_word' id='word_1_421' title='bbox 1396 1257 1476 1284; x_wconf 85' lang='lat' dir='ltr'>sec.</span> <span class='ocrx_word' id='word_1_422' title='bbox 1501 1246 1565 1284; x_wconf 89' lang='lat' dir='ltr'>IV.</span> <span class='ocrx_word' id='word_1_423' title='bbox 1591 1249 1690 1295; x_wconf 85' lang='lat' dir='ltr'>part.</span> <span class='ocrx_word' id='word_1_424' title='bbox 1718 1245 1753 1282; x_wconf 73' lang='lat'>2.</span> <span class='ocrx_word' id='word_1_425' title='bbox 1779 1255 1815 1295; x_wconf 92' lang='lat' dir='ltr'>p.</span> <span class='ocrx_word' id='word_1_426' title='bbox 1852 1245 1886 1282; x_wconf 77' lang='lat' dir='ltr'>l.</span> <span class='ocrx_word' id='word_1_427' title='bbox 1917 1242 2070 1282; x_wconf 79' lang='lat' dir='ltr'>Sclian·</span> 
     </span>
     <span class='ocr_line' id='line_1_69' title="bbox 1093 1304 2067 1357; baseline -0.005 -11"><span class='ocrx_word' id='word_1_428' title='bbox 1093 1313 1233 1347; x_wconf 77' lang='lat' dir='ltr'>natum</span> <span class='ocrx_word' id='word_1_429' title='bbox 1256 1308 1279 1346; x_wconf 96' lang='lat' dir='ltr'>l.</span> <span class='ocrx_word' id='word_1_430' title='bbox 1302 1318 1334 1345; x_wconf 93' lang='lat' dir='ltr'>c.</span> <span class='ocrx_word' id='word_1_431' title='bbox 1363 1319 1400 1357; x_wconf 89' lang='lat' dir='ltr'>p.</span> <span class='ocrx_word' id='word_1_432' title='bbox 1439 1306 1527 1345; x_wconf 68' lang='lat'><strong>4⁴7.</strong></span> <span class='ocrx_word' id='word_1_433' title='bbox 1566 1306 1763 1344; x_wconf 88' lang='lat' dir='ltr'>Particula</span> <span class='ocrx_word' id='word_1_434' title='bbox 1804 1306 1924 1343; x_wconf 79' lang='lat' dir='ltr'>otiam</span> <span class='ocrx_word' id='word_1_435' title='bbox 1961 1304 2067 1342; x_wconf 89' lang='lat' dir='ltr'>illius</span> 
     </span>
     <span class='ocr_line' id='line_1_70' title="bbox 1092 1366 1867 1416; baseline -0.006 -8"><span class='ocrx_word' id='word_1_436' title='bbox 1092 1371 1129 1408; x_wconf 89' lang='lat' dir='ltr'>in</span> <span class='ocrx_word' id='word_1_437' title='bbox 1153 1369 1264 1407; x_wconf 81' lang='lat' dir='ltr'>Actis</span> <span class='ocrx_word' id='word_1_438' title='bbox 1295 1367 1361 1406; x_wconf 89' lang='lat' dir='ltr'>SS.</span> <span class='ocrx_word' id='word_1_439' title='bbox 1394 1372 1491 1404; x_wconf 83' lang='lat' dir='ltr'>tom.</span> <span class='ocrx_word' id='word_1_440' title='bbox 1523 1367 1551 1404; x_wconf 92' lang='lat'>1.</span> <span class='ocrx_word' id='word_1_441' title='bbox 1585 1366 1733 1416; x_wconf 85' lang='lat' dir='ltr'>Aprilis</span> <span class='ocrx_word' id='word_1_442' title='bbox 1765 1378 1799 1416; x_wconf 90' lang='lat' dir='ltr'>p.</span> <span class='ocrx_word' id='word_1_443' title='bbox 1831 1367 1867 1403; x_wconf 95' lang='lat'><strong>7.</strong></span> 
     </span>
    </p>

    <p class='ocr_par' dir='ltr' id='par_1_8' title="bbox 1090 1426 2066 1786">
     <span class='ocr_line' id='line_1_71' title="bbox 1145 1426 2066 1477; baseline -0.005 -8"><span class='ocrx_word' id='word_1_444' title='bbox 1145 1432 1181 1469; x_wconf 88' lang='lat'>3.</span> <span class='ocrx_word' id='word_1_445' title='bbox 1225 1431 1383 1468; x_wconf 82' lang='lat' dir='ltr'>Partem</span> <span class='ocrx_word' id='word_1_446' title='bbox 1433 1427 1650 1466; x_wconf 81' lang='lat' dir='ltr'>Annalium</span> <span class='ocrx_word' id='word_1_447' title='bbox 1693 1426 1947 1466; x_wconf 75' lang='lat' dir='ltr'>Fuldensium</span> <span class='ocrx_word' id='word_1_448' title='bbox 1992 1429 2066 1477; x_wconf 86' lang='lat' dir='ltr'>ipsi</span> 
     </span>
     <span class='ocr_line' id='line_1_72' title="bbox 1091 1489 2063 1530; baseline -0.005 0"><span class='ocrx_word' id='word_1_449' title='bbox 1091 1491 1228 1530; x_wconf 86' lang='lat' dir='ltr'>tribuit</span> <span class='ocrx_word' id='word_1_450' title='bbox 1260 1489 1467 1529; x_wconf 82' lang='lat' dir='ltr'>Eccardus</span> <span class='ocrx_word' id='word_1_451' title='bbox 1511 1500 1647 1528; x_wconf 89' lang='lat' dir='ltr'>rerum</span> <span class='ocrx_word' id='word_1_452' title='bbox 1694 1490 1872 1528; x_wconf 86' lang='lat' dir='ltr'>Francic.</span> <span class='ocrx_word' id='word_1_453' title='bbox 1915 1490 2063 1527; x_wconf 83' lang='lat' dir='ltr'><strong>XXXI.</strong></span> 
     </span>
     <span class='ocr_line' id='line_1_73' title="bbox 1093 1550 2063 1602; baseline -0.005 -11"><span class='ocrx_word' id='word_1_454' title='bbox 1093 1553 1184 1592; x_wconf 71' lang='lat'><strong>448.</strong></span> <span class='ocrx_word' id='word_1_455' title='bbox 1213 1552 1305 1602; x_wconf 90' lang='lat' dir='ltr'>quia</span> <span class='ocrx_word' id='word_1_456' title='bbox 1337 1562 1407 1597; x_wconf 82' lang='lat' dir='ltr'>ea,</span> <span class='ocrx_word' id='word_1_457' title='bbox 1437 1561 1541 1600; x_wconf 89' lang='lat' dir='ltr'>quae</span> <span class='ocrx_word' id='word_1_458' title='bbox 1571 1551 1617 1588; x_wconf 90' lang='lat' dir='ltr'>A.</span> <span class='ocrx_word' id='word_1_459' title='bbox 1662 1551 1751 1589; x_wconf 75' lang='lat'><strong>852.</strong></span> <span class='ocrx_word' id='word_1_460' title='bbox 1794 1550 2063 1600; x_wconf 85' lang='lat' dir='ltr'>praecedunt,</span> 
     </span>
     <span class='ocr_line' id='line_1_74' title="bbox 1090 1611 2065 1663; baseline -0.006 -10"><span class='ocrx_word' id='word_1_461' title='bbox 1090 1625 1110 1653; x_wconf 92' lang='lat' dir='ltr'>a</span> <span class='ocrx_word' id='word_1_462' title='bbox 1141 1614 1334 1663; x_wconf 87' lang='lat' dir='ltr'>scriptore</span> <span class='ocrx_word' id='word_1_463' title='bbox 1364 1617 1702 1663; x_wconf 89' lang='lat' dir='ltr'>contemporaneo</span> <span class='ocrx_word' id='word_1_464' title='bbox 1740 1617 1780 1651; x_wconf 91' lang='lat' dir='ltr'>et</span> <span class='ocrx_word' id='word_1_465' title='bbox 1823 1611 1914 1650; x_wconf 86' lang='lat' dir='ltr'>aula</span> <span class='ocrx_word' id='word_1_466' title='bbox 1958 1612 2065 1661; x_wconf 79' lang='lat' dir='ltr'>regia</span> 
     </span>
     <span class='ocr_line' id='line_1_75' title="bbox 1090 1672 2063 1725; baseline -0.004 -11"><span class='ocrx_word' id='word_1_467' title='bbox 1090 1680 1250 1714; x_wconf 87' lang='lat' dir='ltr'>versato</span> <span class='ocrx_word' id='word_1_468' title='bbox 1270 1676 1488 1725; x_wconf 90' lang='lat' dir='ltr'>composita</span> <span class='ocrx_word' id='word_1_469' title='bbox 1506 1677 1598 1713; x_wconf 91' lang='lat' dir='ltr'>sint.</span> <span class='ocrx_word' id='word_1_470' title='bbox 1612 1675 1913 1714; x_wconf 86' lang='lat' dir='ltr'>AddeCaveum</span> <span class='ocrx_word' id='word_1_471' title='bbox 1932 1672 2063 1724; x_wconf 58' lang='lat'><strong>9459.</strong></span> 
     </span>
     <span class='ocr_line' id='line_1_76' title="bbox 1091 1736 2064 1786; baseline -0.003 -10"><span class='ocrx_word' id='word_1_472' title='bbox 1091 1738 1261 1777; x_wconf 86' lang='lat' dir='ltr'>Histoire</span> <span class='ocrx_word' id='word_1_473' title='bbox 1284 1737 1456 1775; x_wconf 89' lang='lat' dir='ltr'>literaire</span> <span class='ocrx_word' id='word_1_474' title='bbox 1473 1737 1574 1776; x_wconf 86' lang='lat' dir='ltr'>dela</span> <span class='ocrx_word' id='word_1_475' title='bbox 1601 1738 1751 1775; x_wconf 87' lang='lat' dir='ltr'>France</span> <span class='ocrx_word' id='word_1_476' title='bbox 1782 1741 1810 1774; x_wconf 93' lang='lat' dir='ltr'>t.</span> <span class='ocrx_word' id='word_1_477' title='bbox 1829 1737 1872 1774; x_wconf 93' lang='lat' dir='ltr'>V.</span> <span class='ocrx_word' id='word_1_478' title='bbox 1903 1748 1939 1786; x_wconf 92' lang='lat' dir='ltr'>p.</span> <span class='ocrx_word' id='word_1_479' title='bbox 1972 1736 2064 1774; x_wconf 71' lang='lat'><strong>285.</strong></span> 
     </span>
    </p>

    <p class='ocr_par' dir='ltr' id='par_1_9' title="bbox 1086 1796 2066 2097">
     <span class='ocr_line' id='line_1_77' title="bbox 1143 1796 2066 1847; baseline -0.004 -9"><span class='ocrx_word' id='word_1_480' title='bbox 1143 1799 1203 1838; x_wconf 90' lang='lat' dir='ltr'>Ad</span> <span class='ocrx_word' id='word_1_481' title='bbox 1235 1798 1342 1838; x_wconf 89' lang='lat' dir='ltr'>hunc</span> <span class='ocrx_word' id='word_1_482' title='bbox 1374 1798 1590 1838; x_wconf 84' lang='lat' dir='ltr'>Rudolfum</span> <span class='ocrx_word' id='word_1_483' title='bbox 1622 1798 1772 1837; x_wconf 89' lang='lat' dir='ltr'>directa</span> <span class='ocrx_word' id='word_1_484' title='bbox 1803 1802 1866 1835; x_wconf 88' lang='lat' dir='ltr'>est</span> <span class='ocrx_word' id='word_1_485' title='bbox 1887 1796 2066 1847; x_wconf 88' lang='lat' dir='ltr'>Epistola</span> 
     </span>
     <span class='ocr_line' id='line_1_78' title="bbox 1088 1859 2065 1900; baseline -0.004 0"><span class='ocrx_word' id='word_1_486' title='bbox 1088 1860 1310 1900; x_wconf 78' lang='lat' dir='ltr'>ErmInoldi</span> <span class='ocrx_word' id='word_1_487' title='bbox 1356 1871 1427 1899; x_wconf 88' lang='lat' dir='ltr'>seu</span> <span class='ocrx_word' id='word_1_488' title='bbox 1469 1861 1681 1900; x_wconf 88' lang='lat' dir='ltr'>Erminrici</span> <span class='ocrx_word' id='word_1_489' title='bbox 1728 1860 1887 1898; x_wconf 87' lang='lat' dir='ltr'>Diaconi</span> <span class='ocrx_word' id='word_1_490' title='bbox 1919 1864 1958 1896; x_wconf 86' lang='lat' dir='ltr'>et</span> <span class='ocrx_word' id='word_1_491' title='bbox 1988 1859 2065 1896; x_wconf 86' lang='lat' dir='ltr'>Mo-</span> 
     </span>
     <span class='ocr_line' id='line_1_79' title="bbox 1087 1921 2065 1972; baseline -0.004 -10"><span class='ocrx_word' id='word_1_492' title='bbox 1087 1923 1206 1962; x_wconf 88' lang='lat' dir='ltr'>nachi</span> <span class='ocrx_word' id='word_1_493' title='bbox 1249 1923 1537 1972; x_wconf 83' lang='lat' dir='ltr'>Elwangensis</span> <span class='ocrx_word' id='word_1_494' title='bbox 1581 1923 1688 1960; x_wconf 88' lang='lat' dir='ltr'>vitae</span> <span class='ocrx_word' id='word_1_495' title='bbox 1731 1923 1774 1959; x_wconf 90' lang='lat' dir='ltr'>B.</span> <span class='ocrx_word' id='word_1_496' title='bbox 1806 1921 1920 1960; x_wconf 88' lang='lat' dir='ltr'>Solae</span> <span class='ocrx_word' id='word_1_497' title='bbox 1951 1931 2065 1970; x_wconf 86' lang='lat' dir='ltr'>prae-</span> 
     </span>
     <span class='ocr_line' id='line_1_80' title="bbox 1087 1982 2063 2035; baseline -0.005 -12"><span class='ocrx_word' id='word_1_498' title='bbox 1087 1985 1221 2032; x_wconf 82' lang='lat' dir='ltr'>missa,</span> <span class='ocrx_word' id='word_1_499' title='bbox 1252 1984 1356 2035; x_wconf 89' lang='lat' dir='ltr'>apud</span> <span class='ocrx_word' id='word_1_500' title='bbox 1383 1984 1591 2023; x_wconf 84' lang='lat' dir='ltr'>Canisium</span> <span class='ocrx_word' id='word_1_501' title='bbox 1628 1985 1736 2022; x_wconf 84' lang='lat' dir='ltr'>Lect.</span> <span class='ocrx_word' id='word_1_502' title='bbox 1763 1982 1854 2021; x_wconf 90' lang='lat' dir='ltr'>Ant.</span> <span class='ocrx_word' id='word_1_503' title='bbox 1881 1982 1928 2020; x_wconf 90' lang='lat' dir='ltr'>II.</span> <span class='ocrx_word' id='word_1_504' title='bbox 1952 1985 2063 2032; x_wconf 79' lang='lat' dir='ltr'>parte</span> 
     </span>
     <span class='ocr_line' id='line_1_81' title="bbox 1086 2045 2062 2097; baseline -0.004 -12"><span class='ocrx_word' id='word_1_505' title='bbox 1086 2045 1270 2097; x_wconf 72' lang='lat' dir='ltr'><strong>2.p.168.</strong></span> <span class='ocrx_word' id='word_1_506' title='bbox 1297 2046 1360 2084; x_wconf 88' lang='lat' dir='ltr'>ubi</span> <span class='ocrx_word' id='word_1_507' title='bbox 1383 2056 1475 2083; x_wconf 87' lang='lat' dir='ltr'>eum</span> <span class='ocrx_word' id='word_1_508' title='bbox 1500 2045 1682 2084; x_wconf 87' lang='lat' dir='ltr'>Didascal</span> <span class='ocrx_word' id='word_1_509' title='bbox 1704 2056 1771 2084; x_wconf 87' lang='lat' dir='ltr'>um</span> <span class='ocrx_word' id='word_1_510' title='bbox 1790 2055 1908 2083; x_wconf 88' lang='lat' dir='ltr'>suum</span> <span class='ocrx_word' id='word_1_511' title='bbox 1934 2047 2062 2082; x_wconf 87' lang='lat' dir='ltr'>vocat.</span> 
     </span>
    </p>

    <p class='ocr_par' dir='ltr' id='par_1_10' title="bbox 1138 2105 1965 2156">
     <span class='ocr_line' id='line_1_82' title="bbox 1138 2105 1965 2156; baseline -0.004 -9"><span class='ocrx_word' id='word_1_512' title='bbox 1138 2105 1444 2147; x_wconf 84' lang='lat' dir='ltr'><strong>RUDOLPHUS</strong></span> <span class='ocrx_word' id='word_1_513' title='bbox 1466 2105 1640 2153; x_wconf 83' lang='lat' dir='ltr'>Glaber,</span> <span class='ocrx_word' id='word_1_514' title='bbox 1657 2119 1695 2144; x_wconf 88' lang='lat' dir='ltr'>v.</span> <span class='ocrx_word' id='word_1_515' title='bbox 1717 2111 1745 2144; x_wconf 89' lang='lat' dir='ltr'>t.</span> <span class='ocrx_word' id='word_1_516' title='bbox 1769 2107 1882 2156; x_wconf 88' lang='lat' dir='ltr'><strong>lII.p.</strong></span> <span class='ocrx_word' id='word_1_517' title='bbox 1902 2106 1965 2144; x_wconf 70' lang='lat'>62.</span> 
     </span>
    </p>

    <p class='ocr_par' dir='ltr' id='par_1_11' title="bbox 1138 2167 2064 2220">
     <span class='ocr_line' id='line_1_83' title="bbox 1138 2167 2064 2220; baseline -0.005 -12"><span class='ocrx_word' id='word_1_518' title='bbox 1138 2170 1438 2209; x_wconf 85' lang='lat' dir='ltr'><strong>RUDOLPHUS</strong></span> <span class='ocrx_word' id='word_1_519' title='bbox 1469 2169 1660 2220; x_wconf 72' lang='lat' dir='ltr'>Lanyz&#39;us,</span> <span class='ocrx_word' id='word_1_520' title='bbox 1691 2168 1784 2206; x_wconf 88' lang='lat' dir='ltr'>vide</span> <span class='ocrx_word' id='word_1_521' title='bbox 1821 2172 1849 2205; x_wconf 93' lang='lat' dir='ltr'>t.</span> <span class='ocrx_word' id='word_1_522' title='bbox 1880 2168 1941 2206; x_wconf 81' lang='lat' dir='ltr'>IV.</span> <span class='ocrx_word' id='word_1_523' title='bbox 1974 2167 2064 2205; x_wconf 70' lang='lat'><strong>56⁶2.</strong></span> 
     </span>
    </p>

    <p class='ocr_par' dir='ltr' id='par_1_12' title="bbox 1086 2228 2067 2709">
     <span class='ocr_line' id='line_1_84' title="bbox 1140 2228 2067 2280; baseline -0.003 -11"><span class='ocrx_word' id='word_1_524' title='bbox 1140 2230 1470 2274; x_wconf 85' lang='lat' dir='ltr'>RUDOLPHUS,</span> <span class='ocrx_word' id='word_1_525' title='bbox 1526 2231 1756 2280; x_wconf 88' lang='lat' dir='ltr'>Episcopus</span> <span class='ocrx_word' id='word_1_526' title='bbox 1815 2228 2067 2267; x_wconf 74' lang='lat' dir='ltr'>Lecanlz&#39;nus.</span> 
     </span>
     <span class='ocr_line' id='line_1_85' title="bbox 1086 2289 2065 2343; baseline -0.004 -12"><span class='ocrx_word' id='word_1_527' title='bbox 1086 2292 1186 2342; x_wconf 88' lang='lat' dir='ltr'>Ejus</span> <span class='ocrx_word' id='word_1_528' title='bbox 1217 2291 1378 2330; x_wconf 68' lang='lat' dir='ltr'>monitio</span> <span class='ocrx_word' id='word_1_529' title='bbox 1402 2290 1476 2330; x_wconf 85' lang='lat' dir='ltr'>sub</span> <span class='ocrx_word' id='word_1_530' title='bbox 1499 2303 1629 2343; x_wconf 81' lang='lat' dir='ltr'>poena</span> <span class='ocrx_word' id='word_1_531' title='bbox 1663 2289 2065 2329; x_wconf 78' lang='lat' dir='ltr'>Eoecomunz’cate&#39;onis</span> 
     </span>
     <span class='ocr_line' id='line_1_86' title="bbox 1086 2349 2058 2403; baseline -0.006 -10"><span class='ocrx_word' id='word_1_532' title='bbox 1086 2354 1132 2393; x_wconf 83' lang='lat' dir='ltr'>de</span> <span class='ocrx_word' id='word_1_533' title='bbox 1156 2366 1231 2392; x_wconf 79' lang='grc' dir='ltr'>ηοη</span> <span class='ocrx_word' id='word_1_534' title='bbox 1257 2353 1512 2393; x_wconf 74' lang='lat' dir='ltr'>adhaerendo</span> <span class='ocrx_word' id='word_1_535' title='bbox 1535 2352 1702 2403; x_wconf 68' lang='lat' dir='ltr'>Geor·9z&#39;o</span> <span class='ocrx_word' id='word_1_536' title='bbox 1725 2349 2058 2402; x_wconf 65' lang='lat' dir='ltr'>Reqfflohemiae,</span> 
     </span>
     <span class='ocr_line' id='line_1_87' title="bbox 1087 2410 2066 2464; baseline -0.008 -9"><span class='ocrx_word' id='word_1_537' title='bbox 1087 2416 1229 2455; x_wconf 84' lang='lat' dir='ltr'>literae</span> <span class='ocrx_word' id='word_1_538' title='bbox 1263 2415 1317 2454; x_wconf 84' lang='lat' dir='ltr'>ad</span> <span class='ocrx_word' id='word_1_539' title='bbox 1354 2414 1610 2454; x_wconf 77' lang='lat' dir='ltr'>Academiam</span> <span class='ocrx_word' id='word_1_540' title='bbox 1644 2413 1914 2464; x_wconf 74' lang='lat' dir='ltr'>Lipsiensem,</span> <span class='ocrx_word' id='word_1_541' title='bbox 1944 2410 2066 2449; x_wconf 79' lang='lat' dir='ltr'>Bulla</span> 
     </span>
     <span class='ocr_line' id='line_1_88' title="bbox 1089 2473 2063 2522; baseline -0.009 -4"><span class='ocrx_word' id='word_1_542' title='bbox 1089 2478 1307 2518; x_wconf 80' lang='lat' dir='ltr'>Cruciatae</span> <span class='ocrx_word' id='word_1_543' title='bbox 1327 2482 1367 2516; x_wconf 87' lang='lat' dir='ltr'>et</span> <span class='ocrx_word' id='word_1_544' title='bbox 1388 2478 1460 2517; x_wconf 89' lang='lat' dir='ltr'>alia</span> <span class='ocrx_word' id='word_1_545' title='bbox 1492 2477 1600 2516; x_wconf 88' lang='lat' dir='ltr'><strong>MSS.</strong></span> <span class='ocrx_word' id='word_1_546' title='bbox 1626 2480 1723 2514; x_wconf 88' lang='lat' dir='ltr'>sunt</span> <span class='ocrx_word' id='word_1_547' title='bbox 1753 2476 1789 2512; x_wconf 91' lang='lat' dir='ltr'>in</span> <span class='ocrx_word' id='word_1_548' title='bbox 1820 2473 1918 2512; x_wconf 88' lang='lat' dir='ltr'>Bibl.</span> <span class='ocrx_word' id='word_1_549' title='bbox 1939 2474 2063 2522; x_wconf 84' lang='lat' dir='ltr'>Lipsi—</span> 
     </span>
     <span class='ocr_line' id='line_1_89' title="bbox 1086 2534 2060 2586; baseline -0.007 -8"><span class='ocrx_word' id='word_1_550' title='bbox 1086 2541 1172 2578; x_wconf 82' lang='lat' dir='ltr'>ensi</span> <span class='ocrx_word' id='word_1_551' title='bbox 1203 2540 1393 2578; x_wconf 87' lang='lat' dir='ltr'>Paullina.</span> <span class='ocrx_word' id='word_1_552' title='bbox 1439 2540 1576 2577; x_wconf 87' lang='lat' dir='ltr'>Felleri</span> <span class='ocrx_word' id='word_1_553' title='bbox 1622 2537 1748 2577; x_wconf 88' lang='lat' dir='ltr'>Catal.</span> <span class='ocrx_word' id='word_1_554' title='bbox 1780 2548 1817 2586; x_wconf 87' lang='lat' dir='ltr'>p·</span> <span class='ocrx_word' id='word_1_555' title='bbox 1850 2535 1938 2573; x_wconf 69' lang='lat'><strong>405.</strong></span> <span class='ocrx_word' id='word_1_556' title='bbox 1972 2534 2060 2571; x_wconf 70' lang='lat'><strong>406.</strong></span> 
     </span>
     <span class='ocr_line' id='line_1_90' title="bbox 1088 2596 2061 2650; baseline -0.005 -11"><span class='ocrx_word' id='word_1_557' title='bbox 1088 2600 1186 2639; x_wconf 79' lang='lat' dir='ltr'>Acta</span> <span class='ocrx_word' id='word_1_558' title='bbox 1219 2612 1289 2650; x_wconf 86' lang='lat' dir='ltr'>per</span> <span class='ocrx_word' id='word_1_559' title='bbox 1319 2600 1495 2638; x_wconf 78' lang='lat' dir='ltr'>eundem</span> <span class='ocrx_word' id='word_1_560' title='bbox 1527 2603 1566 2638; x_wconf 88' lang='lat' dir='ltr'>in</span> <span class='ocrx_word' id='word_1_561' title='bbox 1596 2600 1726 2638; x_wconf 87' lang='lat' dir='ltr'>diaeta</span> <span class='ocrx_word' id='word_1_562' title='bbox 1774 2600 1810 2635; x_wconf 87' lang='lat' dir='ltr'>iu</span> <span class='ocrx_word' id='word_1_563' title='bbox 1857 2596 2061 2634; x_wconf 84' lang='lat' dir='ltr'>montibus</span> 
     </span>
     <span class='ocr_line' id='line_1_91' title="bbox 1087 2658 1915 2709; baseline -0.006 -9"><span class='ocrx_word' id='word_1_564' title='bbox 1087 2661 1275 2700; x_wconf 86' lang='lat' dir='ltr'>Cuthinis</span> <span class='ocrx_word' id='word_1_565' title='bbox 1307 2661 1547 2707; x_wconf 72' lang='lat' dir='ltr'>Boliemiae,</span> <span class='ocrx_word' id='word_1_566' title='bbox 1581 2660 1725 2699; x_wconf 86' lang='lat' dir='ltr'>ibidem</span> <span class='ocrx_word' id='word_1_567' title='bbox 1759 2671 1792 2709; x_wconf 89' lang='lat' dir='ltr'>p.</span> <span class='ocrx_word' id='word_1_568' title='bbox 1827 2658 1915 2697; x_wconf 70' lang='grc'>108.</span> 
     </span>
    </p>

    <p class='ocr_par' dir='ltr' id='par_1_13' title="bbox 1087 2719 2060 3020">
     <span class='ocr_line' id='line_1_92' title="bbox 1141 2719 2059 2768; baseline -0.003 -7"><span class='ocrx_word' id='word_1_569' title='bbox 1141 2723 1441 2762; x_wconf 79' lang='lat' dir='ltr'><strong>RUDOLPIIUS</strong></span> <span class='ocrx_word' id='word_1_570' title='bbox 1473 2721 1519 2761; x_wconf 84' lang='lat' dir='ltr'>de</span> <span class='ocrx_word' id='word_1_571' title='bbox 1552 2719 1735 2767; x_wconf 80' lang='lat' dir='ltr'>Lubeck,</span> <span class='ocrx_word' id='word_1_572' title='bbox 1779 2721 1912 2758; x_wconf 88' lang='lat' dir='ltr'>nescio</span> <span class='ocrx_word' id='word_1_573' title='bbox 1941 2729 2059 2768; x_wconf 83' lang='lat' dir='ltr'>quis.</span> 
     </span>
     <span class='ocr_line' id='line_1_93' title="bbox 1087 2780 2058 2832; baseline -0.006 -10"><span class='ocrx_word' id='word_1_574' title='bbox 1087 2786 1187 2823; x_wconf 79' lang='lat' dir='ltr'>vixit</span> <span class='ocrx_word' id='word_1_575' title='bbox 1217 2796 1250 2823; x_wconf 87' lang='lat' dir='ltr'>a.</span> <span class='ocrx_word' id='word_1_576' title='bbox 1284 2784 1401 2823; x_wconf 68' lang='lat'><strong>4323.</strong></span> <span class='ocrx_word' id='word_1_577' title='bbox 1447 2789 1522 2824; x_wconf 90' lang='lat' dir='ltr'>sub</span> <span class='ocrx_word' id='word_1_578' title='bbox 1565 2784 1745 2822; x_wconf 85' lang='lat' dir='ltr'>Johanne</span> <span class='ocrx_word' id='word_1_579' title='bbox 1789 2783 1889 2832; x_wconf 86' lang='lat' dir='ltr'>Papa</span> <span class='ocrx_word' id='word_1_580' title='bbox 1934 2780 2058 2818; x_wconf 80' lang='lat' dir='ltr'><strong>XXII.</strong></span> 
     </span>
     <span class='ocr_line' id='line_1_94' title="bbox 1088 2844 2059 2896; baseline -0.007 -11"><span class='ocrx_word' id='word_1_581' title='bbox 1088 2847 1249 2896; x_wconf 86' lang='lat' dir='ltr'>scripsit</span> <span class='ocrx_word' id='word_1_582' title='bbox 1276 2846 1490 2885; x_wconf 79' lang='lat' dir='ltr'>Pastorale</span> <span class='ocrx_word' id='word_1_583' title='bbox 1506 2844 1733 2893; x_wconf 79' lang='lat' dir='ltr'>novellum,</span> <span class='ocrx_word' id='word_1_584' title='bbox 1752 2846 1837 2883; x_wconf 84' lang='lat' dir='ltr'>sive</span> <span class='ocrx_word' id='word_1_585' title='bbox 1853 2844 2059 2882; x_wconf 80' lang='lat' dir='ltr'>Summam</span> 
     </span>
     <span class='ocr_line' id='line_1_95' title="bbox 1090 2907 2060 2956; baseline -0.007 -9"><span class='ocrx_word' id='word_1_586' title='bbox 1090 2909 1446 2947; x_wconf 80' lang='lat' dir='ltr'>Sacramentorum</span> <span class='ocrx_word' id='word_1_587' title='bbox 1471 2938 1478 2956; x_wconf 90' lang='lat'>,</span> <span class='ocrx_word' id='word_1_588' title='bbox 1512 2910 1660 2947; x_wconf 86' lang='lat' dir='ltr'>rituum</span> <span class='ocrx_word' id='word_1_589' title='bbox 1687 2937 1694 2953; x_wconf 89' lang='lat'>,</span> <span class='ocrx_word' id='word_1_590' title='bbox 1727 2907 1940 2951; x_wconf 84' lang='lat' dir='ltr'>vitiorum,</span> <span class='ocrx_word' id='word_1_591' title='bbox 1972 2915 2060 2941; x_wconf 79' lang='lat' dir='ltr'>vcr-</span> 
     </span>
     <span class='ocr_line' id='line_1_96' title="bbox 1089 2970 1594 3020; baseline 0 -13"><span class='ocrx_word' id='word_1_592' title='bbox 1089 2980 1137 3008; x_wconf 92' lang='lat' dir='ltr'>su</span> <span class='ocrx_word' id='word_1_593' title='bbox 1168 2970 1397 3008; x_wconf 84' lang='lat' dir='ltr'>Examctro.</span> <span class='ocrx_word' id='word_1_594' title='bbox 1432 2971 1594 3020; x_wconf 81' lang='lat' dir='ltr'>incipit:</span> 
     </span>
    </p>
   </div>
   <div class='ocr_carea' id='block_1_6' title="bbox 1103 3045 2066 3129">
    <p class='ocr_par' dir='ltr' id='par_1_14' title="bbox 1103 3045 2066 3129">
     <span class='ocr_line' id='line_1_97' title="bbox 1103 3045 2066 3084; baseline -0.004 -7"><span class='ocrx_word' id='word_1_595' title='bbox 1103 3047 1303 3079; x_wconf 76' lang='lat' dir='ltr'>Sanctorum</span> <span class='ocrx_word' id='word_1_596' title='bbox 1323 3055 1415 3079; x_wconf 85' lang='lat' dir='ltr'>sacra</span> <span class='ocrx_word' id='word_1_597' title='bbox 1434 3047 1535 3079; x_wconf 86' lang='lat' dir='ltr'>verba</span> <span class='ocrx_word' id='word_1_598' title='bbox 1554 3049 1702 3084; x_wconf 80' lang='lat' dir='ltr'>Pati-um,</span> <span class='ocrx_word' id='word_1_599' title='bbox 1721 3048 1925 3083; x_wconf 82' lang='lat' dir='ltr'>Decretaquc</span> <span class='ocrx_word' id='word_1_600' title='bbox 1946 3045 2066 3074; x_wconf 76' lang='lat' dir='ltr'>Romae</span> 
     </span>
     <span class='ocr_line' id='line_1_98' title="bbox 1105 3095 1901 3129; baseline -0.003 -2"><span class='ocrx_word' id='word_1_601' title='bbox 1105 3098 1309 3129; x_wconf 75' lang='lat' dir='ltr'>Pontificum</span> <span class='ocrx_word' id='word_1_602' title='bbox 1327 3099 1428 3128; x_wconf 80' lang='lat' dir='ltr'>variis</span> <span class='ocrx_word' id='word_1_603' title='bbox 1445 3097 1563 3128; x_wconf 78' lang='lat' dir='ltr'>diffuse</span> <span class='ocrx_word' id='word_1_604' title='bbox 1581 3095 1705 3127; x_wconf 78' lang='lat' dir='ltr'>traditu</span> <span class='ocrx_word' id='word_1_605' title='bbox 1725 3095 1818 3126; x_wconf 85' lang='lat' dir='ltr'>libris</span> <span class='ocrx_word' id='word_1_606' title='bbox 1838 3099 1901 3125; x_wconf 79' lang='lat' dir='ltr'>cic.</span> 
     </span>
    </p>
   </div>
   <div class='ocr_carea' id='block_1_7' title="bbox 1091 3153 2061 3389">
    <p class='ocr_par' dir='ltr' id='par_1_15' title="bbox 1093 3153 2061 3194">
     <span class='ocr_line' id='line_1_99' title="bbox 1093 3153 2061 3194; baseline -0.004 0"><span class='ocrx_word' id='word_1_607' title='bbox 1093 3157 1237 3194; x_wconf 79' lang='lat' dir='ltr'>Exstat</span> <span class='ocrx_word' id='word_1_608' title='bbox 1267 3156 1341 3193; x_wconf 82' lang='lat' dir='ltr'>MS.</span> <span class='ocrx_word' id='word_1_609' title='bbox 1374 3157 1411 3192; x_wconf 86' lang='lat' dir='ltr'>in</span> <span class='ocrx_word' id='word_1_610' title='bbox 1450 3155 1692 3193; x_wconf 77' lang='lat' dir='ltr'>Bibliotheca</span> <span class='ocrx_word' id='word_1_611' title='bbox 1727 3153 1959 3192; x_wconf 83' lang='lat' dir='ltr'>monasterii</span> <span class='ocrx_word' id='word_1_612' title='bbox 1990 3154 2061 3191; x_wconf 83' lang='lat' dir='ltr'>Be-</span> 
     </span>
    </p>

    <p class='ocr_par' dir='ltr' id='par_1_16' title="bbox 1093 3215 2058 3264">
     <span class='ocr_line' id='line_1_100' title="bbox 1093 3215 2058 3264; baseline -0.003 -9"><span class='ocrx_word' id='word_1_613' title='bbox 1093 3216 1441 3264; x_wconf 80' lang='lat' dir='ltr'>ncdicto-Burani,</span> <span class='ocrx_word' id='word_1_614' title='bbox 1473 3221 1576 3254; x_wconf 79' lang='lat' dir='ltr'>testo</span> <span class='ocrx_word' id='word_1_615' title='bbox 1610 3218 1721 3254; x_wconf 74' lang='lat' dir='ltr'>l‘czio</span> <span class='ocrx_word' id='word_1_616' title='bbox 1765 3215 1884 3254; x_wconf 80' lang='lat' dir='ltr'>Thes.</span> <span class='ocrx_word' id='word_1_617' title='bbox 1924 3215 2058 3253; x_wconf 83' lang='lat' dir='ltr'>novis-</span> 
     </span>
    </p>

    <p class='ocr_par' dir='ltr' id='par_1_17' title="bbox 1091 3277 2058 3389">
     <span class='ocr_line' id='line_1_101' title="bbox 1091 3277 1818 3328; baseline -0.006 -9"><span class='ocrx_word' id='word_1_618' title='bbox 1091 3281 1190 3319; x_wconf 86' lang='lat' dir='ltr'>simo</span> <span class='ocrx_word' id='word_1_619' title='bbox 1222 3283 1328 3315; x_wconf 87' lang='lat' dir='ltr'>tomo</span> <span class='ocrx_word' id='word_1_620' title='bbox 1359 3279 1424 3316; x_wconf 91' lang='lat' dir='ltr'><strong>III.</strong></span> <span class='ocrx_word' id='word_1_621' title='bbox 1455 3282 1564 3328; x_wconf 82' lang='lat' dir='ltr'>parte</span> <span class='ocrx_word' id='word_1_622' title='bbox 1595 3280 1632 3317; x_wconf 92' lang='lat'>3.</span> <span class='ocrx_word' id='word_1_623' title='bbox 1662 3289 1698 3328; x_wconf 89' lang='lat' dir='ltr'>p.</span> <span class='ocrx_word' id='word_1_624' title='bbox 1729 3277 1818 3316; x_wconf 61' lang='lat'><strong>6⁴29.</strong></span> 
     </span>
     <span class='ocr_line' id='line_1_102' title="bbox 1150 3336 2058 3389; baseline -0.004 -11"><span class='ocrx_word' id='word_1_625' title='bbox 1150 3341 1446 3379; x_wconf 60' lang='lat' dir='ltr'>RUI‘JOIMIUS</span> <span class='ocrx_word' id='word_1_626' title='bbox 1466 3338 1691 3377; x_wconf 75' lang='lat' dir='ltr'>Prellaeus.</span> <span class='ocrx_word' id='word_1_627' title='bbox 1717 3339 1794 3377; x_wconf 78' lang='lat' dir='ltr'><strong>vid.</strong></span> <span class='ocrx_word' id='word_1_628' title='bbox 1817 3336 2058 3389; x_wconf 77' lang='lat' dir='ltr'>Radulphus.</span> 
     </span>
    </p>
   </div>
  </div>
 </body>
</html>
