2566 4009
887 277 1275 319 MARTINUS
2022 284 2072 323 [43

80 351 234 404 nzaym‘s
255 350 442 390 historiis.
473 351 704 391 Martiniana
734 363 829 391 vero
867 351 1029 391 historia

81 415 182 455 haud
214 425 378 465 magnae
405 413 519 452 molis
551 414 737 453 volumen
768 419 842 453 est.
872 414 937 453 Ait
974 417 1032 454 in-

78 489 199 529 super
228 477 478 516 Ptolomaeus
509 477 688 527 ignorare
712 488 756 516 se
787 488 930 516 nomen
960 477 1033 516 Ar-

77 540 315 592 chiepiscopi
336 540 543 579 Cusentini
562 552 571 588 3
590 550 680 578 cum
705 540 878 578 vicissim
901 540 1031 578 Poloni

77 607 221 642 nomen
250 602 300 642 ad
342 601 545 641 fastidium
583 613 712 653 usque
744 606 934 641 recantet.
959 603 1034 641 De-

76 666 196 716 nique
226 669 444 715 utrumque
482 675 583 715 opus
606 664 744 703 eadem
780 665 816 702 in
848 665 1032 716 periocha

75 727 283 778 distinguit
309 729 359 765 ita
386 738 430 766 se
455 729 686 778 exprimens
710 726 848 765 eodem
879 727 943 766 lib.
971 728 1034 767 ¹18.

74 801 159 841 cap.
191 790 253 828 40.
284 790 391 827 Haec
430 788 561 827 omnia
592 788 745 840 partim
781 788 977 828 habetitur
1009 802 1035 828 α

72 851 288 899 Rz'chardo,
306 850 463 902 partim
485 863 510 889 a
536 850 748 892 casentino
772 854 808 889 et
829 852 984 903 partim
1009 864 1035 891 α

74 913 259 955 Μανεὶηο.

124 978 192 1016 His
220 978 340 1028 igitur
376 978 428 1016 ita
467 987 510 1016 se
553 976 792 1016 habentibus
822 988 898 1015 non
930 977 1036 1016 inani

70 1040 297 1078 coniectura
318 1044 524 1089 permotus
542 1040 724 1090 suspicor
739 1050 785 1078 ex
803 1041 1032 1090 argumenti

71 1100 330 1140 similitudine
345 1101 536 1152 deceptos
553 1101 746 1152 quosdam
760 1102 837 1141 duo
849 1102 1034 1141 distincta

69 1174 186 1214 opera
212 1165 250 1201 in
276 1175 401 1203 unum
425 1165 702 1218 coniunxisse.
725 1165 836 1203 Unus
859 1176 952 1204 vero
975 1176 1036 1203 er-

69 1237 133 1265 ror
174 1225 345 1264 alterum
378 1225 562 1273 induxit,
602 1237 694 1264 cum
737 1228 929 1265 Martinus
967 1238 1036 1266 no-

71 1299 161 1327 men
174 1298 293 1326 suum
315 1287 502 1326 chronico
522 1299 542 1326 a
560 1298 603 1325 se
622 1289 773 1338 scripto
788 1289 1032 1339 praefixerit.

68 1350 314 1389 Cusentinus
343 1361 440 1388 vero
470 1360 622 1388 nomen
663 1352 942 1390 tantummodo
975 1352 1033 1390 di-

70 1414 245 1463 gnitatis,
263 1423 312 1451 ex
343 1424 422 1463 quo
451 1413 599 1451 factum
634 1417 722 1461 est,
754 1418 796 1452 ut
822 1414 1030 1453 amborum

66 1485 166 1526 opus
196 1487 320 1514 unum
352 1475 538 1525 idemque
581 1480 843 1524 censeretur3
883 1476 1031 1516 factum

69 1539 189 1576 etiam
222 1543 266 1578 ut
295 1540 361 1589 qui
404 1538 681 1576 Martinianum
726 1549 826 1588 opus
863 1538 1032 1590 legerint

68 1612 142 1640 nec
171 1601 342 1640 alterum
372 1601 580 1640 Cusentini
625 1600 837 1639 habuerint
867 1602 903 1639 in
939 1613 1030 1640 con-

67 1668 232 1714 spectu,
264 1663 333 1702 sed
363 1662 640 1702 tantummodo
683 1665 815 1702 norint
844 1676 893 1703 ex
937 1667 1032 1704 scri-

64 1730 222 1776 ptorum
256 1731 440 1764 veterum
473 1727 730 1775 testimonio,
757 1729 1030 1778 opinarentur,

73 1789 286 1828 Martinam
319 1789 508 1828 Polonum
539 1788 586 1827 ad
617 1790 846 1829 cathedram
879 1793 1031 1831 Cusen-

68 1853 192 1890 tinam
223 1851 465 1890 ascendisse.

119 1913 196 1952 Sed
227 1915 388 1963 quinam
414 1914 478 1953 ille
504 1915 577 1954 fuit.
597 1913 929 1967 Archiepiscopus
951 1918 1027 1957 Cu-

69 1976 252 2015 sentinus
281 1975 462 2015 Chronici
497 1977 616 2016 huius
645 1990 666 2017 a
707 1980 939 2018 Martiniano
972 1980 1029 2018 di-

67 2040 173 2076 versi
217 2037 399 2078 author?
440 2039 479 2078 Id
526 2052 622 2079 sane
666 2053 729 2080 me
767 2042 878 2092 fugit.
909 2043 947 2081 Si
978 2055 1027 2081 ex

67 2105 248 2152 tempore
277 2113 356 2153 quo
387 2103 585 2141 scribebat
609 2105 820 2143 coniectari
844 2105 936 2143 licet
961 2107 1027 2144 vix

70 2164 170 2203 alter
207 2163 449 2215 judicandus
489 2171 598 2205 esset
627 2179 649 2206 a
678 2169 716 2205 P.
750 2168 861 2216 (forte
903 2170 1029 2215 Petro)

72 2226 282 2267 Cusentino
315 2228 512 2269 Canonico
532 2231 616 2267 viro
641 2230 761 2280 probo
782 2235 821 2269 et
846 2232 1031 2279 litterato,

69 2291 198 2341 quiin
230 2290 423 2330 discordia
454 2302 474 2330 a
506 2292 687 2343 Capitulo
723 2294 926 2333 Ecclesiae
957 2296 1033 2334 Cu-

69 2353 252 2392 sentinae
282 2353 456 2401 electus,
487 2355 689 2393 aemulum
715 2367 860 2406 passus
889 2361 951 2395 est
979 2358 1033 2396 al-

69 2418 199 2453 terum
231 2416 363 2454 virum
395 2421 598 2466 potentem
630 2421 670 2454 et
700 2417 938 2466 factiosum,
968 2421 1031 2458 cui

68 2478 191 2515 cessit
228 2482 404 2516 coactus.
445 2478 542 2516 Vide
582 2478 807 2528 Ughellium
840 2485 934 2519 tom.
964 2483 1030 2520 IX.

69 2549 158 2588 pag.
190 2538 281 2577 244.
312 2550 439 2578 novae
463 2539 664 2578 editionis.
687 2543 788 2579 Haec
812 2544 940 2581 omnia
959 2543 1032 2581 snb

70 2600 269 2639 Friderico
285 2601 331 2639 ΙΙ.
349 2601 542 2640 accidisse
573 2601 674 2639 idem
695 2602 899 2653 Ughellius
911 2604 1032 2642 adno—

67 2667 152 2710 tat,
186 2675 259 2702 nec
305 2663 408 2702 ultra
454 2664 700 2703 Fridericum
735 2666 778 2703 ll.
823 2666 1029 2704 Cusentini

65 2724 277 2764 Historiam
295 2727 523 2765 excurrisse
541 2737 592 2765 ex
618 2728 839 2765 Ptolomaeo
863 2729 1028 2767 Lucensi

70 2787 190 2838 paulo
219 2789 407 2838 superius
437 2789 763 2828 animadversum
795 2794 870 2829 est.

121 2850 316 2889 Historiae
359 2851 473 2890 illae:
504 2851 550 2890 de
589 2855 766 2902 quatuor
806 2850 1028 2891 Maioribus

68 2911 229 2963 reym‘s:
260 2912 307 2951 cle
336 2914 535 2952 Romanae
558 2913 673 2953 urbis
703 2915 869 2953 emor-clio
902 2916 1030 2953 'incre-

67 2977 208 3013 menta
230 2973 427 3026 Aedificiis
451 2981 488 3015 et
509 2978 699 3028 reqi'mi'nc
717 2990 843 3030 iisque
862 2978 916 3017 acl
931 2979 1028 3029 Imp.

64 3035 289 3087 Auyustum
330 3042 472 3076 extant
517 3040 554 3077 in
592 3042 816 3079 Martiniani
855 3042 1028 3080 chronici

66 3100 371 3140 membranaceo
415 3101 550 3140 codice
594 3104 674 3141 MS.
721 3104 902 3142 Biblioth.
933 3105 1029 3143 Can.

64 3163 309 3203 Lunensium
340 3174 446 3202 saec.
476 3163 582 3204 Xlll.
613 3165 671 3203 lta
702 3176 798 3203 vero
821 3171 915 3204 sunt
939 3177 1031 3204 con-

66 3237 217 3274 nexae,
244 3227 365 3264 immo
396 3227 569 3264 insertae
597 3227 632 3264 in
659 3226 857 3275 chronice,
884 3233 927 3267 nt
952 3240 1028 3265 non

66 3286 270 3328 diversum
302 3288 396 3338 quid
428 3289 477 3327 ab
509 3291 592 3339 ipso
624 3289 772 3327 referre
803 3289 1028 3338 videantur,

65 3350 138 3389 ced
169 3351 206 3389 in
255 3363 378 3391 unum
424 3362 514 3390 curn
562 3351 624 3389 iilo
654 3362 754 3402 opus
791 3351 1027 3389 coalescant.

68 3412 198 3460 Quare
245 3417 364 3454 miror
385 3448 395 3465 ,
425 3425 495 3453 cur
524 3425 544 3452 a
583 3414 784 3453 nonnullis
827 3413 1028 3453 codicibus

1106 352 1223 391 avelli
1255 353 1470 403 potuerint.
1502 355 1683 405 Suspicio
1707 358 1842 394 autem
1861 354 1957 394 haec
1983 367 2071 395 mea

1107 414 1224 453 aliam
1256 415 1434 465 inducit,
1469 428 1563 455 num
1597 418 1749 457 scilicet
1772 417 1935 458 eaedem
1987 419 2074 458 illae

1108 488 1278 527 manuS,
1305 490 1407 528 quae
1424 491 1444 517 e
1470 480 1706 519 Martiniano
1729 492 1846 531 opere
1872 482 2072 532 portiones

1108 539 1206 578 istas
1245 540 1523 580 subduxerant
1554 543 1691 581 tollere
1721 545 1840 582 etiam
1872 545 2073 594 potuerint

1108 602 1291 641 laciniam
1321 614 1341 641 a
1372 604 1552 642 Martinio
1589 604 1782 644 adiectam
1827 605 1875 644 de
1921 608 2074 644 Joanna

1112 666 1287 715 Papissa.
1331 665 1363 704 A
1395 666 1564 704 Martino
1610 666 1803 706 adiectam
1835 667 1943 716 dixi3
1981 679 2073 706 nam

1109 727 1235 766 codex
1267 729 1343 766 iste
1375 739 1489 767 meus
1520 733 1600 767 tam
1631 731 1810 779 proxime
1839 731 1886 769 ad
1917 731 2074 769 Martini

1111 791 1243 828 Poloni
1288 795 1460 830 aetatem
1507 791 1703 830 accedens
1747 793 1927 832 fabellam
1968 793 2071 831 hanc

1109 854 1268 903 retinet,
1304 865 1380 892 non
1414 853 1574 903 quidem
1607 858 1651 893 ut
1681 855 1717 892 in
1750 855 1836 893 aliis
1870 855 2072 894 codicibus

1111 917 1290 967 margine
1320 915 1514 955 adiectam
1536 947 1544 965 ‚
1575 916 1645 954 sed
1671 918 1872 967 scriptioni
1899 919 2073 967 reliquae

1110 979 1364 1016 coniunctam
1397 983 1437 1017 et
1465 978 1759 1018 cohaerentem.
1791 980 1982 1030 Superest
2009 991 2074 1018 co-

1112 1041 1315 1078 niecturas
1358 1040 1597 1089 exhibeam,
1637 1052 1738 1091 quae
1771 1046 1922 1080 tantam
1961 1043 2074 1080 chro-

1113 1103 1201 1140 nico
1222 1103 1503 1152 antiquitatem
1532 1102 1748 1141 vindicant.
1776 1104 1927 1142 Desinit
1947 1103 2072 1142 codex

1112 1166 1186 1203 iste
1217 1166 1253 1203 in
1276 1166 1433 1204 Nicolao
1463 1166 1527 1203 ΙΙΙ.
1558 1167 1672 1204 cuius
1703 1167 1783 1204 vita
1813 1166 2066 1215 describitur,

1108 1233 1192 1266 tum
1225 1227 1361 1266 eadem
1395 1239 1514 1266 manu
1547 1228 1699 1267 nudum
1730 1230 1884 1267 Martini
1917 1229 1977 1267 lV.
2004 1240 2072 1266 no-

1107 1302 1199 1328 men
1232 1291 1388 1342 legitur.
1416 1290 1648 1329 Succedunt
1677 1291 1816 1330 eodem
1843 1290 2005 1338 ordine,
2030 1297 2071 1330 et

1106 1352 1292 1391 methodo
1323 1352 1463 1403 reliqui
1490 1353 1725 1401 Pontifices,
1749 1354 1817 1392 sed
1841 1366 1960 1393 manu
1983 1366 2068 1393 om-

1107 1416 1199 1453 nino
1230 1426 1250 1453 a
1281 1416 1398 1465 priori
1430 1414 1600 1454 diversa.
1632 1415 1717 1461 Quo
1742 1417 1970 1456 coniectura
1994 1419 2069 1457 ista

1106 1477 1206 1515 ferat
1248 1476 1352 1515 docti
1398 1478 1634 1528 intelligent.
1679 1478 1930 1528 Quamquam
1974 1493 2068 1518 vero

1106 1540 1302 1578 Martinus
1347 1539 1571 1578 Chronicon
1618 1551 1736 1579 suum
1767 1552 1812 1579 ea
1855 1542 2070 1581 cenfecerit

1108 1606 1193 1641 arte
1224 1606 1268 1641 ut
1299 1613 1347 1640 ex
1378 1603 1557 1653 opposito
1587 1604 1798 1642 Pontifices
1828 1604 2005 1651 Romani,
2031 1609 2071 1643 et

1105 1663 1268 1701 Romani
1302 1662 1714 1713 itidemlmperatores
1744 1664 1931 1714 descripti
1958 1664 2070 1703 exhi-

1105 1725 1290 1773 beantur,
1311 1725 1456 1764 author
1480 1730 1613 1764 tamen
1642 1728 1764 1764 nostri
1784 1727 1943 1775 codicis,
1963 1732 2069 1766 utro-

1106 1799 1208 1838 sque
1239 1799 1422 1827 seorsum
1454 1790 1613 1838 posuit,
1641 1789 1778 1839 incipit
1799 1791 1903 1828 enim
1927 1790 1975 1828 ab
1996 1792 2070 1828 im·

1103 1851 1380 1902 peratoribus,
1402 1851 1548 1901 quibus
1568 1851 1761 1890 absolutis
1787 1857 1871 1890 tum
1904 1852 2066 1892 demum

1106 1914 1155 1952 ab
1185 1914 1347 1952 exordio
1378 1915 1614 1953 Pontificum
1657 1915 1822 1953 Romani
1851 1915 2066 1955 chronicon

1110 1979 1269 2028 repetit.
1293 1978 1335 2015 ln
1375 1977 1619 2028 praefatione
1636 2009 1646 2025 ,
1672 1989 1772 2028 qnae
1796 1989 1886 2017 cum
1918 1990 2065 2018 excusa

1103 2042 1263 2078 omnino
1287 2045 1445 2078 coaeret
1475 2041 1615 2078 recitat
1643 2041 1864 2091 catalogum
1897 2043 2066 2092 scripto-

1105 2115 1192 2142 rum
1218 2115 1267 2142 ex
1293 2103 1440 2154 quibus
1465 2103 1641 2153 profecit,
1672 2104 1774 2142 inter
1799 2115 1898 2154 quos
1928 2109 1988 2142 est
2009 2116 2064 2144 ecc

1107 2165 1303 2206 chronicis
1317 2165 1489 2214 Escodii,
1515 2165 1619 2215 quod
1638 2168 1730 2204 etin
1753 2166 1870 2204 editis
1895 2172 1935 2205 et
1957 2167 2063 2206 MSS.

1108 2230 1287 2281 pluribus
1318 2228 1439 2268 Codd.
1479 2229 1646 2279 legitur,
1677 2240 1918 2280 quamquam
1951 2230 2065 2269 multi

1106 2293 1401 2342 corruptionem
1434 2293 1693 2341 suspicantur
1725 2303 1792 2342 pro
1825 2291 1966 2330 Orosz'z'.
1993 2292 2013 2313 *²

1160 2354 1414 2392 MARTINUS
1435 2351 1659 2404 Presbyter,
1675 2354 1969 2404 Manuscriptus
1987 2355 2063 2404 pri-

1105 2417 1194 2455 dem
1223 2417 1394 2455 Viennae
1430 2415 1532 2466 apud
1574 2415 1853 2466 wolfgangum
1899 2418 2061 2455 Lazium

1105 2484 1208 2518 teste
1236 2480 1370 2517 Vossio
1395 2489 1481 2528 pag.
1507 2478 1598 2517 783.
1623 2477 1843 2517 Chronicon
1863 2489 1979 2516 suum
2004 2478 2061 2515 di-

1106 2542 1213 2580 cavit
1234 2542 1464 2579 Innocentio
1482 2542 1544 2578 Ill.
1563 2550 1681 2590 quem
1703 2544 1858 2577 constat
1879 2551 1941 2576 an.
1960 2539 2061 2578 1216

1106 2603 1226 2642 rebus
1251 2603 1438 2641 humanis
1469 2601 1735 2640 valedixisse:
1769 2602 1899 2650 itaque
1929 2601 2061 2638 diver-

1106 2677 1176 2704 sus
1203 2666 1275 2704 fuit
1310 2676 1385 2702 non
1423 2664 1536 2702 modo
1561 2675 1581 2701 a
1606 2665 1772 2701 Martino
1798 2663 1959 2711 Polono,
1989 2664 2057 2702 sed

1105 2728 1221 2765 etiam
1253 2728 1275 2765 a
1305 2727 1469 2765 Mart-ino
1489 2726 1679 2769 Minorita‚
1697 2729 1735 2762 et
1763 2729 1976 2775 utrumque
1997 2737 2060 2764 ae-

1104 2794 1186 2828 tate
1216 2790 1448 2827 antecessit.

1158 2850 1414 2890 MARTINUS
1440 2847 1677 2901 Raymumli,
1699 2849 1784 2885 sive
1804 2848 2060 2899 Raymwidus

1104 2915 1307 2954 MAssTiM
1326 2914 1469 2964 potius,
1491 2913 1706 2951 Catalanus
1726 2910 1817 2949 Ord.
1840 2911 1972 2949 l‘raed.
1999 2914 2059 2950 vir

1103 2978 1284 3016 eruditus
1307 2982 1347 3014 et
1372 2978 1523 3026 peritus
1561 2975 1782 3021 linguarum
1823 2973 2056 3022 hebraicae,

1104 3040 1338 3080 Chaldaicae
1363 3044 1402 3077 et
1427 3039 1614 3077 Arabicae
1641 3037 1686 3074 ad
1719 3047 1886 3085 quarum
1910 3036 2059 3086 lingua-

1105 3115 1192 3142 rum
1218 3102 1395 3141 studium
1424 3099 1688 3150 Ruymundns
1712 3099 1811 3136 alter
1835 3099 1883 3136 de
1910 3101 2060 3139 Penna-

1107 3166 1193 3204 iorti
1219 3176 1309 3203 eum
1343 3165 1593 3201 invitaverat.
1628 3160 1835 3210 Passionem
1857 3160 1952 3211 fidei
1971 3165 2057 3201 sive

1105 3238 1205 3277 opus
1225 3226 1472 3276 praeclarum
1504 3224 1700 3261 adversus
1737 3225 1892 3262 Mani-os
1920 3229 1959 3262 et
1988 3226 2056 3264 Ju-

1106 3289 1224 3327 daeos
1248 3288 1455 3336 scripsisse
1481 3296 1522 3324 sc
1548 3286 1754 3335 proiitetur
1784 3285 1827 3324 A.
1864 3287 1906 3325 C.
1942 3287 2051 3325 1278.

1105 3357 1145 3389 ct
1169 3350 1216 3388 ab
1242 3351 1349 3387 initio
1371 3347 1500 3387 Mundi
1525 3360 1571 3385 ex
1598 3353 1783 3398 computo
1813 3349 2052 3388 judaeorum

1106 3414 1180 3451 An.
1205 3413 1321 3451 5038.
1344 3412 1461 3461 Pugio
1491 3411 1578 3452 ilie.
1611 3422 1688 3460 quo
1718 3416 1881 3451 strenue
1907 3414 1943 3450 in
1969 3414 2052 3451 suis
