2533 4009
445 262 518 301 12¹*

440 335 610 372 Priorem
642 328 1002 379 Definitoremi'lue¹.
1035 329 1098 377 qui
1132 328 1175 365 A.
1210 330 1323 368 llil.
1356 328 1399 367 li-

443 395 558 434 brum
575 394 864 435 Sententiarum
883 388 1290 440 explicuitllononiue,
1307 393 1401 428 scri-

442 464 529 507 ptor
566 460 681 495 etiam
708 458 943 492 Sermonum
985 450 1401 501 Qnailrayesimalinm

444 523 478 557 in
506 519 639 557 emicui
665 516 764 554 Urbi·
791 515 1032 553 habitorum.
1055 513 1127 552 Alii
1155 518 1197 552 ut
1219 514 1400 563 Alegrius

444 594 525 631 pag.
543 580 629 618 307.
650 577 817 628 paradisi
838 577 1075 616 Carmelitici
1099 575 1277 624 decoris,
1295 576 1400 615 hunc

441 655 530 681 cum
569 641 771 690 superiore.
801 638 1079 686 confundunt,
1112 650 1322 689 unumque
1361 643 1400 677 et

441 703 609 742 eundem
636 712 725 739 esse
751 713 826 739 non
853 701 1050 740 dubitant.

494 764 743 804 MCOLAL‘S
768 762 956 809 nossem,
985 775 1059 801 non
1089 763 1401 801 Tarraconensis

441 827 508 866 sed
536 825 826 874 Majoricensis,
848 838 895 865 ex
924 827 1148 864 Balearium
1182 826 1399 864 insularum

440 888 642 938 metropoli
662 886 755 926 Ord.
776 887 911 926 l‘raed.
931 888 1118 937 Magister
1138 888 1174 924 in
1195 886 1402 934 Theologia

440 957 479 989 ct
520 953 657 988 Lector
702 953 738 987 in
778 952 990 988 conventu
1022 949 1332 995 Barcinonensi,
1362 953 1402 985 et

442 1025 532 1052 mox
569 1014 618 1052 ab
649 1013 693 1051 A.
726 1014 839 1051 1451.
882 1013 1098 1061 Inquisitor
1130 1012 1166 1047 in
1207 1011 1401 1059 Aragonia

442 1077 636 1123 generalis
657 1081 695 1113 ct
721 1076 769 1113 al)
795 1075 837 1113 A.
864 1075 977 1113 ⁴356.
1004 1074 1051 1112 ad
1076 1073 1188 1111 4362.
1218 1071 1404 1111 Cardina-

443 1139 491 1176 lis
513 1168 521 1185 .,
545 1139 593 1175 de
613 1149 690 1188 quo
712 1138 793 1176 Nic.
815 1137 1012 1175 Antonius
1033 1140 1128 1173 tom.
1155 1136 1192 1173 2.
1214 1134 1294 1173 Bibl
1324 1139 1404 1172 vet..

443 1202 637 1251 Hispanae
660 1200 720 1237 lib.
750 1200 815 1237 lx.
841 1210 923 1249 cup.
949 1199 983 1235 6.
1011 1199 1044 1249 ξ.
1071 1198 1161 1236 286.
1187 1208 1270 1246 seq.
1295 1198 1406 1235 Jaco-

443 1263 518 1301 bus
546 1262 691 1308 Quetis.
720 1263 756 1299 in
785 1261 1029 1300 Bibliotheca
1057 1262 1401 1298 Dominicanorum

443 1331 537 1363 tom.
566 1328 598 1364 l.
626 1336 710 1375 pag.
735 1325 824 1362 649.
846 1335 931 1373 seq.
954 1328 994 1360 et
1017 1323 1204 1361 Baluzius
1229 1323 1265 1359 in
1292 1323 1405 1372 Papis

443 1387 790 1426 Avenionensibus
810 1392 890 1424 tom
925 1388 961 1425 ll.
986 1397 1069 1436 pag.
1090 1386 1180 1424 941.
1198 1384 1294 1434 Ejus
1312 1386 1407 1422 scri-

446 1455 522 1499 pta:
543 1448 860 1489 Commentarius
878 1447 917 1486 in
933 1446 1121 1486 Matthaei
1135 1447 1166 1484 E
1169 1446 1404 1498 vanyeli'um.

445 1513 710 1550 Romanorum
743 1510 974 1562 Pontificum
1006 1513 1118 1560 qesta
1138 1540 1146 1554 ,
1177 1509 1407 1560 praegrandi

449 1575 648 1613 volumine
669 1605 676 1621 ,
701 1585 791 1611 cum
825 1573 1053 1623 appendici·
1083 1572 1129 1609 (le
1158 1570 1414 1623 quadruplici

445 1636 727 1674 Jurisdictione
743 1637 943 1674 Romanae
973 1633 1172 1672 Ecclesiae
1191 1633 1229 1671 in
1245 1645 1409 1684 regnum

446 1699 656 1750 utriusque
687 1697 859 1737 Siciliae.
892 1697 992 1735 Acta
1017 1700 1061 1734 ut
1094 1696 1344 1747 Inquisitoris
1370 1696 1410 1733 in

446 1760 650 1811 :lrassonia
671 1758 872 1811 qeneralis
890 1791 898 1805 ,
926 1762 988 1805 (in
1014 1759 1160 1809 quibus
1186 1763 1224 1795 ot
1255 1768 1411 1808 proces-

447 1834 516 1860 sus
541 1823 584 1860 A.
614 1823 728 1860 4351.
753 1826 890 1859 contra
922 1821 1181 1859 Franciscum
1206 1820 1401 1869 BAlUlA,

446 1883 540 1922 (er.
560 1885 696 1923 Minor.
719 1885 785 1933 qui
812 1885 1047 1934 sanguinem
1069 1884 1222 1923 Cllristi
1251 1884 1287 1920 iu
1314 1893 1402 1932 pas-

449 1949 559 1985 sione
587 1947 757 1985 effusum
791 1946 1088 1996 praedicaverat
1119 1946 1241 1984 fuisse
1272 1945 1408 1994 seJ'un-

445 2016 554 2048 ctum
585 2011 607 2047 a
637 2010 853 2047 Divinitate
891 2039 898 2056 ‚
924 2013 1043 2058 atque
1073 2008 1158 2047 ideo
1201 2009 1237 2045 in
1277 2007 1408 2045 triduo

450 2073 586 2110 mortis
609 2083 684 2109 non
711 2072 833 2109 fuisso
857 2071 1100 2110 adorandum
1127 2071 1236 2109 cultu
1258 2071 1406 2117 latriae,

448 2146 525 2184 qua
545 2133 591 2171 de
613 2134 883 2171 controversia
907 2133 986 2171 dixi
1009 2144 1128 2182 supra
1155 2135 1190 2170 in
1213 2133 1405 2172 JOANNE

448 2195 700 2234 Morlanclino
737 2201 832 2233 tom.
866 2196 926 2233 lV.
961 2207 1050 2245 pag.
1083 2196 1192 2242 391.)
1232 2194 1410 2233 Historia

450 2257 610 2297 Ordinis
641 2257 728 2304 sui,
760 2260 845 2295 sive
880 2257 1227 2296 Praedicatorum:
1255 2256 1411 2309 Episto-

450 2320 522 2359 lae.
559 2321 857 2358 Testamentum.

501 2383 521 2403 ⁸
550 2384 608 2421 Ex
638 2382 834 2420 chronicis
865 2383 1030 2432 aliisquo
1061 2382 1168 2420 libris
1198 2387 1237 2419 ct
1260 2382 1408 2420 chartis

449 2445 660 2496 Apostolici
678 2444 836 2483 Archivi
863 2445 1019 2495 collegit
1043 2448 1241 2494 excerpta,
1261 2456 1309 2482 ex
1327 2446 1409 2493 qui-

451 2507 524 2546 bus
567 2506 802 2556 desumptae
844 2512 939 2545 sunt
986 2507 1092 2545 Vitae
1149 2508 1410 2545 Romanorum

454 2569 698 2615 Pontificum,
716 2569 785 2607 scd
806 2581 881 2607 non
904 2570 1094 2607 omnium.
1115 2569 1172 2606 Illi
1194 2569 1299 2606 enim
1318 2580 1411 2619 quo—

452 2644 536 2670 rum
571 2634 690 2669 vitam
721 2632 886 2680 digessit
915 2636 1010 2671 sunt
1042 2633 1115 2669 Leo
1146 2632 1211 2669 lx.
1243 2631 1410 2681 Stepha-

454 2706 529 2732 nus
559 2695 623 2732 lx.
666 2693 850 2732 Nicolaus
882 2695 926 2732 ll.
971 2693 1195 2732 Alexander
1226 2695 1287 2732 111.
1319 2693 1415 2731 (ire-

452 2756 584 2804 gorius
614 2756 691 2792 Vll.
737 2757 836 2793 Tum
868 2757 1001 2793 omisit
1031 2757 1225 2794 Victorem
1252 2756 1302 2793 ΙΙΙ
1346 2757 1415 2794 Ur-

456 2816 601 2854 banum
633 2817 676 2853 ll.
722 2818 949 2866 Resumpsit
993 2819 1096 2855 vitas
1137 2817 1334 2856 l'aschalis
1365 2816 1410 2855 ll.

454 2880 597 2917 (ielasii
630 2880 674 2916 11.
699 2879 849 2916 Callisti
882 2880 925 2916 ll.
960 2881 1111 2917 llonorii
1145 2881 1280 2929 Papae,
1302 2880 1416 2918 luno—

454 2943 572 2979 ‹·‹·ntii
592 2942 636 2979 11.
657 2940 867 2979 Coelestini
895 2942 938 2978 ll.
967 2943 1068 2979 Lucii
1097 2943 1141 2978 ll.
1162 2942 1323 2989 Eugenii
1353 2943 1413 2979 ΙΙΙ.

457 3005 652 3042 Anastasii
686 3004 745 3041 [v.
786 3002 966 3041 lladriaui
998 3004 1061 3041 ΙΙΙ.
1106 3002 1318 3041 Alexandri
1349 3004 1411 3041 lll.

457 3068 589 3104 omisit
618 3066 706 3104 dein
740 3066 911 3114 reliquas
942 3076 1067 3114 usque
1097 3065 1143 3103 ad
1181 3066 1411 3114 Gregorium

461 3129 525 3165 lx.
559 3130 594 3165 in
626 3140 703 3178 quo
734 3128 852 3165 sistit.
892 3126 1042 3165 Omnes
1073 3127 1189 3166 hasce
1221 3129 1412 3165 Romano-

461 3201 546 3227 rum
566 3190 795 3229 Pontificum
817 3191 919 3228 vitas
943 3201 990 3227 ex
1008 3190 1202 3229 Cardinali
1221 3190 1413 3241 Aragonio

463 3251 640 3296 vulgavit
670 3254 906 3291 Muratorius
923 3254 1009 3291 Rer.
1035 3252 1120 3290 Ital.
1145 3257 1239 3290 tom.
1266 3253 1301 3290 3.
1328 3262 1413 3302 pag.

465 3310 555 3349 274.
599 3314 704 3351 Cave
748 3319 880 3352 tamen
924 3313 1064 3353 credas
1110 3314 1203 3352 niliil
1236 3315 1413 3364 tetigisse

464 3374 701 3423 ,Ragonium
725 3375 971 3414 Cardinalcm
992 3379 1027 3414 in
1052 3378 1134 3415 suis
1151 3378 1348 3427 excerptis
1366 3376 1413 3414 dc

1247 257 1629 298 NlCOLAUS

1476 329 1796 380 praecedentium
1835 335 1876 368 ct
1919 332 2159 380 reliquorum
2205 330 2438 370 Pontificum

1476 392 1677 440 historiis;
1710 403 1800 429 nam
1834 398 1988 442 praeter
2018 395 2120 432 vitas
2150 393 2236 431 illas
2264 403 2285 430 a
2314 393 2441 431 Mura-

1476 456 1573 492 torio
1616 454 1799 504 vulgatas
1837 454 1979 493 iterum
2023 459 2302 506 argumentum
2343 454 2436 493 illud

1477 518 1743 567 resumpsisse
1772 528 1820 554 ex
1852 516 1946 555 Cod.
1972 518 2051 556 MS.
2076 528 2193 568 quem
2220 519 2356 555 servat
2380 518 2440 555 Bi-

1476 579 1608 617 bliotb.
1627 580 1864 618 Canonicor.
1886 578 2042 627 Majoris
2065 579 2265 618 Ecclesiae
2290 579 2441 617 Lucen-

1475 643 1530 679 sis
1572 640 1692 679 disco.
1739 640 1870 679 Semel
1913 641 2017 677 enim
2061 640 2109 677 de
2146 640 2316 691 singulis
2359 641 2439 690 agit

1476 704 1667 754 incipiens
1696 714 1717 741 a
1739 704 1776 741 S.
1803 703 1919 741 Petro
1947 713 2072 751 usque
2097 702 2142 740 ad
2161 703 2436 746 Innocentium

1478 767 1522 804 ll.
1550 766 1695 804 lterum
1727 776 1826 804 vero
1867 764 2115 814 singulorum
2144 769 2255 815 gesta
2284 766 2437 816 tangit,

1477 840 1521 866 ea
1552 839 1645 865 vero
1665 827 1941 867 tantummodo
1961 827 2106 877 quibus
2131 828 2338 878 utriusque
2358 827 2439 877 gla-

1477 890 1527 927 dii
1558 895 1794 940 potestatem
1819 893 2100 928 exercuerunt.
2123 889 2294 939 lucipita
2314 890 2439 928 Felice

1478 953 1523 990 Il.
1544 964 1661 1002 quem
1690 954 1745 990 ait
1769 953 2145 991 excommunicasse
2163 951 2438 992 Constantium

1478 1014 1575 1064 lmp.
1606 1014 1795 1053 Arianum
1827 1020 1867 1052 et
1896 1014 2042 1063 desinit
2075 1016 2111 1052 in
2143 1013 2350 1052 Clemente
2378 1014 2438 1053 VI.

1477 1078 1542 1127 qui
1574 1076 1669 1115 diris
1699 1076 1861 1115 devovit
1899 1076 2107 1115 Dominum
2145 1076 2194 1114 de
2223 1074 2439 1114 Mediolano

1479 1137 1679 1178 Ecclesiae
1709 1142 1746 1177 et
1787 1138 2022 1178 clericorum
2064 1138 2210 1178 hostem
2238 1142 2278 1177 et
2315 1137 2442 1177 inimi—

1479 1213 1568 1240 cum
1599 1201 1865 1254 manifestum.

1535 1265 1758 1303 Eorundem
1801 1269 2076 1315 excerptorum
2124 1264 2248 1315 portio
2275 1268 2338 1303 est
2366 1268 2444 1303 tra-

1479 1332 1612 1366 ctatus
1640 1327 1689 1365 de
1720 1329 1802 1366 iure
1838 1328 2040 1367 Ecclesiae
2067 1330 2103 1365 in
2131 1327 2302 1366 Siciliam
2327 1327 2442 1366 cuius

1482 1398 1613 1431 tamen
1645 1392 1786 1430 titulus
1817 1391 2005 1430 mendose
2039 1392 2248 1441 hucusque
2293 1391 2443 1429 relatus

1482 1458 1568 1502 osv,
1601 1466 1678 1492 non
1723 1455 1827 1492 onim
1871 1455 2002 1504 agitur
2032 1455 2068 1492 in
2100 1465 2145 1493 eo
2175 1453 2223 1491 de
2269 1451 2443 1502 quadru—

1483 1516 1570 1566 plici
1596 1515 1872 1565 jurisdictionc
1896 1517 2094 1555 Romanae
2121 1516 2342 1564 Ecclesiae,
2373 1513 2441 1552 sed

1483 1578 1625 1616 titulus
1656 1580 1705 1616 ita
1750 1579 2013 1626 enunciatur3
2045 1580 2241 1616 tractatus
2270 1576 2315 1615 (te
2334 1575 2443 1626 juri-

1483 1640 1670 1678 sdictione
1696 1639 1896 1678 Ecclesiae
1925 1651 2045 1690 super
2069 1642 2242 1690 Reynum
2271 1636 2439 1689 Apuliae

1485 1706 1523 1740 et
1548 1702 1708 1740 Siciliae
1735 1702 1774 1740 in
1802 1713 1878 1753 quo
1908 1701 2126 1741 ostenditur
2167 1699 2440 1752 quadruplici-

1485 1768 1544 1802 ter
1572 1763 1626 1802 ad
1653 1764 1782 1814 ipsam
1810 1762 1935 1802 solam
1977 1762 2182 1802 ecclesiam
2220 1762 2433 1813 pertinere.
2473 1791 2476 1793 -

1482 1827 1541 1866 An
1594 1838 1688 1864 vero
1731 1826 1968 1876 opusculum
2001 1825 2105 1864 istud
2137 1827 2339 1864 Nicolaum
2372 1836 2442 1863 au-

1484 1895 1631 1929 ctorem
1678 1888 1859 1927 habuerit
1889 1899 1966 1925 non
1997 1889 2095 1926 satis
2124 1892 2308 1926 constare
2338 1887 2441 1926 arbi-

1486 1958 1592 2000 tror;
1612 1951 1736 1990 multa
1755 1952 1857 1988 enim
1891 1950 1927 1987 in
1958 1950 2159 2000 excerptis
2184 1950 2259 1988 illis
2281 1949 2329 1988 ab
2353 1949 2438 1998 alio,

1487 2025 1605 2065 quam
1638 2024 1658 2051 a
1688 2023 1730 2050 se
1759 2012 1975 2062 composita
2006 2011 2164 2062 collegit
2192 2010 2437 2062 Aragonius,

1486 2077 1600 2115 cuius
1627 2077 1679 2113 rei
1705 2076 1828 2125 gratia
1854 2073 2013 2113 titulum
2039 2073 2101 2112 his
2131 2074 2344 2124 praefecit:
2370 2085 2437 2112 cu-

1484 2137 1648 2176 mulatio
1675 2137 1717 2175 F.
1736 2135 1892 2175 Nieolai
1905 2135 2026 2175 Card.
2051 2135 2277 2187 Arayoniae
2301 2147 2357 2174 esc
2380 2135 2438 2174 di-

1484 2199 1612 2238 versis
1642 2199 1825 2249 repsisti-is
1855 2201 1893 2236 et
1919 2196 2034 2237 libris
2061 2197 2256 2237 Gamerae
2280 2198 2442 2249 Aposto-

1485 2260 1582 2300 licae
1596 2264 1632 2299 et
1648 2260 1741 2299 aliis
1758 2261 1928 2300 (liversis
1947 2259 2061 2299 libris
2082 2264 2119 2299 ct
2139 2259 2345 2300 Chronicis
2364 2266 2440 2299 etc.

1483 2323 1676 2369 Quoniam
1710 2334 1802 2360 voro
1826 2327 2012 2373 excerpta
2040 2321 2154 2361 Card.
2175 2323 2357 2372 Aragonii
2383 2333 2444 2360 sa—

1486 2388 1537 2423 tis
1565 2391 1654 2423 nota
1681 2390 1774 2423 sunt
1801 2386 1985 2433 nomine;
2010 2396 2092 2422 rem
2120 2396 2213 2422 vero
2238 2384 2349 2434 pauci
2376 2395 2441 2421 no-

1487 2450 1594 2495 rint,
1621 2449 1724 2499 quod
1753 2450 1903 2497 integra
1935 2449 1971 2485 in
2004 2447 2133 2485 lucem
2159 2445 2334 2485 nondum
2357 2457 2444 2496 pro-

1488 2510 1653 2559 dierint3
1670 2510 1786 2562 juvat
1805 2509 2021 2548 indiculum
2043 2519 2174 2548 rerum
2192 2520 2293 2559 quae
2311 2510 2347 2547 in
2372 2509 2446 2548 illis

1490 2574 1745 2612 continentur
1775 2572 1962 2610 exhibere
1979 2571 2094 2610 allata
2116 2571 2362 2622 singulorum
2386 2573 2443 2609 in-

1488 2636 1701 2685 scriptione
1718 2635 1766 2673 ab
1783 2633 2122 2673 eodemCardinali
2141 2633 2313 2684 praefixa
2330 2639 2445 2684 prout

1489 2697 1631 2746 legitur
1662 2698 1698 2735 in
1729 2697 1803 2735 MS.
1828 2708 1965 2735 eorum
1991 2695 2133 2734 Codice
2158 2697 2286 2734 Lucae
2319 2697 2355 2734 in
2383 2697 2445 2734 Bi-

1487 2759 1679 2798 bliotheca
1709 2758 1994 2797 (Iunonicorum
2042 2757 2200 2795 maioris
2242 2757 2443 2796 Ecclesiae

1489 2826 1660 2859 servato.

1569 2883 1763 2931 Excerpta
1796 2893 1842 2919 ex
1879 2881 1999 2918 variis
2029 2880 2138 2918 libris
2168 2882 2364 2920 Romanae

1675 2944 1817 2982 Curiae
1847 2954 1915 2993 per
1944 2942 2144 2982 Nicolaum
2166 2942 2260 2982 Cod.

1806 3004 2130 3055 Aragoniensem.
2170 3014 2175 3018 ¹

1539 3067 1612 3104 Est
1643 3068 1766 3117 primo
1796 3067 1905 3105 Bulla
1935 3067 2155 3106 Clementis
2183 3066 2229 3106 ad
2260 3067 2443 3107 Carolum

1486 3129 1629 3178 Regem
1657 3130 1809 3167 Siciliae
1836 3130 1957 3168 lilium
1981 3128 2165 3168 Ludovici
2190 3130 2305 3180 Regis
2325 3131 2444 3169 Fran-

1486 3191 1580 3228 ciae.
1615 3192 1722 3229 Bulla
1755 3193 2015 3230 investiturae
2043 3190 2220 3230 eiusdem
2251 3191 2446 3241 Regniin-

1487 3254 1604 3303 cipit·
1638 3253 1814 3294 Clemens
1853 3254 2072 3306 Episcopus
2119 3252 2329 3293 Constituti
2352 3259 2415 3292 etc
2435 3283 2444 3301 ,

1486 3316 1740 3354 continentur
1771 3319 1807 3354 in
1840 3318 1921 3367 ipsa
1962 3317 2109 3367 pariter
2148 3315 2284 3354 literae
2327 3317 2448 3356 Anni-

1489 3378 1620 3426 baldi,
1652 3383 1691 3415 et
1721 3380 1884 3418 Joonnis
1913 3378 2028 3419 Card.
2051 3377 2097 3417 ad
2123 3377 2307 3417 cumdem
2329 3378 2446 3419 Caro-
