2533 4009
446 270 515 308 17'·

440 343 556 389 nique
581 340 626 378 ad
653 350 824 388 quinque
853 337 1035 374 librorum
1061 338 1210 386 calcem
1244 351 1278 389 p.
1305 341 1394 379 389.

439 403 524 439 400.
550 406 690 439 exstat.
722 400 753 445 l,
778 398 950 448 Epistola
971 399 1168 438 similibus
1193 401 1393 451 rhythmis

437 464 652 501 Tlicotiscis
682 460 853 497 additam
888 461 1064 499 Latinam
1106 462 1394 511 interpretatio-

437 537 523 561 nem
557 522 814 566 habentibus,
847 532 1016 570 quorum
1050 522 1144 560 haec
1175 529 1237 561 est
1274 525 1392 563 Acro-

435 585 592 622 sticliis:
638 581 817 633 otfridus
870 581 1226 635 ll'izanburqensis
1257 587 1393 624 Mona--

432 638 826 682 clius.‘llai*tiiiui‘ite
871 650 910 682 et
956 646 1207 685 Werinberto
1258 649 1396 688 Sancti

431 705 534 742 Galli
559 705 790 743 ,nonasterii
816 706 1035 746 ,lIonachis
1073 709 1246 759 Apparet
1278 710 1390 759 hinc,

427 767 527 805 unde
552 768 793 806 Trithemius
822 770 963 807 titulos
985 772 1227 821 scriptorum
1249 772 1390 811 Otfridi

428 830 624 879 hauserit,
654 836 694 868 et
725 831 932 870 Trithemii
963 844 1072 871 error
1101 844 1192 872 cum
1231 835 1389 874 titulum

426 891 831 942 librolix-angolioruin
855 896 1126 945 praepositum
1147 896 1391 935 laudatGra-

423 952 515 990 tiam
550 953 785 1001 Tlieotistae,
817 967 914 994 cum
948 959 984 994 in
1022 957 1165 996 Codice
1195 960 1391 998 Caesareo

424 1027 456 1061 a,
491 1015 722 1065 majusculis
753 1018 894 1055 litteris
921 1018 1084 1068 legatur
1109 1019 1215 1058 hunc
1246 1022 1282 1058 in
1311 1032 1393 1059 mo-

422 1078 542 1116 dum:
577 1079 715 1129 Incipit
740 1078 840 1117 liber
867 1079 1199 1131 antiqelz'oruni,
1234 1083 1395 1122 Domini

420 1147 430 1186 ,ς’
451 1140 633 1178 Ludovici
669 1141 713 1179 ll.
744 1143 840 1192 Imp.
860 1140 867 1182 'l
897 1144 1036 1192 qratia
1073 1143 1272 1184 Theotisce
1302 1157 1391 1185 con—

418 1201 600 1253 scriptus.
635 1204 692 1241 lix
720 1204 779 1242 his
809 1206 929 1244 etiam
984 1206 1161 1244 Goldasti
1194 1208 1390 1249 refellitur

418 1277 548 1313 error,
575 1268 639 1315 qui
665 1267 901 1306 Monachum
927 1268 1229 1319 Sangallensem
1264 1271 1386 1310 Otfri-

420 1326 515 1365 (lum
550 1329 650 1366 facit.
683 1329 810 1374 Quam
843 1342 937 1368 vero
965 1331 1240 1382 paraphrasin
1276 1333 1387 1373 Psal-

424 1389 515 1427 terii
543 1391 805 1429 Trithemium
838 1399 1001 1431 secutus
1029 1394 1079 1431 illi
1107 1395 1244 1434 tribuit
1276 1398 1384 1435 Lam-

422 1452 584 1498 hocius,
615 1464 700 1492 eam
732 1455 971 1493 NOTKERO
1001 1455 1173 1495 Labeoni
1204 1469 1323 1508 supra
1346 1472 1380 1509 p.

424 1514 510 1552 138.
545 1514 746 1553 vindicare
778 1528 839 1554 me
863 1519 1039 1555 memini.
1067 1519 1230 1558 Librum
1257 1519 1383 1571 deju-

422 1574 521 1614 ‹li'cio
539 1581 742 1625 eaetremo,
776 1585 1038 1618 memoratum
1067 1581 1194 1619 eidem
1226 1583 1383 1621 Trithe-

423 1638 500 1676 mio
516 1670 525 1685 ,
551 1640 756 1691 aliumque.
787 1640 832 1679 (le
853 1641 1016 1691 qaufliis
1042 1644 1158 1693 requi
1179 1643 1380 1692 coelestis,

422 1704 458 1738 et
485 1701 675 1740 Carmina
717 1703 864 1742 diversi
896 1707 1055 1755 generis
1100 1712 1140 1744 et
1185 1707 1381 1758 Epistulas

420 1763 697 1812 addicet-sos,
730 1768 864 1805 nescio
912 1779 960 1805 an
1005 1769 1216 1818 quisquam
1255 1771 1382 1809 oculis

423 1830 690 1877 usurpaverit.
739 1830 974 1879 Fragmenta
1013 1832 1205 1880 quaedam
1238 1845 1284 1871 ex
1318 1832 1383 1871 lto-

422 1888 539 1927 miliis
569 1890 709 1929 Otsridi
735 1891 983 1939 Theotiscis,
1005 1899 1047 1931 ut
1067 1893 1113 1932 cle
1130 1906 1264 1934 amore
1285 1907 1383 1946 ergya

421 1952 569 1990 DEL'M
608 1956 645 1991 et
684 1953 944 2003 proximum,
989 1960 1025 1994 et
1066 1955 1112 1994 cle
1158 1957 1372 1997 viduarum

421 2013 585 2064 speciali
604 2016 843 2066 protectione
887 2016 1060 2066 Divina,
1105 2021 1369 2071 Manuscripta

424 2077 460 2113 in
492 2077 584 2115 Bibl.
617 2078 809 2117 Caesarea
837 2084 940 2118 teste
973 2082 1177 2120 Lambecio
1227 2088 1324 2121 tom.
1356 2085 1379 2122 2

423 2150 508 2188 pag.
539 2139 627 2177 7:57.
659 2140 746 2179 759.
780 2147 855 2180 etc.

473 2201 825 2243 O'sllELGlthL'S
850 2205 1081 2244 Astidensis
1105 2209 1191 2246 sive
1217 2209 1388 2247 Werthi-

423 2265 558 2301 nensis
586 2265 799 2303 Monachus
830 2267 923 2306 Ord.
957 2270 1202 2308 Benedictin.
1236 2271 1389 2309 dioece-

421 2326 475 2362 sis
506 2326 638 2364 Colon.
671 2329 752 2377 ipse
784 2330 892 2368 Friso
938 2333 1120 2379 natione,
1161 2333 1383 2385 discipulus

421 2387 463 2425 S.
494 2388 702 2438 Liuclyeri,
735 2392 849 2440 primi
875 2394 1290 2443 Mimigardeardensis
1332 2399 1384 2435 si-

420 2461 469 2487 ve
498 2452 818 2491 Monastcriensis
865 2455 1047 2507 Episcopi
1093 2457 1268 2496 defuncti
1305 2459 1379 2497 An.

422 2511 509 2549 809.
540 2513 708 2553 traditur
736 2515 822 2565 ejus
861 2517 983 2556 Vitam
1013 2521 1223 2570 scripsisse
1270 2521 1379 2560 libris

421 2574 599 2614 duobus:
628 2589 746 2628 quam
791 2580 877 2617 sine
924 2583 1081 2620 nomine
1125 2585 1299 2622 auctoris
1329 2596 1377 2623 ex

419 2639 613 2676 Manuscr.
664 2640 850 2679 Fuldcnsi
899 2642 1024 2681 edidit
1067 2645 1378 2696 Christophorus

419 2702 631 2740 Browerus
651 2703 685 2739 in
705 2702 900 2742 sideribus
930 2704 1178 2755 Germaniae,
1202 2710 1374 2759 Mogunt.

423 2764 535 2801 1616.
568 2764 600 2801 4.
632 2768 672 2802 et
700 2777 748 2802 cx
780 2767 956 2804 Broweri
988 2767 1161 2807 editione
1205 2770 1377 2808 Mabillo-

420 2827 510 2863 nius
540 2826 624 2864 Sec.
657 2827 718 2864 IV.
752 2826 836 2865 Act.
868 2827 936 2866 SS.
966 2829 1167 2868 Benedicti
1198 2836 1308 2881 parte
1341 2834 1373 2870 l.

422 2887 496 2926 sub
527 2889 695 2927 initium.
726 2888 810 2927 Alia
842 2894 904 2927 est
935 2902 1053 2940 quam
1083 2891 1192 2929 dedit
1235 2894 1375 2931 Surius

420 2949 483 2987 26.
513 2952 662 2989 Martii:
688 2952 760 2989 alia
791 2953 910 2990 eliam
942 2964 1059 3002 quam
1089 2954 1303 2993 ALFfflDO
1334 2960 1373 2992 et

421 3023 536 3060 quain
588 3012 799 3052 UFFlNGO
843 3013 1014 3052 Auctore
1043 3015 1233 3053 exhibent
1275 3017 1373 3054 Acta

423 3075 654 3114 Sanctorum
687 3082 781 3115 tom.
812 3077 833 3115 3
859 3078 983 3114 Martii
1014 3077 1075 3115 26.
1108 3089 1193 3128 pag.
1220 3078 1308 3116 642.
1335 3085 1374 3117 et

425 3135 511 3172 6:39.
542 3149 783 3188 quamquam
819 3139 1006 3177 miracula
1038 3140 1228 3179 nonnulla
1258 3153 1305 3179 ex
1333 3141 1374 3178 li-

479 3298 511 3328 a)
538 3295 687 3327 Lambec.
704 3304 782 3331 tom.
806 3301 837 3332 9.
862 3310 937 3341 pag.
961 3301 1035 3334 419-

482 3342 517 3378 b)
547 3345 602 3373 nic
629 3350 675 3375 est
694 3355 791 3385 quem
814 3351 962 3389 vulgavit
988 3354 1171 3383 uei-nardus
1206 3355 1265 3385 Pez
1303 3359 1382 3385 tom.

429 3391 447 3420 3
474 3391 660 3423 aiiccdoioi.
686 3401 775 3433 part(-
798 3398 826 3427 ἱ).
853 3407 925 3439 pag.
944 3400 1098 3433 lizi-482.
1124 3404 1228 3442 lncip.
1258 3404 1285 3434 Ο
1308 3403 1385 3443 qui-

1154 267 1701 312 O'l‘nEmilthUS

1469 342 1539 379 bro
1571 344 1745 382 secundo
1776 347 1883 386 Vitae
1913 352 1934 388 a
1964 345 2316 390 Browero-editae
2347 363 2415 391 ex-

1468 403 1574 442 hibet
1603 417 1640 455 p.
1671 406 1758 444 655.
1789 415 1991 450 auctorem
2022 423 2097 451 non
2123 412 2412 464 Othelgrimum

1465 467 1668 516 appellans
1698 468 1767 506 sed
1799 470 2052 522 Anonymum
2096 476 2320 523 Frisonem,
2364 473 2414 513 de

1465 540 1542 577 quo
1573 529 1662 567 vide
1694 532 1749 568 sis
1779 533 1897 571 etiam
1927 534 2124 585 disputata
2169 538 2191 575 a
2227 535 2415 586 Papebro-

1464 590 1552 629 chio
1582 604 1621 642 p.
1652 593 1740 631 629.
1772 594 1838 633 ubi
1884 602 2084 637 auctorem
2119 601 2300 649 quisquis
2342 598 2414 637 fuit

1466 659 1567 704 post.
1596 654 1669 692 An.
1701 655 1792 695 795.
1824 658 2031 708 scripsisse
2073 661 2248 711 adeoque
2284 672 2413 710 neque

1465 727 1510 754 ex
1544 717 1709 767 Ludgeri
1734 719 1992 758 familiaribus
2010 721 2131 760 fuisse
2146 722 2272 772 docet,
2290 720 2415 762 othel-

1463 777 1641 827 9rimum
1672 782 1790 819 etiam
1823 783 1907 819 sive
1939 780 2223 833 Odilqrimum‚
2252 784 2416 834 diligen-

1465 845 1526 877 ter
1555 840 1884 892 distinguendum
1915 844 1964 883 ab
1993 843 2231 896 Hildeqrimo
2257 847 2414 899 Lutgeri

1465 902 1611 951 fratre,
1655 905 1945 945 Catalaunensi
1975 907 2012 944 in
2042 907 2166 947 Gallia
2195 909 2413 960 Episcopo,

1463 962 1511 1001 de
1535 976 1613 1014 quo
1644 966 1754 1005 infra.

1518 1027 1786 1070 OTllLONUS
1803 1030 2018 1082 Presbyter
2035 1037 2076 1070 et
2089 1032 2303 1072 Monachus
2317 1033 2415 1073 Coe-

1466 1089 1565 1127 nobii
1595 1091 1892 1131 Ratisbonensis
1921 1093 1967 1132 ad
2001 1094 2040 1133 S.
2069 1094 2409 1134 Emmerammum

1465 1150 1623 1190 Ordinis
1653 1153 1798 1192 Bened.
1839 1156 1876 1192 in
1921 1167 1998 1206 quo
2034 1167 2124 1195 cum
2157 1168 2226 1208 per
2253 1157 2414 1208 triginta

1463 1224 1589 1252 annos
1616 1219 1827 1265 versatuS,
1859 1218 2005 1256 scholis
2034 1219 2153 1257 etiam
2190 1219 2413 1269 praefectus

1462 1276 1614 1324 fuisset,
1643 1283 1684 1316 et
1708 1280 1916 1318 Decaniam
1948 1281 2291 1330 administrasset,
2322 1280 2415 1321 Ful-

1458 1337 1550 1376 dam
1579 1338 1623 1378 A.
1656 1341 1772 1379 4062.
1805 1353 1847 1380 se
1877 1343 2077 1390 contulit,
2101 1355 2179 1394 quo
2204 1345 2286 1395 ipso
2309 1355 2413 1383 anno

1458 1401 1700 1441 Coenobium
1734 1404 1828 1443 illud
1862 1405 2100 1445 Ratisbonae
2129 1406 2430 1457 conflagravit,

1459 1468 1502 1501 ut
1532 1465 1614 1515 ipse
1647 1472 1779 1505 narrat
1824 1469 1859 1505 in
1899 1468 2029 1506 libello
2058 1466 2105 1506 de
2134 1467 2259 1520 ipsius
2289 1471 2412 1506 tenta-

1458 1525 1651 1576 tionibus,
1684 1528 1804 1566 varia
1833 1527 2001 1580 fortuna
2030 1532 2069 1568 et
2093 1529 2252 1582 scriptis
2292 1541 2411 1580 quem

1458 1588 1637 1638 vulgavit
1666 1590 1912 1630 Mabillonius
1961 1597 2055 1630 tom.
2101 1592 2150 1631 lV
2187 1591 2409 1631 Analector.

1457 1661 1541 1701 pag.
1573 1652 1661 1690 404.
1689 1652 1812 1701 (edit.
1841 1664 1965 1692 novae
1997 1665 2082 1705 pag.
2110 1654 2325 1704 408-449.)
2349 1657 2413 1695 Di-

1457 1712 1625 1763 ligenter
1667 1714 1715 1753 dc
1764 1715 1835 1754 hoc
1864 1715 2035 1754 Othlono
2079 1717 2122 1755 V.
2164 1716 2209 1756 C.
2249 1719 2414 1756 Bernar-

1456 1774 1531 1813 dus
1561 1778 1634 1814 Pez
1666 1778 1702 1815 in
1733 1778 1834 1815 Diss.
1867 1778 2016 1828 isagog.
2058 1778 2107 1817 ad
2152 1783 2306 1818 tomum
2336 1780 2414 1829 pri-

1458 1849 1566 1877 mum
1597 1838 1891 1878 Anecdotorum
1925 1852 1963 1890 p.
1993 1841 2029 1878 X
2060 1851 2142 1890 seq.
2173 1839 2251 1878 Sed
2279 1840 2415 1880 Othlo-

1459 1912 1554 1939 num
1590 1907 1716 1952 ipsum
1749 1901 1798 1940 de
1828 1903 1987 1952 scriptis
2021 1903 2105 1941 suis
2149 1901 2413 1941 disserentem

1457 1964 1681 2003 audiamus.

1508 2025 1696 2064 Libellum
1715 2026 1894 2077 primum
1913 2025 2090 2066 scribere
2117 2037 2225 2079 coepi
2241 2028 2404 2067 metrico

1457 2088 1606 2127 scilicet
1627 2089 1742 2137 stilo,
1773 2099 1847 2140 quo
1876 2088 2054 2127 maoeime
2078 2088 2118 2126 in
2149 2086 2328 2127 seculari
2355 2089 2415 2129 vi-

1463 2154 1502 2188 ta
1525 2151 1680 2202 positus
1708 2163 1769 2190 me
1800 2149 2063 2190 eaeercebam:
2092 2152 2127 2199 b)
2153 2162 2301 2202 ponens
2318 2151 2358 2190 in
2371 2163 2414 2190 eo

1462 2213 1602 2252 varias
1623 2214 1840 2264 spiritualis
1855 2212 2056 2252 doctrinae
2073 2215 2312 2262 sententias,
2330 2215 2416 2265 qui-

1464 2274 1536 2313 bus
1565 2287 1626 2313 me
1652 2274 1890 2315 solummodo
1920 2279 2058 2314 contra
2087 2275 2316 2316 tentationes
2345 2276 2416 2316 im-

1460 2338 1649 2377 minentes
1679 2339 1884 2377 instruens
1908 2337 2122 2377 roboravi:
2147 2342 2223 2377 aut
2235 2339 2417 2390 pravita-

1458 2402 1506 2439 tis
1535 2412 1643 2440 meae
1671 2403 1932 2453 quantitatem
1950 2433 1960 2449 ,
1991 2413 2111 2453 quam
2140 2412 2229 2440 cum
2271 2403 2414 2442 ceteris

1457 2462 1624 2503 Clericis
1653 2468 1913 2503 communiter
1930 2463 1971 2502 in
1987 2463 2132 2502 mundo
2147 2463 2386 2504 emercebam
2403 2494 2412 2513 ,

1447 2526 1792 2578 pertinaciamque
1820 2538 1942 2579 quam
1958 2525 2184 2578 specialiter
2196 2538 2298 2580 prae
2312 2526 2413 2567 mul-

1452 2592 1501 2628 tis
1530 2588 1671 2628 ibidem
1700 2588 1947 2635 retinebam,
1978 2589 2104 2641 maqis
2140 2589 2410 2639 attenderem,

1451 2655 1570 2703 atque
1600 2651 1740 2691 litteris
1770 2653 1998 2704 esc-positam
2030 2651 2178 2703 majori
2210 2650 2410 2703 poeniten-

1454 2713 1508 2751 tia
1537 2713 1759 2753 diluendam
1789 2726 2055 2765 aqnoseerem.
2087 2713 2249 2753 Inserui
2274 2713 2314 2752 in
2348 2725 2409 2752 eo-

1451 2775 1536 2815 (lem
1564 2781 1682 2815 etiam
1712 2775 1838 2815 libello
1866 2787 2085 2815 sermonem
2115 2774 2311 2827 quendam
2350 2774 2407 2814 la-

1452 2838 1656 2877 mentabzlz·
1680 2838 1768 2877 stilo
1799 2838 1972 2887 editum,
1998 2838 2116 2890 prius
2158 2837 2312 2889 quidem
2348 2837 2404 2877 di-

1450 2904 1614 2951 sputans
1629 2900 1675 2938 cte
1697 2899 1856 2939 diversa
1884 2899 2120 2939 clericorum
2144 2898 2403 2951 neqliqentia,

1449 2974 1517 3001 nec
1545 2974 1620 3000 non
1642 2962 1847 3001 avaritia:
1883 2961 2022 3001 deinde
2050 2973 2228 3002 narrans
2257 2961 2303 3001 de
2331 2962 2403 3001 mi-

1448 3022 1610 3062 serabili
1640 3023 1903 3074 improbitatis
1934 3036 2044 3063 meae
2084 3024 2282 3073 vindicta,
2321 3027 2400 3062 tam

1448 3086 1738 3138 spiritualiter,
1769 3098 1888 3138 quam
1917 3086 2183 3140 corporaliter
2205 3089 2386 3138 patrata.

1504 3150 1661 3188 Librum
1694 3161 1788 3188 vero
1819 3152 2018 3189 visionum
2049 3147 2399 3201 c)licetpostduos

1445 3310 1586 3341 cumque
1604 3302 1704 3342 cupis
1720 3310 1930 3342 coqnoscere
1946 3302 2044 3333 dicta
2057 3297 2288 3332 satutie.Vide
2302 3299 2403 3330 etiam

1448 3355 1548 3390 caput
1559 3353 1612 3383 50.
1628 3352 1748 3392 dialogi
1764 3353 1803 3383 de
1817 3352 1922 3383 tribus
1935 3348 2263 3392 quaestionibusibid
2279 3357 2310 3388 p.
2322 3347 2400 3380 245.

1511 3410 1542 3439 c,
1568 3404 1679 3433 Exstat
1703 3402 1791 3441 apud
1811 3400 1980 3433 laudatum
2002 3402 2134 3433 Pezium
2155 3406 2228 3438 pag.
2249 3397 2401 3430 547-6102.
