2517 4009
0 666 30 876 i

869 224 1353 264 l'RUDEN'l‘lUS

112 301 311 339 Vaticana.
334 300 451 337 Bern.
471 296 519 335 de
537 296 785 334 Montiaucon
810 295 905 334 Bibl.
926 295 1068 333 Biblio—

115 362 321 400 thecarum
353 358 465 397 MSS.
498 368 583 408 pag.
616 357 704 396 440.

161 422 384 461 PROSPER
414 419 460 458 de
484 418 616 469 Re91'0,
647 418 730 456 ord.
760 419 797 457 S.
829 418 1066 468 Augustini,

110 485 336 533 provinciae
367 480 643 520 Romandiolao
686 481 899 527 alumnus,
942 479 1067 518 Theo—

107 545 231 596 logiae
273 545 418 582 Doctor
460 543 693 590 ParisinuS,
725 544 762 580 in
793 542 974 580 (tomitiis
1001 552 1067 591 ge-

107 605 321 644 neralibus*
359 604 686 642 Ariminensibus
730 603 978 642 studentium
1027 603 1064 639 in

104 667 216 706 ltalia
229 667 490 705 Examinator
499 666 754 704 constitutus.
765 665 1067 714 ScripsitQuae-

107 727 274 766 stionem
288 725 335 765 de
353 724 534 764 sensibus
549 724 808 764 interioribus
823 735 909 763 sum
916 727 994 762 tam
1012 736 1066 763 ea:

108 786 416 836 Quaestionz'bus
439 786 490 826 ab
516 799 555 825 (ο
573 787 744 826 Parisiis
768 785 978 838 disputatis
1001 795 1067 824 su-

99 861 185 901 per
193 848 404 902 proloyum
418 848 613 887 librorum
625 845 931 895 Sententiarum,
951 848 1000 884 im
1009 858 1064 896 pr.

101 912 257 949 Bonon.
299 910 414 949 4503.
447 912 481 948 4.
511 915 552 948 et
589 911 789 949 Caesenae
828 908 943 947 4626.
966 907 1065 946 Vide

101 971 200 1010 Phil.
230 972 348 1010 Elssii
382 973 700 1011 Encomiasticon
722 970 1062 1020 Augustinianum

103 1045 141 1084 p.
173 1034 263 1072 596.
308 1033 548 1072 Gandolfum
580 1033 629 1071 de
658 1032 842 1071 ducentis
871 1031 1061 1081 Augusti-

102 1096 237 1134 nianis
268 1095 536 1146 Scriptoribus
565 1105 651 1145 pag.
684 1094 772 1132 306.

152 1157 241 1207 (280
264 1157 449 1206 Quaestio
465 1155 700 1207 dzynissima
723 1159 761 1193 et
771 1154 1063 1207 pei-utilissima

96 1218 143 1257 de
166 1216 350 1258 sensibus
384 1216 645 1256 interioribus
676 1220 870 1267 eoecerpta
895 1220 932 1254 et
954 1227 1060 1254 sum-

94 1283 166 1332 pta
189 1292 245 1318 ew
267 1277 564 1331 quaescionibus
587 1277 639 1316 ab
663 1290 705 1316 eo
733 1277 904 1317 Parisiis
929 1277 1063 1328 dispu-

99 1340 190 1379 tatis
215 1352 340 1393 super
356 1339 522 1391 proloqu
544 1339 672 1390 primi
694 1338 883 1388 Mayistri
903 1340 1064 1378 Senten-

99 1403 249 1441 tiarum
287 1405 434 1441 Bonon.
463 1401 512 1439 de
541 1400 766 1439 Benedictis
807 1401 923 1438 4503.
954 1402 991 1437 in
1029 1401 1065 1437 4.

93 1468 183 1513 post
199 1474 262 1514 op.
278 1464 333 1511 De
346 1461 567 1512 coynz'tione
584 1461 750 1500 animae.
772 1461 812 1498 F.
823 1461 1066 1500 AUGUSTI-

92 1525 158 1564 NJ
181 1524 228 1563 de
255 1524 428 1563 Ancona.
463 1523 557 1562 Vide
593 1527 619 1560 t.
647 1524 674 1560 Ι.
701 1535 735 1572 p.
778 1524 867 1562 443.
907 1524 1056 1562 Extare

96 1588 134 1625 in
157 1587 254 1626 Bibl.
281 1585 441 1624 Estensi
468 1584 584 1623 docet
607 1585 655 1623 cl.
674 1585 900 1623 Tiraboschi
918 1583 1065 1624 Biblio-

98 1652 182 1687 teca
210 1646 455 1695 Modenese.)
483 1647 547 1685 ubi
576 1646 624 1685 de
648 1647 736 1685 aliis
760 1658 850 1697 opp.
874 1648 981 1687 MSS.

151 1709 377 1748 PROSPER
399 1708 542 1757 TIRO,
568 1709 631 1747 vel
657 1709 777 1747 etiam
803 1708 923 1747 TIRO
946 1711 1053 1749 PRO·

96 1772 247 1820 SPER,
272 1770 414 1809 Orator
442 1775 483 1808 et
521 1770 695 1817 Rhetor,
725 1775 829 1808 teste
875 1770 980 1809 Beda
1010 1771 1059 1810 de

96 1833 262 1880 metriS,
291 1837 431 1871 auctor
464 1836 527 1870 est
573 1831 777 1870 Carminis
822 1832 965 1870 mariti
1007 1832 1062 1871 ad

94 1905 294 1942 umorem,
317 1894 366 1932 de
408 1904 487 1943 quo
523 1904 642 1943 supra
684 1895 788 1931 inter
818 1893 934 1932 dubia
966 1893 1059 1932 Pro—

96 1956 201 2006 speri
232 1954 457 2005 Aquitanici
496 1956 642 2005 scripta
673 1967 711 1993 n.
742 1956 778 1994 2.
813 1959 948 1994 actum
980 1961 1054 1994 est.

96 2019 248 2056 Auctor
278 2017 373 2056 illud
403 2018 590 2068 scripsit,
624 2022 667 2057 ut
696 2019 952 2068 apparet,A.
981 2019 1058 2057 407

94 2078 273 2129 adeoque
303 2080 494 2130 Prospero
538 2079 775 2130 Aquitanico
805 2081 938 2118 senior
967 2085 1054 2129 est,

96 2140 194 2180 alias
237 2141 355 2179 nobili
400 2153 546 2193 genere
589 2146 737 2189 natus,
766 2146 806 2180 et
851 2142 965 2180 bonis
995 2148 1058 2181 sat

97 2202 235 2241 multis
266 2203 502 2243 instructus.
533 2205 632 2242 Hinc
661 2204 857 2242 Auctores
887 2205 985 2242 Hist.
1012 2205 1055 2242 li-

97 2264 267 2302 terariae
297 2264 470 2303 Gallicae
499 2270 595 2303 tom.
624 2266 670 2304 Il.
702 2276 788 2316 pag.
820 2266 909 2304 325.
940 2266 1052 2304 illum

102 2315 130 2362 a
153 2326 283 2374 priore
309 2327 501 2376 Prospero
541 2327 818 2377 distinguunt,
849 2328 965 2378 eique
1003 2329 1056 2366 si-

99 2384 184 2423 mul
215 2384 533 2437 confessionem,
563 2387 612 2426 de
654 2400 733 2438 qua
776 2389 947 2437 ibidem,
986 2391 1054 2428 tri-

95 2445 238 2484 buunt.
264 2447 343 2485 Nos
370 2458 456 2485 rem
492 2449 531 2485 in
578 2449 706 2487 medio
749 2450 1052 2500 relinquendam

96 2517 186 2546 esse
214 2517 443 2547 censemus.

149 2567 376 2607 PROSPER
408 2568 579 2608 Urbinas
608 2572 767 2621 scripsit
804 2572 1053 2611 Summulam

95 2628 381 2668 resolutionum
396 2629 635 2679 Alea-andri,
655 2633 741 2671 sive
758 2633 1051 2683 Compendium

95 2692 284 2730 Summae
308 2691 565 2742 Theologicae
598 2693 812 2732 Alexandri
842 2695 892 2733 ab
927 2695 1050 2742 Ales,

96 2752 313 2791 Possevino
342 2752 556 2792 laudatam.
579 2755 681 2793 Haec
706 2755 908 2795 Fabricius
931 2767 1052 2807 supra

95 2813 196 2851 libro
225 2813 252 2852 1.
284 2823 370 2864 pag.
400 2814 465 2854 57.

150 2871 397 2913 PROSPERI·
415 2886 465 2914 ex
489 2877 717 2916 Manichaeo
737 2881 920 2917 conversi
946 2879 1053 2918 Ana-

98 2933 339 2974 thematismi
363 2936 458 2974 XXI.
484 2942 620 2977 contra
651 2939 968 2979 Manichaeorum
995 2953 1055 2979 er-

98 3006 233 3043 rores‚
265 2996 360 3034 editi
385 3003 519 3037 sunta
545 2999 754 3038 Sirmondo
779 3005 873 3039 tom.
900 3003 925 3039 l.
951 3003 1054 3040 Con-

97 3058 279 3096 ciliorum
302 3058 474 3108 Galliae,
496 3062 662 3110 repetita
685 3064 721 3099 in
747 3063 932 3100 Conciliis
956 3063 1056 3102 Lab-

96 3120 157 3159 bei
188 3124 284 3159 tom.
315 3121 379 3159 lV.
409 3126 450 3159 et
480 3122 668 3160 Harduini
700 3128 794 3162 tom.
827 3123 874 3162 ll.

149 3181 436 3222 PROVINClAE
468 3183 695 3227 Comitum,
726 3195 776 3222 ex
809 3185 953 3223 familia
984 3187 1057 3225 Co-

151 3321 184 3361 a)
208 3325 309 3364 Hujus
342 3332 462 3356 nomcn
487 3326 520 3355 in
546 3324 728 3356 Christiani
746 3324 885 3356 uolneri
916 3327 1060 3357 Historia

2021 237 2100 276 323

1142 295 1282 333 mitum
1300 298 1827 349 Barcinoniensium,brcvis
1846 303 2015 344 Historia
2033 318 2104 345 ex-

1142 361 1222 394 stat
1237 359 1341 407 apud
1363 360 1561 399 Labbeum
1582 364 1619 399 in
1636 363 1735 401 Bibl.
1750 364 1857 403 MSS.
1873 370 1900 402 t.
1917 366 1944 404 I.
1962 377 1996 416 p.
2009 368 2101 407 353.-

1197 417 1386 458 Aurelz'us
1403 422 1724 462 PRUDENTIUS
1744 424 1941 475 Clemens,
1964 428 2102 479 Hispa-

1143 491 1219 519 nus
1236 511 1244 526 ,
1261 482 1378 521 Poeta
1397 484 1663 524 Christianus.
1691 487 1790 538 Ejus
1813 490 1994 529 notitiam
2021 492 2103 541 ple-

1142 543 1292 582 niorem
1325 546 1399 582 iam
1430 545 1538 584 dedit
1567 548 1700 585 Celeb.
1731 554 1866 588 noster
1896 552 2099 593 Fabricius

1140 604 1237 642 Bibl.
1267 606 1404 644 Latina
1438 608 1486 645 IV
1529 608 1566 645 2.
1609 609 1795 648 adhibitis
1837 613 2101 662 Supplcmen-

1142 666 1206 714 tis,
1237 671 1276 704 ct
1308 669 1508 717 Leyserus
1541 671 1576 707 in
1610 672 1777 710 Historia
1796 674 2002 713 Poetarum
2023 687 2107 713 me-

1141 725 1192 763 dii
1222 729 1336 775 aevi,
1369 740 1453 779 pag.
1477 729 1513 768 [ι.
1537 732 1592 769 De
1613 731 1854 772 editionibus
1881 735 1971 772 vide
1996 737 2100 776 Dau-

1142 789 1207 826 mii
1251 788 1457 840 Syllabum
1502 793 1712 832 Poetarum
1753 795 2097 843 Christianorum,

1139 851 1205 900 qui
1246 852 1421 890 Paullino
1465 855 1687 892 Petrocorio
1731 858 1976 905 praemissus
2019 864 2093 896 est.

1140 912 1251 951 Nunc
1281 915 1470 964 exiguum
1500 915 1657 966 aliquod
1693 918 1939 967 spicilegium
1970 919 2092 958 adne-

1139 975 1299 1012 ctimus.

1190 1036 1319 1074 Vitam
1353 1037 1553 1076 Prudentii
1583 1038 1692 1077 dedit
1715 1042 1772 1077 Jo.
1805 1041 1946 1080 Petrus
1974 1043 2101 1081 Ludo-

1139 1098 1265 1145 vicus,
1301 1098 1464 1137 Witteb.
1498 1100 1614 1139 4692.
1640 1100 1676 1138 [ι.
1701 1101 1796 1140 diss.
1822 1102 1991 1142 duarum
2021 1105 2102 1154 pla-

1137 1159 1319 1208 gularum
1338 1191 1348 1207 ‚
1380 1172 1481 1210 quae
1508 1167 1643 1211 postea
1676 1164 1713 1200 in
1743 1164 1957 1214 Opusculis
1989 1166 2098 1204 illius

1137 1226 1321 1271 apparet,
1352 1227 1391 1259 ot
1421 1223 1602 1262 Clericus
1633 1225 1669 1261 in
1702 1225 1800 1263 Bibl.
1832 1227 1994 1265 selecta.

1190 1283 1246 1321 De
1277 1285 1416 1321 naevis
1447 1285 1649 1323 Prudentii
1695 1287 1942 1338 Theologicis
1978 1301 2099 1339 quae-

1138 1342 1229 1380 dam
1259 1344 1417 1393 collegit
1448 1346 1604 1384 Baelius
1636 1348 1672 1384 in
1705 1349 1860 1386 Lexico.

1196 1405 1252 1442 De
1283 1405 1367 1454 ipso
1399 1407 1517 1444 Poeta
1547 1412 1586 1444 ct
1617 1408 2009 1450 Commentatoribus
2037 1424 2102 1451 ac-

1141 1469 1280 1503 curate
1306 1466 1454 1505 iudicat
1468 1468 1655 1507 Barthius
1679 1469 1726 1507 ad
1743 1471 2004 1511 Claudianum
2023 1475 2101 1512 Ma—

1140 1531 1313 1566 mertum
1346 1540 1382 1578 p.
1414 1530 1504 1567 305.
1537 1530 1626 1568 307.
1659 1532 1729 1569 sed
1759 1534 1824 1582 qui
1851 1544 1991 1572 omnes
2015 1537 2101 1574 eius

1139 1589 1331 1639 phrases,
1377 1591 1479 1629 ritus
1522 1597 1563 1630 et
1607 1593 1824 1632 allusiones
1871 1596 2101 1645 ingentibus

1138 1653 1446 1690 Commentariis
1490 1654 1602 1693 obrui
1646 1657 1803 1705 potius,
1847 1668 1967 1706 quam
2015 1658 2102 1697 illu-

1137 1715 1254 1752 strari
1285 1719 1407 1765 optat.

1187 1776 1317 1825 Opera
1346 1776 1453 1815 edita
1496 1783 1592 1816 sunt
1629 1779 1867 1818 Daventriae
1916 1781 2030 1820 4472.
2064 1783 2098 1820 4.

1134 1836 1292 1874 Librum
1325 1838 1633 1878 Cathemerinon
1674 1842 1815 1880 Petrus
1858 1844 2098 1882 Mosellanus

1131 1898 1254 1936 edidit
1287 1900 1388 1949 Lips.
1420 1900 1456 1937 8.
1486 1911 1535 1938 ex
1580 1901 1736 1940 officina
1780 1904 1926 1942 Nicolai
1973 1905 2100 1943 Fabri.

1139 1959 1332 1999 Praefatio
1361 1960 1410 1998 ad
1441 1961 1645 1999 Matthiam
1675 1964 1936 2013 Meynerum‚
1983 1967 2096 2005 Libe-

1136 2021 1277 2060 ralium
1304 2023 1448 2061 artium
1466 2025 1717 2074 Magistrum,
1736 2026 2003 2065 illustrissimi
2022 2029 2095 2067 Sa·

1132 2084 1272 2122 xoniae
1309 2085 1431 2123 Ducis
1455 2085 1501 2123 ad
1529 2085 1700 2124 Niveum
1726 2088 1898 2125 Montem
1925 2088 2098 2129 decima-

1132 2156 1220 2183 rum
1248 2145 1493 2195 praefectum
1515 2176 1522 2194 ,
1544 2145 1577 2196 a)
1598 2147 1687 2186 data
1705 2153 1766 2186 est·
1789 2150 1910 2188 Nonis
1930 2152 2101 2190 Novem-

1131 2206 1213 2244 bris
1256 2218 1291 2245 a.
1323 2208 1439 2246 4522.
1486 2210 1528 2246 ln
1571 2211 1655 2259 ipso
1686 2211 1802 2249 titulo
1838 2211 1934 2250 haec
1978 2213 2099 2252 verba

1130 2266 1396 2316 adjiciuntur:
1435 2270 1537 2308 Nam
1568 2270 1767 2309 Leonardc'
1800 2273 1994 2320 Quercinc'
2020 2275 2100 2312 ine-

1126 2331 1242 2379 ptum
1286 2328 1332 2368 de
1355 2330 1605 2381 pientissimo
1631 2336 1746 2383 poeta
1768 2332 1971 2383 judicium
2003 2334 2102 2372 m'ln'l

1129 2402 1350 2430 moramur.
1386 2393 1579 2439 Quisnam
1625 2394 1688 2432 ille
1727 2394 2092 2436 Prudentiomastix

1130 2453 1276 2504 fuerit,
1307 2467 1426 2505 quem
1458 2456 1528 2494 Ge.
1559 2455 1762 2495 Fabricius
1794 2457 1830 2494 in
1862 2457 1956 2495 edit.
1991 2459 2097 2496 Wei-

1128 2515 1237 2554 ziana
1269 2528 1306 2565 p.
1338 2518 1429 2555 309.
1455 2519 1772 2566 Quercetanum,
1802 2529 1976 2568 eumque
2014 2520 2099 2557 viri

1127 2573 1290 2613 obscuri
1322 2577 1448 2628 elogio
1479 2583 1655 2621 mactat,
1687 2579 1830 2625 fuerit,
1863 2579 1986 2616 fateor
2031 2591 2095 2617 me

1127 2634 1257 2674 adhuc
1294 2638 1487 2686 ignorare.
1519 2638 1601 2676 Sub
1632 2639 1751 2676 finem
1782 2638 1944 2677 additur
1972 2640 2093 2678 Acro-

1127 2697 1268 2734 stichis
1296 2697 1457 2737 Sedulii.

1183 2758 1490 2797 Cathemerinon
1525 2759 1662 2811 hymni
1695 2771 1772 2799 sex
1797 2762 1958 2812 priores
1995 2774 2090 2802 cum

1127 2821 1327 2870 spicilegio
1353 2825 1535 2859 notarum
1563 2821 1656 2860 editi
1689 2828 1784 2861 sunt
1810 2834 1831 2861 a
1856 2825 1915 2860 Jo.
1941 2824 2090 2871 Theill,

1124 2883 1296 2920 Rectore
1327 2882 1619 2931 Budissincnsi‚
1650 2884 1808 2922 Gorlicii
1836 2885 1950 2922 1647.
1973 2886 1996 2922 8

1183 2942 1396 2981 Prudentia
1430 2943 1591 2994 adjungi
1630 2945 1759 2983 solent
1790 2945 1982 2984 AMOENl
2027 2947 2093 2984 Di-

1123 3004 1297 3056 ptychon
1324 3007 1410 3043 sive
1436 3005 1693 3043 Enclie'rz'zlion
1723 3007 1931 3057 utriusque
1964 3007 2093 3046 Testa-

1128 3061 1270 3113 menti,
1320 3067 1426 3117 quod
1478 3067 1668 3105 Manuale
1711 3079 1920 3105 amoenum
1973 3074 2092 3108 vetus

1128 3128 1301 3165 versifex
1340 3129 1584 3174 intitulavit,
1625 3131 1679 3167 uti
1725 3134 1860 3167 exstat
1892 3131 1928 3167 in
1975 3131 2091 3169 titulo

1131 3188 1252 3237 hujus
1284 3189 1526 3237 Euchiridii(
1560 3191 1710 3240 Lipsiae
1742 3201 1810 3240 per
1848 3192 1929 3229 Jac.
1961 3191 2092 3230 Than-

1133 3330 1399 3369 Sclinrborgonsi
1423 3336 1586 3362 rrum-‘nn
1610 3332 1732 3362 frustra
1751 3335 1912 3371 requires.
