2533 4009
429 227 509 264 272

430 301 470 334 nt
496 307 571 345 pro
600 291 729 343 quiuis
755 285 925 337 quotidie
954 283 1103 320 clun-les
1136 281 1388 320 emendandis

427 358 753 401 „mvrena-quas
768 341 1277 396 appellantdistributiones
1289 354 1389 393 quo-

430 418 620 455 tidianus,
640 408 794 450 tametsi
814 407 876 443 rei
898 404 1062 443 De'oe‘tzae
1078 416 1153 441 non
1173 403 1389 442 interesset.

431 480 498 517 Est
540 490 575 514 ιιι
606 486 649 512 ea
683 468 863 508 Ecclesia
901 467 1110 517 utriusque
1154 464 1392 504 Testamenti

425 539 550 576 calm
563 534 814 586 pervetustus
833 559 839 565 .
857 528 928 579 qai
946 527 1044 566 ιηίΙιιῗ
1065 539 1182 579 saepe
1200 526 1280 579 fait
1298 526 1397 566 usui·

427 599 479 636 ml
514 610 598 648 eam
637 605 745 639 rem,
771 591 817 629 de
847 603 926 642 qua
957 601 1057 628 nunc
1086 590 1234 641 ayitur.
1260 587 1319 626 Ab
1349 600 1390 627 eo

425 657 725 707 custe‘qatt'onwn
746 664 917 692 suarum
944 652 1097 690 mitium
1121 650 1390 696 ,Ooemnensis

425 722 534 772 fecit.
559 717 764 770 conferens
795 713 903 753 illum
923 743 932 757 ‚
958 714 1097 767 opinor
1115 744 1122 760 ,
1143 713 1198 752 ad
1219 712 1391 764 aliquem

425 787 443 822 ὑ
488 777 775 819 recentioribus
811 776 953 823 libris,
997 779 1114 827 atque
1154 775 1393 825 (lae'spiitiyetzs

430 856 523 883 vera
543 875 550 889 ‚
581 845 618 880 et
647 840 834 879 inducens
858 838 988 891 falsa,
1011 838 1192 877 distorsit
1215 838 1241 875 ὰ
1261 840 1394 887 proto-

426 909 512 954 typo
537 899 764 950 exemplari
778 897 995 950 plusquam
1028 899 1237 935 sementos
1263 894 1364 934 locos
1386 924 1393 941 ,

425 976 519 1017 qnos
550 962 621 1002 tibi
654 964 774 1000 Pater
804 959 1103 999 clemen-tissime
1135 957 1209 1007 (ud
1236 958 1395 996 Franci-

428 1039 540 1066 scum
566 1026 799 1064 Ximonium
824 1022 1060 1060 Toletanum
1088 1020 1314 1058 antistitem
1341 1018 1394 1056 lo-

428 1087 586 1140 quiturl
613 1084 789 1130 ostendi,
819 1095 908 1122 cum
935 1082 1012 1121 illic
1043 1086 1146 1121 esset
1177 1080 1304 1119 curia.

483 1151 672 1189 Abbatiae
685 1150 724 1186 S.
745 1147 887 1186 PETRI
899 1146 977 1184 Viri
992 1144 1240 1184 Senonensis
1257 1141 1393 1181 Ordin.

430 1211 577 1252 Bened.
613 1208 849 1250 Chrom'con.
886 1208 1013 1258 Supra
1050 1205 1266 1246 CLARIUS
1303 1207 1331 1241 t.
1359 1204 1394 1242 4.

432 1283 519 1323 pag.
551 1271 642 1309 355.

486 1330 696 1373 Conraclus
726 1328 1115 1378 PEUTINGERUS⁷
1147 1337 1270 1378 supra
1300 1330 1393 1364 tom.

434 1399 467 1435 4.
494 1407 579 1446 pag.
608 1393 696 1431 387.

481 1455 717 1509 Aymericus
746 1453 792 1492 (le
818 1452 1026 1492 PERACO
1052 1451 1143 1491 ibid.
1167 1462 1255 1501 pag.
1281 1449 1369 1489 450.

483 1516 749 1558 PHARETRA
767 1518 987 1554 Doctorum
1007 1515 1092 1552 sive
1111 1512 1397 1551 Dictionarium

432 1581 714 1620 vocabulorum
745 1577 795 1616 ad
839 1577 1144 1627 explicationem
1187 1575 1399 1613 Doctrinae

433 1644 681 1683 Christianae
700 1636 1236 1692 pertinentium,'secundum
1254 1636 1399 1686 Alpha-

434 1707 510 1743 beti
537 1704 729 1742 ordinem.
756 1704 953 1740 Manuscr.
974 1701 1011 1737 in
1029 1699 1126 1737 Bibl.
1149 1697 1396 1748 Augustam.

485 1767 505 1788 ³¹⁵
534 1766 644 1815 Opus
675 1763 770 1802 illud
814 1772 1062 1811 anonymum
1107 1759 1294 1810 pharetra
1337 1759 1393 1796 in-

433 1828 651 1877 scriptum,
685 1837 752 1876 per
793 1825 930 1862 literas
974 1822 1243 1860 elementares
1288 1818 1396 1869 dige-

433 1894 540 1927 stum
573 1888 680 1938 typis
710 1896 948 1936 expressum
979 1882 1150 1934 prodiit,
1174 1892 1294 1932 quam
1315 1881 1396 1919 edi-

428 1953 574 1988 tionem
620 1949 736 1997 longe
780 1946 1100 1986 vetustissimam
1146 1949 1186 1981 et
1230 1944 1267 1981 in
1307 1943 1396 1981 folio

437 2013 609 2050 maximo
639 2010 788 2059 absque
819 2018 1011 2058 expresso
1042 2007 1125 2044 loco
1150 2010 1190 2043 et
1219 2009 1398 2055 tempore

438 2073 710 2124 impressionis
731 2069 873 2108 offendi
901 2070 938 2106 in
963 2068 1115 2107 Bibliot.
1144 2068 1210 2105 PP.
1235 2065 1401 2104 Benedi-

437 2137 634 2174 ctinorum
652 2133 939 2171 Viennensium
957 2131 994 2169 S.
1006 2131 1146 2168 Mariae
1161 2128 1208 2167 ad
1227 2127 1403 2167 scotos*

488 2194 814 2235 PllARPllENSE
827 2192 1059 2232 Chronicon.
1073 2192 1199 2241 Supra
1212 2188 1404 2241 Farfense

439 2265 533 2297 tom.
557 2258 580 2295 2
616 2268 702 2307 pag.
725 2255 817 2293 553.

492 2322 529 2359 S.
562 2315 913 2362 PillLASTRlUS,
940 2317 1025 2353 sive
1049 2319 1092 2353 ut
1112 2315 1150 2352 in
1174 2314 1286 2353 Actis
1305 2315 1406 2353 Con—

437 2382 512 2419 ‹·ilii
538 2379 807 2430 Aquilejcnsis
835 2377 910 2418 An.
937 2377 1031 2416 384.
1056 2376 1223 2423 dicitur,
1243 2375 1408 2414 Pium-

440 2444 565 2482 STER
594 2442 816 2491 Episcopus
847 2439 1065 2478 Brixiensis
1090 2439 1138 2476 ab
1165 2438 1234 2476 An.
1253 2438 1297 2476 C.
1316 2438 1405 2476 380.

441 2504 487 2543 ud
518 2505 607 2542 388.
639 2503 693 2540 Dc
724 2512 802 2551 quo
832 2500 1084 2539 Gaudentius
1115 2499 1204 2551 ejus
1245 2510 1408 2538 succes-

441 2578 505 2604 sor
535 2564 637 2614 (vide
669 2574 787 2613 supra
819 2567 915 2600 tom,
946 2561 968 2599 3
1001 2574 1036 2612 p.
1067 2562 1146 2610 23.)
1179 2566 1220 2599 et
1250 2561 1313 2599 alii
1342 2572 1409 2599 vc—

445 2634 563 2674 teres,
580 2636 750 2676 quorum
782 2624 1011 2662 testimonia
1033 2624 1220 2673 praemisi
1245 2621 1405 2660 editioni

448 2700 573 2726 novuc
595 2685 691 2725 libri
710 2685 797 2735 ejus
818 2684 864 2723 de
889 2683 1122 2723 haeresibus
1151 2695 1271 2734 quem
1304 2684 1407 2720 notis

445 2755 485 2787 et
515 2749 711 2787 indicibus
741 2747 984 2785 illustratum
1031 2748 1067 2784 in
1118 2747 1247 2784 lucem
1292 2745 1406 2783 omisi

449 2812 571 2849 llamb
602 2810 719 2849 4721.
761 2809 798 2846 8.
843 2809 873 2846 13
919 2807 1206 2847 recentioribus
1251 2810 1408 2856 praeter

450 2873 630 2911 laudatos
661 2872 710 2909 ibi
742 2873 763 2909 a
796 2882 881 2918 mc,
913 2869 1160 2908 consulenda
1186 2868 1285 2906 Acta
1310 2869 1409 2906 San-

449 2940 601 2972 ctorum
634 2939 728 2972 tom.
758 2932 820 2971 IV.
852 2932 941 2970 Julii
976 2932 1037 2970 48.
1069 2943 1153 2981 pag.
1187 2941 1269 2979 seq.
1316 2932 1409 2968 Ber—

452 2995 597 3033 nurdus
628 2997 789 3045 Faynus
814 2993 862 3031 ad
908 2993 1158 3043 Martyrolog.
1202 2992 1408 3030 Brixiense

459 3059 515 3094 is.
558 3059 633 3096 Jui.
679 3055 852 3095 Sandius
897 3055 944 3094 ad
996 3055 1209 3101 Vossium,
1254 3054 1409 3103 lttigius

454 3117 500 3153 ‹le
533 3117 818 3156 haeresiarchis
847 3129 934 3169 pag.
967 3118 1001 3155 4.
1034 3116 1214 3155 Labbeus
1246 3120 1338 3152 tom.
1385 3115 1408 3152 2

454 3304 462 3317 L
511 3263 539 3289 «Ἰ,
561 3257 796 3297 llerquuyuny
815 3259 988 3299 mussiyer
1007 3258 1169 3289 Ecunclen
1204 3261 1295 3296 parte
1312 3257 1360 3286 lxi
1383 3264 1416 3293 p.

455 3304 567 3332 ,TU-2¹⁸⁴.

1302 209 1585 250 PE'rssUs

1465 292 1548 330 pag.
1582 281 1670 318 214.
1702 281 1860 319 Caveus
1888 281 1936 320 ad
1955 281 2028 320 Au.
2058 282 2147 320 380.
2173 280 2288 330 Cusp.
2306 280 2431 329 Sagit—

1465 343 1589 380 tarius
1621 339 1834 378 introduct.
1873 342 1921 380 ad
1943 341 2094 381 Histor
2116 342 2269 381 Eccles.
2287 352 2325 392 p.
2341 339 2430 379 387.

1464 406 1540 440 ctc.
1570 403 1730 441 Notavit
1762 403 1951 442 nonnulla
1982 405 2018 441 in
2058 403 2266 442 Philastrio
2307 400 2432 440 Index

1466 464 1775 514 expurgatorius
1805 464 2155 514 Brasichellanus,
2186 463 2352 514 repetita
2375 467 2434 500 et-

1466 527 1543 564 iam
1575 527 1596 564 a
1627 526 1861 565 Clarissimo
1890 526 1984 564 Viro
2027 526 2231 564 Theodoro
2278 524 2431 564 Crusio.

1466 588 1499 635 a)
1530 586 1606 625 Sed
1641 597 1785 624 novam
1817 586 2012 624 Philastrii
2044 586 2261 625 editionem
2292 595 2434 636 exspe-

1467 653 1630 687 ctamus
1659 647 1708 686 ab
1741 647 1993 687 erudissimo
2036 647 2246 687 Gaudentii
2284 646 2434 686 editore

1471 709 1597 749 Paulo
1625 708 1855 757 Galeardo,
1905 708 1955 747 ad
1989 720 2109 759 quem
2140 710 2434 748 illustrissimus

1469 774 1602 823 Scipio
1644 771 1817 810 Marchio
1846 771 2026 820 MaffeJus
2071 771 2108 808 in
2147 771 2289 810 litteris
2331 771 2434 810 datis

1470 834 1543 873 An.
1576 834 1694 873 4730.
1731 833 1768 882 b)
1799 831 2016 871 Philastrii
2046 830 2118 871 tibi
2147 832 2306 872 Codices
2343 845 2434 885 per-

1470 896 1666 948 quirere,
1703 899 1747 933 ut
1776 894 1895 933 em'oee
1938 894 2119 945 royasti,
2160 905 2238 932 non
2281 893 2434 944 destiti,

1470 958 1540 998 sed
1570 957 1763 996 hactenus
1787 968 1948 1008 operam
1962 954 2135 1007 perdidi.
2157 956 2204 994 In
2219 955 2438 994 instructis—

1467 1021 1570 1060 sima
1603 1024 1733 1058 tamen
1777 1017 2125 1057 Benedictinorum
2167 1019 2207 1057 S.
2247 1018 2441 1056 Germani

1469 1082 1718 1122 Bealiotheca
1752 1080 1845 1121 (1003.
1873 1080 1964 1120 625.
1993 1079 2263 1119 Philastrium
2300 1077 2443 1118 haberi

1470 1144 1650 1184 intelleoei
1671 1154 1813 1196 nuper.
1846 1143 2001 1181 Priores
2030 1141 2226 1180 editiones
2244 1145 2339 1181 sunt
2367 1144 2440 1180 Ba-

1471 1207 1530 1245 sil.
1565 1207 1685 1246 4528.
1722 1207 1759 1243 8.
1790 1209 1830 1242 et
1862 1204 1979 1244 4539.
2010 1204 2047 1242 8.
2077 1208 2198 1254 atque
2230 1205 2267 1241 in
2300 1203 2440 1242 Biblio—

1469 1270 1599 1308 thecis
1636 1270 1797 1307 Petrum
1845 1267 2076 1315 universis,
2122 1265 2438 1312 parisiensibus,

1471 1331 1713 1377 Coloniensi,
1739 1335 1781 1368 et
1803 1329 2060 1378 Lugdunensi
2087 1328 2305 1367 novissima
2329 1331 2436 1366 tomo

1472 1396 1535 1434 IV.
1558 1398 1678 1444 atque
1713 1393 1858 1431 iterum
1892 1392 2106 1442 separatim
2128 1402 2179 1428 ex
2203 1389 2436 1428 recensione

1472 1457 1635 1496 Joannis
1664 1456 1687 1493 a
1708 1454 1858 1494 Fuchte
1873 1453 2043 1493 Helmst.
2064 1452 2180 1492 4644.
2199 1453 2232 1490 4.
2252 1455 2292 1490 et
2320 1450 2436 1490 4624.

1475 1520 1496 1557 4
1526 1530 1617 1558 cum
1649 1517 1928 1568 supplemento
1959 1515 2194 1554 recentioris
2219 1514 2436 1565 scriptoris,

1472 1594 1522 1621 cx
1552 1579 1795 1619 editionibus
1825 1578 2133 1617 Basileensib‘us.

1526 1644 1687 1681 Praeter
1714 1641 1894 1679 libellum
1912 1639 1961 1678 de
1979 1639 2212 1678 haeresibus
2231 1638 2439 1677 Philastrio

1473 1705 1661 1744 tribuitur
1690 1704 1812 1742 latina
1847 1692 2053 1752 Epistolae
2081 1701 2122 1740 S.
2145 1698 2359 1739 Barnabae
2384 1701 2441 1737 in—

1465 1766 1701 1817 terpretatio
1721 1796 1728 1814 ,
1751 1775 1859 1814 quae
1888 1763 2072 1802 Philastri
2095 1773 2240 1800 nornen
2267 1761 2442 1812 praefert

1473 1831 1512 1868 in
1542 1830 1739 1868 Manus-cr.
1771 1825 1919 1866 Codice
1948 1824 2195 1872 corbeiensi,
2212 1834 2375 1874 proquo
2401 1824 2439 1861 in

1471 1891 1582 1930 Actis
1608 1890 1851 1928 Sanctorum
1885 1887 1934 1928 ad
1965 1887 2034 1927 XI.
2063 1887 2213 1925 Juniit.
2237 1885 2272 1925 2.
2290 1897 2326 1937 p.
2348 1885 2441 1924 460.-

1472 1958 1512 1991 et
1543 1950 1631 1990 457.
1662 1951 1764 1989 male
1794 1961 1992 1989 excusum
2019 1946 2287 1999 Philostoryii.
2314 1947 2440 1987 Phila-

1473 2019 1555 2052 stro
1584 2014 1706 2051 etiarn
1736 2018 1831 2051 sunt
1860 2013 1926 2062 qui
1958 2011 2192 2050 adscribunt
2235 2014 2327 2050 acta
2363 2011 2434 2051 SS.

1480 2072 1671 2114 Faustini
1698 2077 1737 2112 et
1762 2073 1915 2112 Jovitae
1933 2072 2038 2124 apud
2058 2074 2218 2112 Surium
2233 2077 2274 2111 et
2289 2073 2443 2112 Bollan-

1476 2137 1572 2176 dum
1608 2138 1666 2175 45.
1700 2135 1888 2174 Februar.
1920 2146 1993 2174 nec
2025 2146 2101 2173 non
2127 2133 2227 2173 Acta
2249 2135 2288 2174 S.
2313 2132 2441 2187 Afrae

1481 2199 1658 2249 Virginis
1686 2201 1727 2235 et
1756 2198 1942 2247 Martyris
1971 2197 2211 2245 Brixiensis,
2243 2197 2281 2234 in
2329 2196 2440 2235 Actis

1480 2262 1658 2300 Sanctor.
1691 2259 1754 2298 24.
1785 2258 1886 2308 Maji.
1917 2258 1988 2298 sed
2012 2263 2182 2308 utraque
2207 2257 2304 2297 haec
2325 2258 2441 2310 longe

1480 2324 1648 2362 alterius
1679 2333 1724 2361 ac
1758 2322 1885 2360 multo
1916 2321 2152 2359 recentioris
2171 2330 2261 2357 esse
2278 2321 2443 2371 scripto-

1481 2387 1560 2432 ris,
1591 2389 1772 2423 attentus
1802 2388 1842 2421 et
1873 2384 2025 2434 peritus
2055 2382 2178 2420 lector
2203 2380 2306 2420 haud
2331 2380 2444 2421 dubi-

1491 2448 1603 2486 tabit.

1541 2509 1697 2547 Nomen
1729 2508 1881 2558 origine
1912 2507 2080 2545 latinum
2105 2507 2173 2557 qui
2197 2506 2442 2556 voiunt,non

1480 2571 1692 2609 diversum
1725 2566 2084 2620 putantafiliastro
2108 2567 2212 2618 quod
2238 2578 2307 2619 pro
2323 2570 2445 2619 privi-

1481 2644 1556 2684 gno
1573 2633 1760 2683 positum,
1785 2629 1853 2669 sed
1872 2631 2092 2668 recentiore
2109 2633 2239 2668 aetate
2255 2633 2446 2669 notarunt

1482 2696 1658 2745 (langius
1689 2698 1729 2731 et
1756 2692 1804 2731 ad
1827 2692 2015 2732 Codicem
2032 2691 2165 2741 legum
2185 2693 2441 2741 antiquarum

1482 2756 1710 2795 Fridericus
1735 2753 2052 2804 Lindenbrogius
2068 2763 2104 2803 p.
2127 2751 2242 2791 ⁴400.
2259 2754 2328 2792 Jac
2349 2753 2446 2803 spo-

1483 2820 1592 2866 nius,
1611 2815 1828 2855 recherche
1845 2815 1916 2853 des
1933 2814 2163 2864 Antiquitez
2179 2818 2220 2852 et
2234 2814 2443 2854 curiositez

1482 2880 1529 2918 dc
1549 2880 1583 2917 la
1600 2878 1697 2917 Ville
1717 2877 1765 2915 de
1786 2877 1894 2914 Lion.
1914 2888 1952 2926 p.
1969 2875 2018 2913 76
2036 2876 2445 2926 seq.FulbertusCar-

1489 2941 1670 2979 notensis
1688 2938 1866 2989 Epistola
1893 2937 1955 2975 33.
1979 2936 2127 2988 Siquis
2143 2935 2354 2988 filiastram
2374 2941 2447 2976 aut

1479 3001 1701 3054 filiastrum
1730 3011 1846 3038 suam
1875 3003 1966 3037 ante
2010 2999 2246 3051 Episcopum
2275 2998 2329 3037 ad
2355 3010 2444 3038 con-

1480 3063 1745 3114 firmationem
1777 3061 1974 3108 tenuerit;
1998 3063 2210 3112 separetur
2237 3059 2289 3098 ab
2310 3071 2443 3100 uoeore

1484 3129 1521 3163 et
1548 3124 1716 3163 (illesam
1746 3135 1821 3162 own
1847 3122 2030 3174 accipiat.
2063 3123 2112 3160 At
2142 3123 2303 3161 Graecis
2339 3122 2441 3160 auri—

1542 3267 1575 3304 i»)
1601 3267 1814 3306 Antiquilam
1839 3273 1915 3305 pag.
1941 3264 1991 3295 765,

2502 1565 2513 1573 x

2528 2623 2533 2685 -.-
2528 2159 2533 2606 ᾼῴ-,ᾏ-
2527 1877 2533 2143 h„„-.-‚.-.—-—-.,-
2525 784 2533 1865 sst—WQ‹-M‡*ffl÷a
2532 750 2533 753 „
