2517 4009
954 224 1240 264 PAULUS

101 297 218 335 etiam
262 295 436 334 carmine
480 292 661 342 ejusdcm
702 294 872 345 Virginis
919 294 1057 335 laudes

102 359 293 397 cecinisse
311 369 319 394 :

116 419 271 451 Versibus
289 418 432 449 heroicis
459 416 542 448 alias
557 440 566 454 ,
591 418 779 450 castissima
794 442 804 456 ‚
824 418 951 450 laudes.

118 471 316 508 scripsimus
338 475 414 500 ecce
437 467 498 498 tibi
522 467 672 499 versibus
696 468 853 500 heroicis.

100 521 228 559 Minus
245 518 472 557 verisimilis
498 521 698 557 sententia
717 521 868 558 Baronii
886 553 897 571 ,
926 522 994 572 qui
1017 522 1058 559 S.

101 579 539 620 BERTHARlo-tribuit
566 591 636 618 nec
658 582 830 620 BEDAM
851 588 1057 622 auctorem

99 643 193 682 mihi
210 643 475 694 persuaserim
494 672 501 690 ,
521 643 740 693 quamlibet
766 645 802 682 in
821 645 949 683 Bedae
967 656 1059 696 ope-

27 738 31 741 ,
99 706 208 745 ribus
226 735 235 753 ,
259 705 441 750 distichis
464 710 551 743 octo
575 707 695 744 etiam
720 707 894 745 auctiora
920 707 1059 758 legun-

99 773 165 808 tur
194 773 299 806 tomo
323 768 407 806 Vll.
434 779 521 818 pag.
548 768 640 807 350.
660 779 745 820 seq.

151 831 214 870 Ex
242 830 431 881 Epistolis
460 829 547 879 ejus
590 830 772 881 pluribus
807 830 988 882 Epistola
1013 830 1060 869 cle

100 891 251 945 Reyula
267 894 306 932 S.
325 891 538 941 Benedicti,
558 891 613 930 ad
634 891 824 932 Carolum
835 894 891 932 M.
914 898 947 944 a)
966 906 1063 933 scri-

103 960 170 1008 pta
199 957 357 994 nomine
382 954 738 1004 THEODAMARI,
766 956 930 995 Abbatis
951 958 1060 998 Casi-

101 1019 240 1058 nensis
271 1022 405 1058 exstat
435 1017 541 1069 apud
571 1018 771 1069 Angelum
803 1020 823 1057 a
854 1019 992 1070 Nuce,
1024 1022 1060 1059 iu

103 1084 207 1120 notis
235 1081 283 1120 ad
315 1081 456 1119 Leonis
484 1080 683 1118 Ostiensis
713 1081 775 1119 lia.
809 1083 842 1121 l.
872 1093 957 1132 cap.
999 1084 1061 1122 42.

101 1143 213 1182 Idem
242 1143 420 1194 Angelus
446 1145 642 1191 testatur,
668 1143 743 1181 sub
769 1143 873 1181 Pauli
901 1145 1062 1183 nomine

102 1206 246 1257 legisse
270 1217 313 1243 se
334 1203 622 1256 emposz‘tionem
642 1203 816 1254 Reyulae
840 1206 879 1244 S.
901 1205 1064 1244 Benedi-

101 1268 176 1318 cti,
202 1279 321 1318 quam
349 1272 485 1305 tamen
511 1266 597 1315 ejus
628 1277 719 1304 esse
757 1272 899 1317 negat:
925 1280 1066 1318 quam—

102 1342 221 1383 quam
245 1330 467 1380 expositam
488 1329 510 1366 a
535 1328 655 1366 Paulo
679 1328 783 1366 illam
811 1330 987 1379 regulam
1006 1331 1065 1369 fu-

101 1395 179 1431 isse
196 1396 367 1431 testatur
386 1393 461 1429 Leo
478 1390 542 1429 lib.
568 1392 581 1430 l
606 1402 691 1441 cap.
712 1392 774 1429 45.
788 1396 828 1429 et
845 1392 1066 1431 RUTHAR-

99 1455 167 1494 DO
194 1454 407 1494 Monacho:
448 1453 597 1492 Rabani
629 1464 677 1491 ac
709 1445 839 1492 Str'abi
869 1453 1065 1502 auditori,

99 1517 274 1556 tribuere
305 1516 444 1555 maluit
467 1517 578 1566 Hugo
598 1514 824 1554 Menardus.

154 1578 409 1636 Epitaphium
418 1578 459 1617 in
477 1579 705 1617 Venantium
728 1578 992 1617 Fortunatam
1003 1591 1072 1617 ex-

105 1648 185 1683 stat
201 1643 315 1683 lib.2.
333 1642 382 1682 de
399 1642 523 1694 gestis
536 1640 885 1692 Longobardorum
903 1653 988 1692 cap.
1006 1643 1069 1681 ⁶23.

157 1707 295 1745 Sermo
338 1703 383 1744 de
425 1703 670 1743 assumtione
712 1705 750 1743 S.
796 1703 980 1754 Mariae,
1033 1706 1070 1743 in

106 1768 313 1810 Edmundi
358 1769 535 1807 Martene
564 1772 661 1806 torn.
691 1769 743 1806 IX
779 1772 960 1807 vet-erum
992 1780 1074 1806 mo-

109 1835 401 1872 numentorum
426 1842 515 1882 patr.
545 1831 636 1868 266.

162 1896 346 1947 Hymnus
375 1893 415 1932 in
439 1894 479 1932 S.
503 1894 694 1931 Joannem
727 1893 975 1944 Baptistam,
1006 1895 1071 1944 qui

110 1959 270 2009 incipit:
304 1957 352 1995 Ut
378 1959 528 2008 queant
550 1954 687 2004 laaeis,
714 1956 750 1993 in
781 1958 980 1996 Breviario
1002 1958 1074 1995 Ro-

109 2032 227 2060 mano
256 2020 319 2059 24.
349 2020 479 2067 Junii,
511 2023 551 2057 et
580 2019 731 2069 passim
754 2019 857 2057 alibi.

163 2084 383 2123 Universas
417 2083 498 2121 fere
527 2080 686 2119 annalis
715 2081 889 2133 computi
914 2081 1074 2120 lectiun-

110 2145 222 2185 culas
251 2145 480 2196 rhythmice
505 2144 779 2195 composuisse
800 2173 808 2191 ,
833 2144 942 2195 legas
966 2145 1071 2196 apud

112 2210 282 2247 Leonem
313 2207 543 2247 Ostiensem
565 2207 630 2245 lib.
658 2208 693 2246 11.
719 2218 803 2257 cap.
831 2208 896 2245 45.
920 2208 1008 2245 sive
1033 2211 1074 2245 nt

111 2276 172 2310 est
216 2269 319 2322 apud
364 2271 527 2309 Petrum
557 2270 776 2308 Diaconum
822 2281 906 2320 cap.
951 2271 986 2308 8.
1024 2270 1074 2308 de

112 2333 338 2373 illustribus
367 2332 680 2371 Casinensibus:
711 2331 927 2371 universas
971 2331 1076 2370 lecti-

111 2395 282 2434 unculas
310 2396 337 2433 ὰ
358 2393 556 2447 principio
581 2393 722 2432 Mundi
736 2405 864 2445 usque
887 2393 942 2432 ad
956 2406 1073 2433 suam

114 2461 309 2505 aetatem,
340 2469 422 2495 una
451 2467 539 2494 cum
569 2455 708 2494 annali
736 2460 912 2507 computo
937 2456 1069 2508 rhyth-

117 2520 212 2559 mice
237 2518 518 2571 composuisse.

169 2582 291 2622 Addit
315 2584 481 2629 Petrus,
505 2581 675 2630 scriptos
701 2580 826 2618 fuisse
847 2581 895 2618 ab
919 2593 964 2619 eo
990 2592 1081 2619 ver-

116 2656 188 2686 sus
217 2644 272 2684 ad
301 2642 491 2684 Carolum
521 2642 826 2693 Imperatorem,
854 2645 891 2680 et
913 2641 966 2680 ad
989 2641 1082 2680 Ari-

118 2706 228 2747 chem
258 2707 573 2746 Beneventanum
603 2702 854 2756 Principem,
885 2716 1078 2755 generum

118 2770 309 2810 Desiderii
338 2770 456 2821 Regis
487 2766 832 2818 Longobardorum
866 2768 1005 2806 ultimi.
1040 2768 1082 2805 lli

119 2834 168 2874 ad
198 2832 384 2872 Arichem
417 2833 581 2870 exstant
610 2831 647 2867 in
687 2830 841 2869 Camilli
881 2831 1079 2880 Peregrini

120 2896 283 2935 historia
310 2895 534 2945 Principum
561 2892 936 2942 Longobardorum,
962 2894 1080 2943 lN'eap.

124 2959 240 2998 4643.
271 2956 308 2995 [ι.
338 2969 425 3008 pag.
451 2957 542 2996 235.

179 3021 238 3060 Ex
259 3018 429 3058 homiliis
453 3019 541 3070 ejus
560 3019 848 3072 quinquaqinta
870 3019 998 3058 eidem
1021 3019 1070 3056 Pe

133 3089 195 3122 tro
227 3084 488 3131 memoratis,
519 3082 698 3121 nonnulli
730 3086 833 3120 teste
874 3081 931 3118 Jo.
961 3081 1090 3131 Bapti-

185 3236 219 3275 a)
245 3239 445 3277 Fragmenta
468 3236 695 3277 Epistolarum
723 3233 764 3265 ad
788 3233 942 3266 Carolum
958 3235 996 3264 Μ.
1012 3242 1099 3273 quae

126 3287 232 3320 edidit
267 3287 423 3319 Baluzius
458 3290 538 3319 tom.
565 3285 594 3316 1.
617 3287 710 3317 mise.
743 3292 817 3324 pag.
839 3283 913 3315 562.
938 3292 1008 3324 seq.
1033 3292 1099 3315 non

123 3337 218 3370 Pauli
240 3339 381 3369 Diaconi
399 3340 489 3375 sunt,
505 3336 561 3368 sed
579 3336 737 3366 PAULlNl
752 3331 997 3373 Aquilejensis
1020 3333 1106 3374 Epi-

124 3389 233 3428 scopi.
253 3389 366 3427 itaque
390 3387 453 3418 hoc
476 3389 510 3419 in
534 3385 813 3427 praestantissimi
834 3384 933 3416 cavei
951 3383 1101 3415 historia

2014 226 2093 264 203

1135 303 1195 336 sta
1226 299 1330 337 Maro
1362 298 1618 349 Manuscripti
1652 298 1689 335 in
1721 297 1818 336 Bibl.
1853 295 2025 335 Medicea
2055 300 2097 334 et

1134 362 1356 401 Casinensi.
1390 361 1502 400 Unus
1531 362 1651 401 etiam
1678 361 1786 411 typis
1808 360 2014 410 excriptus
2039 359 2097 396 in·

1136 429 1197 462 ter
1226 424 1429 475 Opuscula
1473 426 1540 464 SS.
1588 425 1738 475 aliquot
1768 425 1929 462 Patrum
1975 421 2100 472 Lugd.

1136 487 1250 526 4645.
1282 498 1367 537 pag.
1401 488 1488 526 450.
1522 488 1558 524 in
1586 486 1679 525 illud
1708 485 1842 525 Matth.
1868 485 2010 526 XVlll.
2031 484 2098 523 23.

1135 547 1270 588 Simile
1294 553 1352 588 est
1378 560 1543 600 reynum
1576 548 1784 588 Coelorum
1813 546 1962 586 homini
1988 545 2097 598 Reqz‘.

1135 611 1262 660 lncip.
1286 622 1482 663 praesens
1507 613 1544 650 S.
1580 610 1790 662 Evanyelii
1812 610 1936 649 lectio,

1189 672 1372 725 Sylloyen
1392 672 1706 724 chronoloqicam
1727 685 1818 712 cum
1844 673 2014 724 quadam
2042 671 2100 709 hi-

1137 737 1296 775 storiola
1328 737 1403 776 sub
1433 736 1547 775 titulo
1579 736 1700 787 zqnoti
1729 735 1959 776 Casinensis
1979 735 2027 774 ab
2053 734 2098 772 A.

1140 800 1229 838 840.
1261 799 1309 839 ad
1341 800 1430 839 875.
1480 799 1586 838 edita
1630 800 1652 837 a
1695 799 1859 837 Camillo
1891 798 2100 848 peregrino

1138 863 1174 900 in
1208 862 1370 901 historia
1404 863 1628 912 Principum
1655 860 2002 911 Longobardorum
2026 889 2034 907 ,
2060 864 2101 897 et

1139 937 1280 964 recusa
1309 930 1417 964 tomo
1449 925 1625 964 secundo
1656 924 1835 962 thesauri
1872 924 2102 961 Muratoria-

1138 990 1204 1036 ni,
1234 993 1275 1027 et
1304 989 1589 1027 Burmanniani
1613 998 1742 1035 nono,
1767 987 1814 1025 ad
1842 986 2007 1025 Paulum
2032 996 2102 1023 au-

1138 1056 1288 1090 ctorem
1323 1052 1505 1090 nonnulli
1536 1051 1729 1090 referunt.

1196 1115 1353 1153 Librum
1385 1113 1432 1152 de
1458 1114 1579 1165 {sestis
1610 1113 1898 1164 Episcoporum
1937 1109 2100 1162 Pupien-

1138 1177 1272 1224 sium,
1302 1189 1422 1228 quem
1447 1189 1489 1216 se
1522 1177 1670 1215 vidisse
1695 1181 1868 1215 testatus
1897 1179 1959 1213 est
1988 1173 2104 1212 Gale-

1141 1233 1269 1270 sinius
1294 1261 1301 1277 ,
1333 1243 1448 1269 nemo
1478 1231 1609 1270 adhuc
1635 1233 1671 1268 in
1703 1231 1831 1270 lucem
1863 1228 2038 1280 protulit.

1196 1295 1378 1345 Hymnus
1408 1293 1454 1332 de
1480 1292 1665 1345 passione
1695 1293 1732 1332 S.
1763 1290 1955 1332 Mercurii
1983 1292 2100 1339 cujus

1142 1357 1328 1405 Martyris
1359 1357 1549 1394 memoria
1579 1355 1642 1394 25.
1674 1355 1770 1393 Nov.
1801 1354 1999 1399 recolitur,
2022 1352 2105 1390 edi-

1141 1424 1208 1458 tus
1239 1420 1261 1457 a
1290 1420 1405 1457 Petro
1439 1420 1629 1468 Piperno,
1659 1419 1944 1456 Beneventano
1968 1416 2033 1454 lib.
2058 1416 2102 1454 V.

1144 1482 1193 1521 de
1237 1476 1445 1521 effectibus
1492 1481 1651 1531 Magicis
1699 1491 1784 1530 cap.
1831 1479 1895 1517 ⁶20.
1943 1476 2107 1529 Neapoli

1146 1546 1263 1585 4647.
1289 1546 1323 1584 4.
1354 1545 1534 1584 Alterum
1566 1543 1612 1582 cle
1633 1541 1895 1581 translatione
1924 1540 2106 1592 corporis

1146 1611 1185 1649 S.
1232 1608 1430 1649 Mercurii
1475 1609 1764 1655 Beneventum,
1813 1606 1900 1643 sive
1949 1604 2106 1643 nullum

1149 1674 1318 1723 reperit,
1351 1673 1436 1709 sive
1468 1676 1669 1721 repertum
1699 1669 1844 1706 omisit.

1203 1735 1384 1786 Hymnus
1414 1733 1454 1772 in
1482 1732 1581 1786 festo
1610 1734 1814 1771 assumtae
1857 1731 1897 1769 S.
1940 1728 2110 1781 Viryinis

1150 1799 1210 1837 45.
1242 1797 1441 1848 Augusti,
1472 1797 1539 1846 qui
1572 1796 1731 1846 incipit:
1758 1793 1855 1843 Quis
1880 1792 2007 1844 possit
2030 1803 2113 1830 am-

1144 1859 1211 1911 plo
1239 1859 1388 1913 famine
1412 1861 1677 1911 praepotens,
1705 1859 1742 1895 in
1769 1856 1964 1895 breviario
1988 1856 2114 1893 Bene-

1150 1928 1334 1961 ventano.

1206 1987 1291 2025 Vita
1321 1988 1360 2026 S.
1391 1985 1530 2025 Mauri
1557 1984 1744 2023 versibus
1774 1982 1999 2034 reciprocis,
2017 1991 2114 2031 quo-

1150 2061 1237 2088 rum
1268 2050 1451 2088 initium:

1163 2115 1246 2143 Dux.
1272 2113 1326 2143 via
1342 2136 1352 2150 ,
1376 2112 1458 2150 vita,
1478 2112 1557 2149 tuis,
1572 2109 1675 2141 decus
1693 2113 1726 2141 et
1749 2108 1835 2145 laus,
1852 2106 1977 2147 gloria,
1995 2106 2116 2142 virtus,

1165 2165 1251 2194 JEsu
1271 2165 1340 2194 Lux
1366 2164 1464 2194 Lucis
1478 2185 1486 2200 ‚
1508 2164 1606 2199 Dux,
1628 2162 1682 2191 via
1696 2183 1706 2198 ‚
1728 2161 1799 2191 vita
1817 2160 1895 2189 tuis.

1153 2215 1247 2252 Vide
1272 2216 1329 2252 Jo.
1360 2215 1563 2264 Baptistae
1593 2213 1687 2250 Mari
1720 2216 1834 2248 notas
1864 2209 1911 2247 ad
1953 2210 2114 2246 Petrum

1150 2278 1367 2316 Diaconum
1414 2287 1500 2326 pag.
1535 2275 1620 2313 468.
1653 2274 1719 2323 qui
1750 2271 1888 2323 aliqua
1919 2269 2084 2320 insuper
2104 2297 2113 2314 ,

1153 2341 1311 2390 inquit,
1340 2338 1570 2392 fraymenta
1615 2335 1890 2385 Manuscripta
1932 2329 2008 2370 sub
2050 2341 2117 2367 no-

1152 2403 1255 2442 mine
1288 2401 1406 2441 Pauli
1428 2399 1620 2445 Dz'aconi,
1646 2396 1789 2436 mutila
1811 2400 1938 2435 tamen
1960 2397 1998 2431 et
2017 2391 2117 2430 hiul-

1153 2477 1201 2504 ca
1229 2477 1297 2503 nos
1323 2463 1578 2510 custodimus,
1604 2459 1786 2500 videlicet
1807 2460 1929 2495 vitam
1952 2456 2116 2492 Germa-

1154 2530 1212 2566 ni:
1231 2527 1474 2565 sanctissimi
1492 2521 1834 2571 Constantinopol.
1853 2516 2114 2558 Patriarchae.

1161 2589 1389 2628 Orationem
1420 2590 1456 2627 in
1489 2587 1663 2626 transitu
1693 2584 1796 2623 Petri
1827 2580 2004 2620 Damiani
2023 2609 2031 2624 ,
2067 2578 2115 2616 ds·

1157 2651 1393 2689 dimittendo
1422 2651 1686 2701 Episcopatu,
1717 2645 1756 2683 in
1785 2655 1864 2695 qua
1891 2641 1938 2692 fit
1974 2641 2116 2680 mentio

1159 2713 1205 2752 (le
1234 2714 1274 2753 S·
1305 2711 1536 2765 Arnulpho,
1569 2708 1732 2750 Metensi
1760 2705 1960 2758 Episcopo.
1985 2704 2116 2741 Vitam

1159 2779 1198 2817 S.
1229 2779 1333 2816 Petri
1364 2775 1598 2815 Damasceni
1628 2771 1839 2824 Episcopi,
1864 2778 1933 2806 nec
1958 2777 2032 2805 non
2060 2764 2118 2803 al·

1160 2840 1284 2879 terius
1314 2840 1418 2878 Petri
1442 2837 1602 2890 pariter
1626 2835 1821 2884 Martyris.

1214 2904 1332 2941 Teste
1362 2903 1474 2940 Petro
1516 2902 1686 2939 Diacono
1715 2909 1800 2947 cap.
1830 2896 1864 2933 9.
1896 2892 2119 2932 HlLDERl-

1162 2967 1258 3006 CUS
1303 2963 1479 3018 ejusdem
1528 2960 1646 3001 Pauli
1672 2958 1833 2998 auditor
1880 2955 1926 2993 de
1968 2954 2119 3005 oriyine

1161 3027 1431 3080 praeceptoris
1457 3025 1525 3065 sui
1536 3055 1543 3070 ,,
1565 3025 1647 3064 vita
1663 3055 1673 3072 ‚
1698 3020 1953 3064 institutione,
1975 3017 2121 3056 doctri·

1169 3104 1242 3138 na,
1273 3090 1486 3142 reliyione,
1518 3085 1655 3126 habitu
1686 3081 1950 3123 lucidissimos
1978 3091 2121 3119 versus

1164 3243 1326 3275 litteraria
1348 3239 1604 3274 emendandum.
1628 3241 1736 3277 Neque
1755 3235 1848 3268 Pauli
1867 3242 1979 3266 versus
2002 3232 2041 3264 de
2064 3234 2129 3264 mi-

1163 3294 1285 3326 raculis
1306 3295 1336 3324 S.
1362 3292 1531 3323 Benedicti
1548 3314 1557 3328 ,
1576 3290 1615 3321 de
1633 3296 1776 3328 quorum
1793 3284 1996 3317 editionibus
2010 3292 2124 3325 supra,

1165 3348 1263 3376 sunt:
1286 3342 1469 3384 deperditis
1493 3337 1718 3372 adscribendi.
