2517 4009
959 194 1306 233 THEOBALDUS

141 263 487 302 THEOBALDUS
539 263 769 310 Episcopus
799 265 1061 313 anabinas‚

83 339 119 365 a.
154 329 272 365 1163.
303 327 407 364 obiit
438 337 461 363 a
494 325 612 363 1171.
647 327 821 373 Scripsit
856 329 994 366 Vitam
1016 327 1061 366 S.

89 392 236 429 Ubaldi
264 391 410 439 Episc.
442 389 678 437 anabini,
707 390 826 436 cujus
855 392 1061 437 originale

83 455 267 502 Eugubii
308 455 351 490 in
390 454 505 490 curia
547 453 806 490 adservatur.
850 455 1062 500 Impressa

87 528 182 555 vero
213 518 278 554 est
306 519 440 564 primo
470 526 494 552 a
525 516 644 552 Surio
667 517 705 553 d.
737 517 787 553 16
820 517 933 564 Maji,
967 517 1063 553 dein

88 590 250 626 Perusii
292 587 411 624 1623.
455 597 528 634 per
569 587 760 624 Carolum
805 587 1062 633 Oliverium‚

87 651 375 699 vicentinum,
407 661 497 697 quae
529 650 658 688 editio
687 652 784 698 quia
804 652 963 698 optima
983 651 1061 688 fide

87 715 140 751 ad
170 717 387 761 exemplar
417 714 706 751 avthentieum
734 715 878 752 curata
908 715 1061 760 fuerat,

86 777 334 814 VIncentius
365 777 606 814 Armannus
628 778 804 815 eandem
826 779 959 815 denuo
981 781 1068 815 001-

88 839 218 876 latam
247 839 290 876 et
319 840 585 877 emendatam
627 841 737 887 parti
779 840 918 877 tertiae
961 842 1064 888 Epi-

88 902 289 940 stolarum
320 913 489 939 suarum
519 903 709 941 inseruit.
752 904 940 940 Tandem
982 904 1066 941 Da-

88 967 172 1004 niel
200 967 508 1013 papebrochius
528 968 704 1004 eandem
725 977 820 1004 eum
840 968 954 1003 MSS.
974 967 1068 1004 Bel-

88 1030 198 1076 gicis
225 1030 421 1067 collatam
450 1032 581 1068 edidit
613 1032 657 1067 in
679 1031 797 1068 Actis
821 1031 1067 1068 Sanctorum

90 1093 281 1130 tom.111.
311 1094 412 1140 Maji
444 1104 483 1140 p.
515 1094 607 1131 630.
637 1095 752 1132 Adde
794 1096 941 1131 Rosini
982 1095 1068 1141 Ly-

88 1166 209 1193 ceum
238 1156 519 1194 Lateranense
550 1167 647 1204 pag.
671 1156 763 1194 177.
784 1158 959 1204 Ughelli
982 1157 1068 1194 Ita-

93 1220 194 1256 liam
227 1229 387 1257 saoram
419 1220 534 1257 tomo
565 1220 595 1255 I.
627 1231 667 1266 p.
701 1219 793 1255 638.

151 1280 262 1329 (321)
298 1282 342 1321 S.
379 1282 527 1320 Ubaldi
556 1282 756 1330 Episcopi
785 1282 1002 1329 E'ayabini
1032 1283 1072 1319 et

99 1343 198 1382 Can.
229 1345 376 1393 Reqal.
397 1346 701 1383 lateranensis
726 1345 821 1382 Vita
850 1354 874 1382 a
895 1346 944 1381 B.
976 1346 1071 1383 TE-

94 1409 275 1446 BALDO
304 1409 510 1457 Episcopo
539 1410 632 1447 eias
662 1417 805 1447 coaevo
836 1410 876 1446 et
905 1418 1071 1447 sacces-

96 1481 190 1510 sore
222 1472 439 1520 descripta
470 1481 517 1510 ae
540 1472 638 1509 olim
657 1481 708 1510 ea
721 1471 910 1518 antiquis
936 1480 1074 1509 enem-

90 1534 289 1583 ptaribas
319 1535 524 1583 enceipta
548 1536 587 1572 et
608 1535 822 1582 impressa
834 1547 850 1583 ,-
879 1535 1009 1573 danao
1030 1535 1077 1572 in

97 1600 232 1636 lacem
246 1598 360 1636 edita
372 1607 455 1647 per
481 1597 949 1646 UbaldamssMarionam
976 1597 1074 1636 Can.

43 1689 46 1692 ⁴
98 1648 196 1710 Req.
231 1663 427 1700 Lateran.
458 1662 645 1700 Pistorii
680 1670 747 1709 ap.
791 1661 1086 1699 Fortunatam

100 1723 220 1762 1647.
252 1727 290 1761 4.
314 1733 441 1774 paqq.
473 1724 539 1762 20.
570 1724 600 1760 Ε
643 1724 749 1761 libro
794 1723 1080 1760 Reformatio-

97 1782 198 1825 nu'm
219 1799 362 1826 annor.
387 1787 600 1827 1326.-27.
622 1789 666 1824 in
686 1789 788 1825 Pub.
819 1788 1080 1825 Cancellaria

99 1852 203 1889 civit
235 1853 421 1899 Eugubii
450 1852 635 1899 servato,
676 1852 815 1898 ibique
848 1852 1080 1898 diligenter

98 1915 251 1953 collata
274 1945 284 1963 ,
324 1916 388 1953 uti
428 1918 700 1953 cancellarius
742 1916 787 1952 in
827 1916 913 1952 fine
953 1916 1079 1953 fidem

100 1978 214 2015 facit:
246 1979 420 2026 ideoque
451 1988 534 2015 non
564 1979 792 2015 reticenda.

157 2041 519 2078 THEOBALDUS.
542 2042 590 2080 de
615 2042 821 2089 Somnia,
844 2041 945 2079 Ord.
970 2044 1082 2080 Proe-

104 2105 352 2152 dicatorum,
383 2105 568 2142 Concilio
598 2104 914 2143 Constantiensi
944 2106 1079 2143 inter—

102 2169 196 2216 fuit,
226 2169 267 2207 et
288 2179 326 2205 a.
351 2169 455 2206 1416
479 2168 724 2207 Sermonem
744 2169 899 2205 ibidem
920 2169 1079 2205 habuit.

105 2232 248 2277 Quetif
272 2232 374 2269 tom.
407 2233 437 2269 I.
480 2243 519 2279 p.
564 2231 658 2269 757.
703 2231 881 2278 Scripsit
923 2242 1080 2279 quoque

105 2297 296 2333 libellum
316 2296 394 2332 1100
417 2295 512 2333 tit..·
550 2296 736 2341 Talmat,
765 2295 852 2333 sive
881 2295 1082 2341 Objeetio-

103 2367 176 2396 nes
205 2359 355 2396 contra
382 2358 577 2405 Jadaeos,
598 2359 718 2404 cujus
738 2358 934 2395 notitiam
956 2369 981 2395 a
1016 2369 1081 2395 me

107 2421 288 2468 primum
335 2420 481 2458 habuit
533 2421 709 2458 Wolfius
750 2415 768 2460 ὃ
826 2419 1082 2474 μακαρίτης

104 2486 207 2520 tom.
231 2484 302 2519 ΙΙΙ.
325 2484 430 2521 Bibl.
453 2485 664 2522 Hebraicae
687 2496 726 2532 p.
754 2486 871 2523 1164.
893 2487 964 2523 ubi
987 2496 1082 2532 par—

107 2547 284 2584 ticulam
314 2548 397 2594 ipsi
427 2557 479 2584 ex
508 2548 590 2584 MS.
614 2549 916 2595 Stargardensi
937 2549 1083 2586 mutilo

112 2611 406 2648 submiseram.
437 2611 585 2648 Postea
615 2621 667 2647 ex
696 2613 880 2649 editione
912 2613 1085 2659 antiqua

109 2675 326 2721 exemplar
356 2673 573 2721 integrum
606 2675 719 2721 misi,
741 2677 848 2722 quod
870 2675 982 2712 tomo
1015 2675 1083 2711 IV.

109 2749 148 2785 p.
180 2737 275 2776 556.
306 2748 420 2786 seqq.
452 2737 660 2775 insertum
689 2738 767 2774 est.
799 2737 989 2775 Posthaeo
1018 2747 1084 2774 00-

108 2796 241 2837 currit
281 2801 388 2838 mihi
427 2802 507 2837 alla
558 2800 684 2838 editio
726 2801 911 2848 antiquis
952 2800 1085 2837 literis

110 2864 455 2910 Longobardicis,
471 2865 559 2900 sine
581 2865 681 2900 anni
702 2864 744 2900 et
758 2866 837 2901 1001
859 2864 1084 2910 mentione,

110 2927 152 2962 in
184 2927 208 2962 4
236 2926 349 2963 foliis
380 2926 470 2964 octo
501 2928 707 2973 impressa
752 2928 872 2974 cujus
912 2928 979 2964 1110
1020 2929 1085 2964 est

109 2988 282 3025 titulus:
333 2989 543 3026 lealmat.
592 2990 847 3037 Objeotiones
894 2992 939 3028 in
969 2992 1086 3028 dicta

119 3051 290 3089 Talmat
347 3052 585 3089 seductoris
643 3053 887 3091 Jadeoram.
939 3053 1084 3100 Operis

111 3114 294 3159 pretium
323 3116 388 3150 est
421 3114 559 3150 varias
590 3116 788 3152 lectiones
811 3117 927 3152 illius
960 3117 1088 3153 adno-

112 3177 216 3212 tare.

221 3239 263 3274 P.
296 3237 388 3274 556.
412 3239 482 3275 lin.
507 3239 535 3274 Ι.
553 3241 774 3289 doctrina)
800 3243 894 3279 add.
909 3243 1089 3281 Jadaeo-

113 3310 224 3340 ram.
255 3303 280 3338 l.
313 3302 351 3337 2.
383 3303 440 3339 Et
461 3300 471 3348 )
496 3305 641 3349 proat.
673 3306 699 3340 l.
732 3305 768 3340 9.
808 3304 996 3353 Contra)
1021 3306 1088 3342 1110

115 3364 281 3411 ponitur
330 3360 492 3406 τελεία
521 3363 672 3420 ςιγμή.
715 3371 739 3406 l.
783 3369 844 3405 10.
887 3369 1083 3417 Leyitar)

2039 192 2115 230 51⁵7

1134 266 1227 302 add.
1251 267 1301 303 et.
1325 267 1349 302 l.
1376 265 1438 302 13.
1462 263 1696 313 respondet)
1731 262 1959 311 respondit.
1982 264 2007 299 l.
2039 262 2114 299 ult.

1135 330 1205 367 boc
1239 328 1549 376 determinant)
1583 328 1654 366 hoc
1686 326 1946 365 determinat
1988 325 2116 363 Rabbi

1136 393 1299 440 Moyses
1330 394 1370 430 et
1391 393 1511 430 dicit.

1246 457 1288 491 P.
1322 454 1413 492 557.
1447 457 1472 491 l.
1505 454 1541 491 7.
1577 463 1660 502 per
1700 455 1801 492 Esa.
1845 452 1984 500 dicit)
2032 463 2116 501 per

1136 518 1390 556 Malachiam
1431 518 1538 556 dicit
1569 527 1632 555 ca.
1678 518 1747 564 iij.
1782 520 1809 554 l.
1862 516 1924 553 13.
1965 516 2115 562 Aaen)

1136 583 1276 619 Amen.
1310 584 1334 619 l.
1370 581 1432 617 18.
1461 580 1629 628 pascet)
1656 582 1813 629 pascit.
1845 582 1870 617 l.
1903 579 1968 616 26.
2006 578 2114 617 Car-

1137 644 1246 693 ras)
1280 646 1372 681 add.
1404 646 1482 682 Dei
1512 646 1538 680 l.
1570 644 1635 681 29.
1680 644 1808 681 Rabbi
1852 643 1958 680 ,S'aal
1998 643 2115 681 Naa-

1136 708 1261 756 man)
1298 709 1425 746 Rabbi
1457 708 1564 746 Saat
1593 708 1646 745 ad
1677 707 1873 744 Naaman
1894 708 1920 742 l.
1944 706 2010 742 30.
2043 706 2112 742 de·

1135 774 1339 811 sertionis
1371 782 1395 809 a
1426 773 1608 818 tempore
1650 770 1904 807 desertionis
1945 769 2116 817 templi.-

1137 836 1241 873 forte
1272 836 1507 882 ponendum
1538 834 1617 879 est⁷
1649 833 1959 870 destructionis.

1247 900 1289 935 P.
1321 898 1413 935 558.
1444 900 1470 934 1.
1504 897 1541 933 3.
1573 895 1702 943 Illis)
1736 895 1849 934 Illos.
1873 897 1899 933 t.
1922 895 1959 932 7.
1983 897 2119 933 laeta-

1141 965 1295 1002 oerant
1315 962 1326 1010 )
1358 983 1379 989 -
1399 984 1419 988 -
1450 962 1556 999 rint.
1587 963 1614 997 1.
1647 961 1684 997 9.
1706 960 2004 998 delectationes
2025 956 2036 1005 )
2059 979 2078 984 -
2099 979 2119 984 -

1140 1029 1222 1066 nis.
1254 1030 1280 1065 1.
1314 1027 1378 1063 12.
1410 1026 1664 1063 tlierisasim
1687 1023 1697 1071 )
1721 1023 1815 1060 add.
1836 1023 1880 1059 id
1904 1023 1979 1059 est.
2003 1024 2031 1058 l.
2054 1022 2117 1057 19.

1140 1091 1302 1130 israhel
1331 1088 1475 1137 oilae)
1508 1088 1620 1126 vitae
1652 1088 1797 1124 israel.
1829 1088 1855 1123 l.
1889 1086 1952 1122 22.
1986 1083 2115 1133 erqo)

1141 1156 1246 1193 illud
1275 1153 1484 1201 posterius
1525 1152 1656 1188 deest.
1686 1154 1711 1188 l.
1743 1151 1809 1187 23.
1852 1147 2047 1195 veniam)
2082 1149 2119 1184 et

1143 1219 1321 1257 neniam.
1353 1219 1379 1253 l.
1401 1217 1467 1254 24.
1499 1214 1653 1263 venia)
1686 1215 1780 1252 add.
1820 1223 1917 1262 erqo
1951 1214 2115 1260 peccat.

1143 1285 1170 1320 1.
1193 1281 1258 1319 26.
1280 1282 1353 1327 qai
1368 1280 1377 1327 )
1393 1280 1486 1317 add.
1506 1280 1590 1316 boc.
1606 1277 1749 1326 verbo)
1773 1279 1877 1315 adde
1899 1276 2119 1315 Ieremias.

1144 1344 1367 1390 Dereliqai
1389 1342 1399 1390 )
1421 1343 1603 1388 Reliqai.
1626 1344 1652 1378 1.
1676 1341 1741 1377 30.
1762 1339 1926 1387 Dii-isi)
1949 1339 2121 1376 Dimisi.

1147 1411 1174 1446 l.
1205 1407 1271 1444 35.
1305 1404 1490 1452 rainas)
1536 1406 1686 1442 rimas.
1717 1407 1744 1441 l.
1782 1405 1848 1441 32.
1890 1400 2120 1448 nessabor)

1148 1471 1360 1510 nebassor.

1258 1535 1300 1570 P.
1334 1532 1428 1570 559.
1461 1535 1486 1570 l.
1518 1531 1555 1567 6.
1586 1530 1678 1578 eis)
1710 1531 1787 1576 hiJ‘.
1821 1533 1847 1567 l.
1878 1530 1916 1566 7.
1961 1528 2122 1576 etiam)

1150 1598 1274 1637 enim.
1305 1599 1331 1633 l.
1362 1596 1428 1635 27.
1462 1595 1533 1643 et)
1568 1596 1775 1642 posterius
1815 1594 1947 1631 deest.
1991 1595 2017 1629 l.
2059 1592 2124 1628 31.

1149 1659 1442 1711 sapientibus)
1475 1660 1569 1696 add.
1612 1660 1688 1697 est.-
1718 1656 1827 1704 tibi)
1867 1658 1948 1694 ter.
1991 1657 2018 1692 l.
2062 1655 2127 1691 28.

1153 1723 1386 1772 asserant)
1419 1724 1482 1760 Ita
1511 1723 1694 1769 legitur:
1728 1721 1929 1770 afferant,
1951 1718 2130 1756 maledi-

1153 1790 1256 1827 cant
1286 1787 1512 1825 Ministris
1544 1787 1689 1824 eccles.

1262 1852 1305 1887 P.
1338 1850 1430 1887 560.
1454 1853 1478 1887 l.
1503 1850 1540 1887 2.
1565 1850 1733 1888 adimas
1754 1848 1765 1896 )
1790 1849 1843 1886 ad
1864 1848 2018 1886 minas.
2039 1847 2066 1882 l.
2092 1845 2128 1881 6.

1148 1913 1341 1963 param)
1368 1923 1554 1961 parvam
1584 1912 1755 1961 gentis)
1788 1912 1884 1949 add.
1907 1913 2003 1949 taae
2034 1912 2060 1947 l.
2092 1910 2130 1946 8.

1155 1975 1514 2026 constrinqatar)
1547 1977 1866 2025 consrinyatar.
1908 1977 1934 2012 1.
1977 1974 2040 2010 25.
2082 1972 2133 2010 In

1155 2041 1351 2079 Antiocho
1382 2040 1552 2078 liberati
1582 2038 1714 2087 sant)
1748 2039 1836 2076 baec
1865 2037 2131 2075 omittuntur.

1260 2105 1303 2140 P.
1335 2103 1428 2140 561.
1461 2105 1486 2140 l.
1520 2102 1557 2140 5.
1589 2102 1728 2151 Idem)
1760 2103 1889 2141 Idem.
1922 2105 1948 2139 1.
1971 2102 2036 2140 24.
2058 2110 2133 2138 ca-

1155 2165 1370 2213 bitoram)
1404 2167 1496 2203 add.
1528 2168 1567 2204 et
1607 2168 1821 2215 lonyitado
1863 2166 2000 2214 Moysi
2035 2164 2135 2213 fait

1155 2231 1284 2268 etiam
1305 2231 1444 2268 decem
1465 2230 1715 2267 cabitoram.
1732 2233 1757 2267 l.
1771 2230 1837 2267 26.
1859 2228 1990 2276 tales)
2014 2229 2133 2266 talos.

1155 2292 1304 2340 Idem)
1337 2292 1446 2330 Item
1489 2293 1548 2330 de.
1583 2294 1609 2329 1.
1643 2292 1708 2329 36.
1743 2292 1912 2340 ceram)
1947 2292 2039 2329 add.
2061 2294 2137 2338 qai

1157 2365 1250 2394 cam
1276 2356 1382 2402 jam.

1266 2420 1307 2455 P.
1340 2419 1435 2456 562.
1467 2421 1492 2455 l.
1526 2418 1564 2455 7.
1586 2421 1696 2457 oleas
1717 2418 1728 2466 )
1752 2419 1870 2456 ollas.
1893 2420 1919 2454 1.
1942 2417 2008 2453 26.
2032 2416 2130 2463 Ιιοο)

1157 2483 1287 2519 deest.
1319 2485 1345 2519 l.
1379 2482 1445 2520 27.
1481 2483 1533 2520 Si
1566 2482 1658 2529 est)
1691 2485 1785 2529 lege
1817 2482 1900 2517 sio:
1927 2480 1978 2518 Si
2000 2481 2061 2518 est
2089 2481 2137 2518 de

1156 2545 1396 2582 substantia
1427 2546 1617 2591 deitatis,
1649 2545 1693 2582 et
1722 2547 1806 2582 illa.

1267 2609 1308 2643 P.
1342 2607 1435 2643 563.
1468 2610 1494 2644 l.
1529 2608 1564 2643 1.
1615 2608 1718 2650 ant
1758 2610 1897 2645 aatem
1940 2608 2139 2645 Psalmas

1160 2672 1279 2709 dicit.
1303 2672 1409 2708 l.10.
1433 2669 1709 2718 detrimento)
1726 2672 2047 2708 determinatol.
2073 2671 2136 2707 14.

1159 2734 1479 2782 namerantar)
1511 2735 1807 2772 numerabant.
1838 2737 1864 2771 l.
1900 2733 1961 2770 17.
1998 2735 2139 2780 possi-

1159 2797 1269 2845 bile)
1303 2799 1570 2845 impossibile.
1614 2800 1640 2835 l.
1683 2799 1752 2836 21.
1797 2797 1929 2845 dicit)
1973 2798 2136 2834 (licant.

1158 2865 1185 2899 l.
1219 2863 1285 2898 28.
1319 2861 1542 2909 eclipsim)
1577 2862 1714 2898 Codex
1745 2861 1885 2898 addit:
1921 2861 1971 2898 Si
2013 2861 2136 2905 dicit,

1159 2925 1265 2971 qaod
1294 2923 1442 2972 faerit
1483 2927 1528 2962 in
1569 2927 1676 2963 coelo
1718 2926 1857 2971 air-³30,
1899 2926 2136 2971 interi-oya,

1158 2989 1267 3025 ande
1299 2989 1532 3025 caasentar
1551 2988 1741 3036 fetlyara
1763 2990 1803 3024 et
1823 2988 2031 3033 tonitrua,
2054 2987 2139 3024 iris

1159 3053 1198 3088 et
1227 3052 1357 3088 nives.
1391 3053 1417 3087 l.
1450 3051 1515 3087 36.
1550 3051 1746 3098 ratione)
1771 3051 1925 3088 Nonne.

1271 3115 1314 3149 P.
1348 3114 1438 3150 564.
1472 3116 1497 3150 l.
1529 3114 1565 3150 5.
1597 3114 1770 3161 tamen)
1803 3116 1982 3152 tantam.
2016 3117 2041 3151 l.
2068 3115 2131 3151 13.

1162 3176 1291 3224 ante)
1325 3178 1418 3214 add.
1449 3176 1722 3225 insasionem.
1755 3180 1779 3215 l.
1811 3178 1875 3214 22.
1910 3177 2133 3225 Intravit)

1161 3241 1351 3280 Jaraoit.
1383 3243 1408 3277 l.
1440 3241 1505 3278 24.
1543 3240 1740 3288 modam)
1791 3242 1955 3279 nodam.
1998 3243 2026 3278 i.
2069 3240 2136 3277 25.

1162 3304 1280 3352 diei)
1314 3306 1404 3341 Dei.
1437 3307 1463 3340 l.
1497 3305 1561 3341 37.
1593 3305 1862 3352 contineant)
1895 3306 2092 3343 continet.

1269 3369 1310 3404 P.
1334 3368 1424 3405 565.
1450 3370 1472 3405 l.
1498 3368 1534 3404 5.
1560 3369 1721 3416 offertis
1743 3368 1752 3415 )
1778 3368 1978 3416 offeratis.
2014 3371 2036 3406 l.
2062 3368 2126 3405 51.
