<?xml version="1.0" encoding="UTF-8"?>
<!DOCTYPE html PUBLIC "-//W3C//DTD XHTML 1.0 Transitional//EN"
    "http://www.w3.org/TR/xhtml1/DTD/xhtml1-transitional.dtd">
<html xmlns="http://www.w3.org/1999/xhtml" xml:lang="en" lang="en">
 <head>
  <title>
</title>
<meta http-equiv="Content-Type" content="text/html;charset=utf-8" />
  <meta name='ocr-system' content='tesseract 3.04.00' />
  <meta name='ocr-capabilities' content='ocr_page ocr_carea ocr_par ocr_line ocrx_word'/>
</head>
<body>
  <div class='ocr_page' id='page_1' title='image "./bibliothecalatin05fabruoft_0097.png"; bbox 0 0 2517 4009; ppageno 0'>
   <div class='ocr_carea' id='block_1_1' title="bbox 0 1973 24 4009">
    <p class='ocr_par' dir='ltr' id='par_1_1' title="bbox 0 1973 24 4009">
     <span class='ocr_line' id='line_1_1' title="bbox 0 1973 24 4009; baseline 0 0"><span class='ocrx_word' id='word_1_1' title='bbox 0 1973 24 4009; x_wconf 95' lang='lat' dir='ltr'> </span> 
     </span>
    </p>
   </div>
   <div class='ocr_carea' id='block_1_2' title="bbox 859 252 2085 300">
    <p class='ocr_par' dir='ltr' id='par_1_2' title="bbox 859 252 2085 300">
     <span class='ocr_line' id='line_1_2' title="bbox 859 252 2085 300; baseline 0.007 -9"><span class='ocrx_word' id='word_1_2' title='bbox 859 252 1314 293; x_wconf 64' lang='lat' dir='ltr'>NAUCLERUS</span> <span class='ocrx_word' id='word_1_3' title='bbox 2038 261 2085 300; x_wconf 88' lang='lat'>91</span> 
     </span>
    </p>
   </div>
   <div class='ocr_carea' id='block_1_3' title="bbox 72 323 1054 1370">
    <p class='ocr_par' dir='ltr' id='par_1_3' title="bbox 79 323 1045 491">
     <span class='ocr_line' id='line_1_3' title="bbox 82 323 1044 376; baseline -0.001 -10"><span class='ocrx_word' id='word_1_4' title='bbox 82 327 277 366; x_wconf 86' lang='lat' dir='ltr'>mentario</span> <span class='ocrx_word' id='word_1_5' title='bbox 314 325 480 376; x_wconf 85' lang='lat' dir='ltr'>pulvere</span> <span class='ocrx_word' id='word_1_6' title='bbox 529 323 702 374; x_wconf 86' lang='lat' dir='ltr'>repletos</span> <span class='ocrx_word' id='word_1_7' title='bbox 747 327 1044 376; x_wconf 86' lang='lat' dir='ltr'>propugnacula</span> 
     </span>
     <span class='ocr_line' id='line_1_4' title="bbox 80 387 1045 440; baseline -0.001 -12"><span class='ocrx_word' id='word_1_8' title='bbox 80 389 288 440; x_wconf 79' lang='lat' dir='ltr'>disjicere,</span> <span class='ocrx_word' id='word_1_9' title='bbox 327 397 520 437; x_wconf 80' lang='lat' dir='ltr'>arcesque</span> <span class='ocrx_word' id='word_1_10' title='bbox 550 391 732 426; x_wconf 87' lang='lat' dir='ltr'>evertere</span> <span class='ocrx_word' id='word_1_11' title='bbox 769 387 903 428; x_wconf 86' lang='lat' dir='ltr'>docuit</span> <span class='ocrx_word' id='word_1_12' title='bbox 939 389 1045 427; x_wconf 89' lang='lat' dir='ltr'>circa</span> 
     </span>
     <span class='ocr_line' id='line_1_5' title="bbox 79 450 304 491; baseline -0.004 -1"><span class='ocrx_word' id='word_1_13' title='bbox 79 450 155 490; x_wconf 87' lang='lat' dir='ltr'>An.</span> <span class='ocrx_word' id='word_1_14' title='bbox 183 451 304 491; x_wconf 74' lang='lat'>4503.</span> 
     </span>
    </p>

    <p class='ocr_par' dir='ltr' id='par_1_4' title="bbox 131 510 1046 564">
     <span class='ocr_line' id='line_1_6' title="bbox 131 510 1046 564; baseline 0 -13"><span class='ocrx_word' id='word_1_15' title='bbox 131 513 302 551; x_wconf 78' lang='lat' dir='ltr'>Ioannes</span> <span class='ocrx_word' id='word_1_16' title='bbox 317 511 450 550; x_wconf 89' lang='lat' dir='ltr'><strong>NAUC</strong></span> <span class='ocrx_word' id='word_1_17' title='bbox 459 511 624 551; x_wconf 82' lang='lat' dir='ltr'>LERUS</span> <span class='ocrx_word' id='word_1_18' title='bbox 639 523 759 563; x_wconf 90' lang='lat' dir='ltr'>supra</span> <span class='ocrx_word' id='word_1_19' title='bbox 781 517 810 550; x_wconf 92' lang='lat' dir='ltr'>t.</span> <span class='ocrx_word' id='word_1_20' title='bbox 828 510 890 551; x_wconf 87' lang='lat' dir='ltr'>lv.</span> <span class='ocrx_word' id='word_1_21' title='bbox 909 525 945 564; x_wconf 87' lang='lat' dir='ltr'>p.</span> <span class='ocrx_word' id='word_1_22' title='bbox 956 513 1046 552; x_wconf 89' lang='grc'><strong>310.</strong></span> 
     </span>
    </p>

    <p class='ocr_par' dir='ltr' id='par_1_5' title="bbox 72 572 1054 1250">
     <span class='ocr_line' id='line_1_7' title="bbox 133 572 1047 614; baseline -0.001 0"><span class='ocrx_word' id='word_1_23' title='bbox 133 573 410 614; x_wconf 79' lang='grc' dir='ltr'><strong>ΝΑΖΑΒΙΑΝΙ</strong></span> <span class='ocrx_word' id='word_1_24' title='bbox 442 572 617 613; x_wconf 77' lang='lat' dir='ltr'>Annales</span> <span class='ocrx_word' id='word_1_25' title='bbox 646 575 792 613; x_wconf 85' lang='lat' dir='ltr'>breves</span> <span class='ocrx_word' id='word_1_26' title='bbox 834 574 884 613; x_wconf 84' lang='lat' dir='ltr'>de</span> <span class='ocrx_word' id='word_1_27' title='bbox 926 575 1047 614; x_wconf 88' lang='lat' dir='ltr'>rebus</span> 
     </span>
     <span class='ocr_line' id='line_1_8' title="bbox 78 636 1044 687; baseline -0.002 -10"><span class='ocrx_word' id='word_1_28' title='bbox 78 638 282 677; x_wconf 87' lang='lat' dir='ltr'>Francicis</span> <span class='ocrx_word' id='word_1_29' title='bbox 309 636 359 675; x_wconf 88' lang='lat' dir='ltr'>ab</span> <span class='ocrx_word' id='word_1_30' title='bbox 388 637 461 674; x_wconf 85' lang='lat' dir='ltr'>An.</span> <span class='ocrx_word' id='word_1_31' title='bbox 493 636 585 675; x_wconf 84' lang='lat'>707.</span> <span class='ocrx_word' id='word_1_32' title='bbox 616 637 664 676; x_wconf 87' lang='lat' dir='ltr'>ad</span> <span class='ocrx_word' id='word_1_33' title='bbox 694 636 786 675; x_wconf 90' lang='lat'>790.</span> <span class='ocrx_word' id='word_1_34' title='bbox 818 637 955 687; x_wconf 86' lang='lat' dir='ltr'>scripti</span> <span class='ocrx_word' id='word_1_35' title='bbox 1007 639 1044 675; x_wconf 88' lang='lat' dir='ltr'>in</span> 
     </span>
     <span class='ocr_line' id='line_1_9' title="bbox 77 698 1044 749; baseline 0 -10"><span class='ocrx_word' id='word_1_36' title='bbox 77 699 278 739; x_wconf 88' lang='lat' dir='ltr'>Coenobio</span> <span class='ocrx_word' id='word_1_37' title='bbox 325 698 648 738; x_wconf 84' lang='lat' dir='ltr'>Laurishamensi</span> <span class='ocrx_word' id='word_1_38' title='bbox 679 699 728 738; x_wconf 93' lang='lat' dir='ltr'>ad</span> <span class='ocrx_word' id='word_1_39' title='bbox 760 699 971 749; x_wconf 78' lang='lat' dir='ltr'>Rhenum,</span> <span class='ocrx_word' id='word_1_40' title='bbox 1007 701 1044 739; x_wconf 92' lang='lat' dir='ltr'>in</span> 
     </span>
     <span class='ocr_line' id='line_1_10' title="bbox 78 761 1048 813; baseline -0.001 -11"><span class='ocrx_word' id='word_1_41' title='bbox 78 773 159 813; x_wconf 87' lang='lat' dir='ltr'>quo</span> <span class='ocrx_word' id='word_1_42' title='bbox 189 763 229 801; x_wconf 88' lang='lat' dir='ltr'>S.</span> <span class='ocrx_word' id='word_1_43' title='bbox 260 762 413 800; x_wconf 77' lang='lat' dir='ltr'>Nazarii</span> <span class='ocrx_word' id='word_1_44' title='bbox 463 772 610 812; x_wconf 88' lang='lat' dir='ltr'>corpus</span> <span class='ocrx_word' id='word_1_45' title='bbox 650 761 888 801; x_wconf 87' lang='lat' dir='ltr'>collocatum</span> <span class='ocrx_word' id='word_1_46' title='bbox 926 763 1048 801; x_wconf 87' lang='lat' dir='ltr'>tradi-</span> 
     </span>
     <span class='ocr_line' id='line_1_11' title="bbox 79 818 1046 874; baseline 0.001 -12"><span class='ocrx_word' id='word_1_47' title='bbox 79 831 170 864; x_wconf 87' lang='lat' dir='ltr'>tur:</span> <span class='ocrx_word' id='word_1_48' title='bbox 200 818 295 863; x_wconf 80' lang='lat' dir='ltr'>editi</span> <span class='ocrx_word' id='word_1_49' title='bbox 326 825 348 862; x_wconf 78' lang='lat' dir='ltr'>a</span> <span class='ocrx_word' id='word_1_50' title='bbox 378 823 551 862; x_wconf 87' lang='lat' dir='ltr'>Frehero</span> <span class='ocrx_word' id='word_1_51' title='bbox 583 825 620 861; x_wconf 91' lang='lat' dir='ltr'>in</span> <span class='ocrx_word' id='word_1_52' title='bbox 652 824 825 874; x_wconf 78' lang='lat' dir='ltr'>Corpore</span> <span class='ocrx_word' id='word_1_53' title='bbox 859 824 1046 864; x_wconf 73' lang='lat' dir='ltr'>historiae</span> 
     </span>
     <span class='ocr_line' id='line_1_12' title="bbox 76 885 1046 927; baseline 0 -1"><span class='ocrx_word' id='word_1_54' title='bbox 76 888 308 927; x_wconf 88' lang='lat' dir='ltr'>Francicae:</span> <span class='ocrx_word' id='word_1_55' title='bbox 357 885 450 924; x_wconf 91' lang='lat' dir='ltr'>inde</span> <span class='ocrx_word' id='word_1_56' title='bbox 479 886 503 923; x_wconf 75' lang='lat' dir='ltr'>a</span> <span class='ocrx_word' id='word_1_57' title='bbox 533 885 765 925; x_wconf 88' lang='lat' dir='ltr'>Duchesnio</span> <span class='ocrx_word' id='word_1_58' title='bbox 795 892 823 925; x_wconf 92' lang='lat' dir='ltr'>t.</span> <span class='ocrx_word' id='word_1_59' title='bbox 855 888 879 925; x_wconf 74' lang='lat'><strong>2</strong></span> <span class='ocrx_word' id='word_1_60' title='bbox 910 899 1046 926; x_wconf 89' lang='lat' dir='ltr'>rerum</span> 
     </span>
     <span class='ocr_line' id='line_1_13' title="bbox 77 949 1051 1000; baseline 0.001 -12"><span class='ocrx_word' id='word_1_61' title='bbox 77 951 321 989; x_wconf 84' lang='lat' dir='ltr'>Francorum</span> <span class='ocrx_word' id='word_1_62' title='bbox 353 961 389 999; x_wconf 88' lang='lat' dir='ltr'>p.</span> <span class='ocrx_word' id='word_1_63' title='bbox 421 949 485 988; x_wconf 91' lang='lat'>36.</span> <span class='ocrx_word' id='word_1_64' title='bbox 511 952 622 986; x_wconf 85' lang='lat' dir='ltr'>etex</span> <span class='ocrx_word' id='word_1_65' title='bbox 661 949 736 987; x_wconf 91' lang='lat' dir='ltr'>alio</span> <span class='ocrx_word' id='word_1_66' title='bbox 777 949 954 1000; x_wconf 80' lang='lat' dir='ltr'>pleniore</span> <span class='ocrx_word' id='word_1_67' title='bbox 976 952 1051 989; x_wconf 89' lang='lat' dir='ltr'>Co-</span> 
     </span>
     <span class='ocr_line' id='line_1_14' title="bbox 78 1011 1052 1062; baseline -0.001 -10"><span class='ocrx_word' id='word_1_68' title='bbox 78 1013 164 1052; x_wconf 87' lang='lat' dir='ltr'>dice</span> <span class='ocrx_word' id='word_1_69' title='bbox 186 1011 500 1062; x_wconf 79' lang='lat' dir='ltr'>Guelferbytano</span> <span class='ocrx_word' id='word_1_70' title='bbox 538 1012 560 1049; x_wconf 79' lang='lat' dir='ltr'>a</span> <span class='ocrx_word' id='word_1_71' title='bbox 600 1011 831 1050; x_wconf 85' lang='lat' dir='ltr'>Burchardo</span> <span class='ocrx_word' id='word_1_72' title='bbox 863 1012 1052 1051; x_wconf 84' lang='lat' dir='ltr'>Gotthelf</span> 
     </span>
     <span class='ocr_line' id='line_1_15' title="bbox 76 1074 1052 1116; baseline -0.001 -1"><span class='ocrx_word' id='word_1_73' title='bbox 76 1077 241 1116; x_wconf 88' lang='lat' dir='ltr'>Struvio</span> <span class='ocrx_word' id='word_1_74' title='bbox 264 1075 370 1113; x_wconf 83' lang='lat' dir='ltr'>inter</span> <span class='ocrx_word' id='word_1_75' title='bbox 393 1074 562 1113; x_wconf 89' lang='lat' dir='ltr'>annales</span> <span class='ocrx_word' id='word_1_76' title='bbox 587 1074 810 1113; x_wconf 85' lang='lat' dir='ltr'>Fuldenses</span> <span class='ocrx_word' id='word_1_77' title='bbox 850 1080 892 1113; x_wconf 88' lang='lat' dir='ltr'>et</span> <span class='ocrx_word' id='word_1_78' title='bbox 925 1075 1052 1114; x_wconf 92' lang='lat' dir='ltr'>Chro-</span> 
     </span>
     <span class='ocr_line' id='line_1_16' title="bbox 72 1136 1054 1176; baseline 0 0"><span class='ocrx_word' id='word_1_79' title='bbox 72 1139 188 1176; x_wconf 91' lang='lat' dir='ltr'>nicon</span> <span class='ocrx_word' id='word_1_80' title='bbox 217 1136 552 1176; x_wconf 85' lang='lat' dir='ltr'>Laurishamense</span> <span class='ocrx_word' id='word_1_81' title='bbox 579 1138 617 1174; x_wconf 91' lang='lat' dir='ltr'>in</span> <span class='ocrx_word' id='word_1_82' title='bbox 646 1148 749 1176; x_wconf 88' lang='lat' dir='ltr'>nova</span> <span class='ocrx_word' id='word_1_83' title='bbox 776 1137 953 1176; x_wconf 83' lang='lat' dir='ltr'>editione</span> <span class='ocrx_word' id='word_1_84' title='bbox 991 1150 1054 1176; x_wconf 91' lang='lat' dir='ltr'>re·</span> 
     </span>
     <span class='ocr_line' id='line_1_17' title="bbox 77 1199 1052 1250; baseline 0.001 -12"><span class='ocrx_word' id='word_1_85' title='bbox 77 1211 165 1238; x_wconf 92' lang='lat' dir='ltr'>rum</span> <span class='ocrx_word' id='word_1_86' title='bbox 196 1199 528 1237; x_wconf 87' lang='lat' dir='ltr'>Germanicarum</span> <span class='ocrx_word' id='word_1_87' title='bbox 560 1199 721 1237; x_wconf 85' lang='lat' dir='ltr'>Freheri</span> <span class='ocrx_word' id='word_1_88' title='bbox 746 1203 773 1236; x_wconf 91' lang='lat' dir='ltr'>t.</span> <span class='ocrx_word' id='word_1_89' title='bbox 799 1201 812 1238; x_wconf 83' lang='grc'><strong>1</strong></span> <span class='ocrx_word' id='word_1_90' title='bbox 841 1211 876 1250; x_wconf 92' lang='lat' dir='ltr'>p.</span> <span class='ocrx_word' id='word_1_91' title='bbox 898 1201 959 1238; x_wconf 85' lang='lat'>79.</span> <span class='ocrx_word' id='word_1_92' title='bbox 987 1201 1052 1239; x_wconf 64' lang='lat'>8³2.</span> 
     </span>
    </p>

    <p class='ocr_par' dir='ltr' id='par_1_6' title="bbox 76 1259 1054 1370">
     <span class='ocr_line' id='line_1_18' title="bbox 129 1259 1054 1311; baseline 0.002 -12"><span class='ocrx_word' id='word_1_93' title='bbox 129 1260 385 1299; x_wconf 82' lang='lat' dir='ltr'>NAZARlUS</span> <span class='ocrx_word' id='word_1_94' title='bbox 422 1259 574 1298; x_wconf 85' lang='lat' dir='ltr'>Auctor</span> <span class='ocrx_word' id='word_1_95' title='bbox 614 1259 885 1311; x_wconf 72' lang='lat' dir='ltr'>Paneqyricz,</span> <span class='ocrx_word' id='word_1_96' title='bbox 925 1264 1054 1301; x_wconf 89' lang='lat' dir='ltr'>tertiis</span> 
     </span>
     <span class='ocr_line' id='line_1_19' title="bbox 76 1318 1054 1370; baseline 0.003 -12"><span class='ocrx_word' id='word_1_97' title='bbox 76 1318 446 1370; x_wconf 78' lang='lat' dir='ltr'>quinquennalibus</span> <span class='ocrx_word' id='word_1_98' title='bbox 479 1319 574 1357; x_wconf 90' lang='lat' dir='ltr'>dicti</span> <span class='ocrx_word' id='word_1_99' title='bbox 613 1319 880 1359; x_wconf 87' lang='lat' dir='ltr'>Constantino</span> <span class='ocrx_word' id='word_1_100' title='bbox 918 1324 965 1360; x_wconf 92' lang='grc' dir='ltr'>Μ.</span> <span class='ocrx_word' id='word_1_101' title='bbox 1007 1323 1054 1361; x_wconf 89' lang='grc' dir='ltr'><strong>Α.</strong></span> 
     </span>
    </p>
   </div>
   <div class='ocr_carea' id='block_1_4' title="bbox 76 1380 1058 1427">
    <p class='ocr_par' dir='ltr' id='par_1_7' title="bbox 76 1380 1058 1427">
     <span class='ocr_line' id='line_1_20' title="bbox 76 1380 1058 1427; baseline 0.002 -6"><span class='ocrx_word' id='word_1_102' title='bbox 76 1382 167 1421; x_wconf 76' lang='grc'><strong>321.</strong></span> <span class='ocrx_word' id='word_1_103' title='bbox 179 1385 220 1419; x_wconf 89' lang='lat' dir='ltr'>et</span> <span class='ocrx_word' id='word_1_104' title='bbox 239 1381 407 1419; x_wconf 84' lang='lat' dir='ltr'>fortasse</span> <span class='ocrx_word' id='word_1_105' title='bbox 423 1380 590 1420; x_wconf 87' lang='lat' dir='ltr'>alterius</span> <span class='ocrx_word' id='word_1_106' title='bbox 607 1383 741 1427; x_wconf 87' lang='lat' dir='ltr'>etiam,</span> <span class='ocrx_word' id='word_1_107' title='bbox 760 1382 880 1420; x_wconf 86' lang='lat' dir='ltr'>habiti</span> <span class='ocrx_word' id='word_1_108' title='bbox 906 1385 1058 1423; x_wconf 90' lang='lat' dir='ltr'>Treve-</span> 
     </span>
    </p>
   </div>
   <div class='ocr_carea' id='block_1_5' title="bbox 76 1443 1051 1493">
    <p class='ocr_par' dir='ltr' id='par_1_8' title="bbox 76 1443 1051 1493">
     <span class='ocr_line' id='line_1_21' title="bbox 76 1443 1051 1493; baseline 0.002 -11"><span class='ocrx_word' id='word_1_109' title='bbox 76 1445 131 1482; x_wconf 88' lang='lat' dir='ltr'>ris</span> <span class='ocrx_word' id='word_1_110' title='bbox 145 1443 220 1482; x_wconf 82' lang='grc' dir='ltr'><strong>Αη.</strong></span> <span class='ocrx_word' id='word_1_111' title='bbox 237 1443 327 1482; x_wconf 89' lang='grc'><strong>313.</strong></span> <span class='ocrx_word' id='word_1_112' title='bbox 346 1443 441 1482; x_wconf 86' lang='lat' dir='ltr'>Vide</span> <span class='ocrx_word' id='word_1_113' title='bbox 458 1445 616 1493; x_wconf 89' lang='lat' dir='ltr'>quaein</span> <span class='ocrx_word' id='word_1_114' title='bbox 647 1443 745 1482; x_wconf 90' lang='lat' dir='ltr'>Bibl.</span> <span class='ocrx_word' id='word_1_115' title='bbox 766 1446 904 1484; x_wconf 82' lang='lat' dir='ltr'>Latina</span> <span class='ocrx_word' id='word_1_116' title='bbox 926 1446 1051 1484; x_wconf 51' lang='lat'>1122.</span> 
     </span>
    </p>
   </div>
   <div class='ocr_carea' id='block_1_6' title="bbox 130 1504 1055 1558">
    <p class='ocr_par' dir='ltr' id='par_1_9' title="bbox 130 1504 1055 1558">
     <span class='ocr_line' id='line_1_22' title="bbox 130 1504 1055 1558; baseline 0.002 -14"><span class='ocrx_word' id='word_1_117' title='bbox 130 1505 403 1546; x_wconf 89' lang='lat' dir='ltr'>NEBRlDlUS</span> <span class='ocrx_word' id='word_1_118' title='bbox 423 1504 654 1558; x_wconf 75' lang='lat' dir='ltr'>(szridius</span> <span class='ocrx_word' id='word_1_119' title='bbox 671 1535 679 1552; x_wconf 86' lang='lat'>,</span> <span class='ocrx_word' id='word_1_120' title='bbox 696 1511 736 1545; x_wconf 89' lang='lat' dir='ltr'>et</span> <span class='ocrx_word' id='word_1_121' title='bbox 760 1508 902 1545; x_wconf 88' lang='lat' dir='ltr'>vitiose</span> <span class='ocrx_word' id='word_1_122' title='bbox 926 1507 1055 1558; x_wconf 81' lang='lat' dir='ltr'>Ti9ri-</span> 
     </span>
    </p>
   </div>
   <div class='ocr_carea' id='block_1_7' title="bbox 77 1567 1051 1620">
    <p class='ocr_par' dir='ltr' id='par_1_10' title="bbox 77 1567 1051 1620">
     <span class='ocr_line' id='line_1_23' title="bbox 77 1567 1051 1620; baseline 0.002 -14"><span class='ocrx_word' id='word_1_123' title='bbox 77 1567 196 1617; x_wconf 77' lang='lat' dir='ltr'>dius)</span> <span class='ocrx_word' id='word_1_124' title='bbox 233 1569 457 1620; x_wconf 89' lang='lat' dir='ltr'>Episcopus</span> <span class='ocrx_word' id='word_1_125' title='bbox 495 1569 533 1606; x_wconf 91' lang='lat' dir='ltr'>in</span> <span class='ocrx_word' id='word_1_126' title='bbox 574 1569 760 1618; x_wconf 82' lang='lat' dir='ltr'>Hispania</span> <span class='ocrx_word' id='word_1_127' title='bbox 804 1569 1051 1619; x_wconf 81' lang='lat' dir='ltr'>Egarensis,</span> 
     </span>
    </p>
   </div>
   <div class='ocr_carea' id='block_1_8' title="bbox 73 1629 1055 1743">
    <p class='ocr_par' dir='ltr' id='par_1_11' title="bbox 73 1629 1055 1743">
     <span class='ocr_line' id='line_1_24' title="bbox 75 1629 1055 1682; baseline 0.002 -13"><span class='ocrx_word' id='word_1_128' title='bbox 75 1631 186 1680; x_wconf 90' lang='lat' dir='ltr'>(aliis</span> <span class='ocrx_word' id='word_1_129' title='bbox 230 1642 439 1682; x_wconf 80' lang='lat' dir='ltr'>perperam</span> <span class='ocrx_word' id='word_1_130' title='bbox 479 1629 749 1681; x_wconf 80' lang='lat' dir='ltr'>Agathensis⁷</span> <span class='ocrx_word' id='word_1_131' title='bbox 790 1632 879 1669; x_wconf 88' lang='lat' dir='ltr'>aliis</span> <span class='ocrx_word' id='word_1_132' title='bbox 923 1634 1055 1671; x_wconf 87' lang='lat' dir='ltr'>Barci-</span> 
     </span>
     <span class='ocr_line' id='line_1_25' title="bbox 73 1693 1055 1743; baseline 0.002 -11"><span class='ocrx_word' id='word_1_133' title='bbox 73 1694 286 1737; x_wconf 88' lang='lat' dir='ltr'>nocensis)</span> <span class='ocrx_word' id='word_1_134' title='bbox 331 1695 453 1732; x_wconf 80' lang='lat' dir='ltr'>frater</span> <span class='ocrx_word' id='word_1_135' title='bbox 489 1693 594 1733; x_wconf 87' lang='lat' dir='ltr'>Justi</span> <span class='ocrx_word' id='word_1_136' title='bbox 637 1694 880 1743; x_wconf 77' lang='lat' dir='ltr'>Urgelitani‚</span> <span class='ocrx_word' id='word_1_137' title='bbox 928 1695 1055 1734; x_wconf 83' lang='lat' dir='ltr'>Justi-</span> 
     </span>
    </p>
   </div>
   <div class='ocr_carea' id='block_1_9' title="bbox 73 1755 1052 1859">
    <p class='ocr_par' dir='ltr' id='par_1_12' title="bbox 73 1755 1052 1859">
     <span class='ocr_line' id='line_1_26' title="bbox 73 1755 1050 1809; baseline 0.003 -15"><span class='ocrx_word' id='word_1_138' title='bbox 73 1757 180 1795; x_wconf 87' lang='lat' dir='ltr'>niani</span> <span class='ocrx_word' id='word_1_139' title='bbox 202 1757 403 1796; x_wconf 86' lang='lat' dir='ltr'>Valentini</span> <span class='ocrx_word' id='word_1_140' title='bbox 429 1760 552 1806; x_wconf 87' lang='lat' dir='ltr'>atque</span> <span class='ocrx_word' id='word_1_141' title='bbox 575 1755 728 1806; x_wconf 87' lang='lat' dir='ltr'>Elpidri</span> <span class='ocrx_word' id='word_1_142' title='bbox 747 1786 755 1805; x_wconf 83' lang='lat'>,</span> <span class='ocrx_word' id='word_1_143' title='bbox 775 1756 958 1806; x_wconf 87' lang='lat' dir='ltr'>pluribus</span> <span class='ocrx_word' id='word_1_144' title='bbox 978 1758 1050 1809; x_wconf 75' lang='lat' dir='ltr'>Sy-</span> 
     </span>
     <span class='ocr_line' id='line_1_27' title="bbox 73 1818 1052 1859; baseline 0.001 -1"><span class='ocrx_word' id='word_1_145' title='bbox 73 1819 193 1859; x_wconf 85' lang='lat' dir='ltr'>nodis</span> <span class='ocrx_word' id='word_1_146' title='bbox 230 1819 416 1858; x_wconf 81' lang='lat' dir='ltr'>interfuit</span> <span class='ocrx_word' id='word_1_147' title='bbox 453 1819 502 1858; x_wconf 90' lang='lat' dir='ltr'>ab</span> <span class='ocrx_word' id='word_1_148' title='bbox 531 1818 577 1858; x_wconf 85' lang='lat' dir='ltr'>A.</span> <span class='ocrx_word' id='word_1_149' title='bbox 609 1818 701 1858; x_wconf 77' lang='lat'>5⁴6.</span> <span class='ocrx_word' id='word_1_150' title='bbox 733 1818 780 1857; x_wconf 89' lang='lat' dir='ltr'>ad</span> <span class='ocrx_word' id='word_1_151' title='bbox 824 1820 914 1858; x_wconf 69' lang='lat'>564.</span> <span class='ocrx_word' id='word_1_152' title='bbox 955 1823 1052 1859; x_wconf 91' lang='lat' dir='ltr'>scri-</span> 
     </span>
    </p>
   </div>
   <div class='ocr_carea' id='block_1_10' title="bbox 0 1876 1053 1995">
    <p class='ocr_par' dir='ltr' id='par_1_13' title="bbox 0 1876 1053 1995">
     <span class='ocr_line' id='line_1_28' title="bbox 71 1876 1049 1932; baseline 0 -11"><span class='ocrx_word' id='word_1_153' title='bbox 71 1876 200 1932; x_wconf 76' lang='lat' dir='ltr'>psisse</span> <span class='ocrx_word' id='word_1_154' title='bbox 243 1883 364 1920; x_wconf 89' lang='lat' dir='ltr'>etiam</span> <span class='ocrx_word' id='word_1_155' title='bbox 409 1880 606 1932; x_wconf 85' lang='lat' dir='ltr'>quaedam</span> <span class='ocrx_word' id='word_1_156' title='bbox 653 1885 828 1919; x_wconf 83' lang='lat' dir='ltr'>testatur</span> <span class='ocrx_word' id='word_1_157' title='bbox 872 1881 1049 1921; x_wconf 89' lang='lat' dir='ltr'>Isidorus</span> 
     </span>
     <span class='ocr_line' id='line_1_29' title="bbox 0 1943 1053 1995; baseline 0 -13"><span class='ocrx_word' id='word_1_158' title='bbox 0 1962 1 1965; x_wconf 39' lang='lat'>¹</span> <span class='ocrx_word' id='word_1_159' title='bbox 70 1944 319 1995; x_wconf 85' lang='lat' dir='ltr'>Hispalensis</span> <span class='ocrx_word' id='word_1_160' title='bbox 347 1954 432 1994; x_wconf 90' lang='lat' dir='ltr'>cap.</span> <span class='ocrx_word' id='word_1_161' title='bbox 464 1943 527 1982; x_wconf 75' lang='grc'><strong>21.</strong></span> <span class='ocrx_word' id='word_1_162' title='bbox 558 1943 608 1981; x_wconf 89' lang='lat' dir='ltr'>de</span> <span class='ocrx_word' id='word_1_163' title='bbox 639 1943 677 1981; x_wconf 92' lang='lat' dir='ltr'>S.</span> <span class='ocrx_word' id='word_1_164' title='bbox 710 1943 755 1980; x_wconf 87' lang='lat' dir='ltr'>E.</span> <span class='ocrx_word' id='word_1_165' title='bbox 795 1943 951 1982; x_wconf 90' lang='lat' dir='ltr'>nullum</span> <span class='ocrx_word' id='word_1_166' title='bbox 994 1950 1053 1983; x_wconf 86' lang='lat' dir='ltr'>ta-</span> 
     </span>
    </p>
   </div>
   <div class='ocr_carea' id='block_1_11' title="bbox 11 2004 1044 3104">
    <p class='ocr_par' dir='ltr' id='par_1_14' title="bbox 67 2004 1044 2119">
     <span class='ocr_line' id='line_1_30' title="bbox 74 2004 1044 2056; baseline 0.001 -12"><span class='ocrx_word' id='word_1_167' title='bbox 74 2015 165 2044; x_wconf 89' lang='lat' dir='ltr'>men</span> <span class='ocrx_word' id='word_1_168' title='bbox 184 2007 378 2056; x_wconf 91' lang='lat' dir='ltr'>scriptum</span> <span class='ocrx_word' id='word_1_169' title='bbox 400 2006 612 2044; x_wconf 87' lang='lat' dir='ltr'>nominans</span> <span class='ocrx_word' id='word_1_170' title='bbox 630 2004 679 2043; x_wconf 90' lang='lat' dir='ltr'>de</span> <span class='ocrx_word' id='word_1_171' title='bbox 705 2006 835 2044; x_wconf 92' lang='lat' dir='ltr'>titulo.</span> <span class='ocrx_word' id='word_1_172' title='bbox 855 2006 950 2045; x_wconf 85' lang='lat' dir='ltr'>Vide</span> <span class='ocrx_word' id='word_1_173' title='bbox 965 2008 1044 2045; x_wconf 73' lang='lat' dir='ltr'>Nc.</span> 
     </span>
     <span class='ocr_line' id='line_1_31' title="bbox 67 2067 1043 2119; baseline 0.002 -13"><span class='ocrx_word' id='word_1_174' title='bbox 67 2067 289 2106; x_wconf 88' lang='lat' dir='ltr'>Antonium</span> <span class='ocrx_word' id='word_1_175' title='bbox 314 2068 379 2106; x_wconf 84' lang='lat' dir='ltr'>lib.</span> <span class='ocrx_word' id='word_1_176' title='bbox 397 2068 460 2106; x_wconf 91' lang='lat' dir='ltr'>IV.</span> <span class='ocrx_word' id='word_1_177' title='bbox 484 2068 581 2106; x_wconf 89' lang='lat' dir='ltr'>Bibl.</span> <span class='ocrx_word' id='word_1_178' title='bbox 615 2072 697 2106; x_wconf 83' lang='lat' dir='ltr'>vet.</span> <span class='ocrx_word' id='word_1_179' title='bbox 722 2069 918 2119; x_wconf 84' lang='lat' dir='ltr'>Hispanae</span> <span class='ocrx_word' id='word_1_180' title='bbox 939 2081 972 2108; x_wconf 87' lang='lat' dir='ltr'>c.</span> <span class='ocrx_word' id='word_1_181' title='bbox 1003 2072 1043 2108; x_wconf 83' lang='grc'><strong>1.</strong></span> 
     </span>
    </p>

    <p class='ocr_par' dir='ltr' id='par_1_15' title="bbox 11 2128 1044 3104">
     <span class='ocr_line' id='line_1_32' title="bbox 120 2128 1044 2181; baseline 0.002 -13"><span class='ocrx_word' id='word_1_182' title='bbox 120 2128 255 2168; x_wconf 82' lang='lat' dir='ltr'>AElius</span> <span class='ocrx_word' id='word_1_183' title='bbox 276 2129 472 2169; x_wconf 79' lang='lat' dir='ltr'>Antonius</span> <span class='ocrx_word' id='word_1_184' title='bbox 501 2131 535 2179; x_wconf 89' lang='lat' dir='ltr'>a)</span> <span class='ocrx_word' id='word_1_185' title='bbox 567 2129 958 2179; x_wconf 79' lang='lat' dir='ltr'>NEBRISSENSIS,</span> <span class='ocrx_word' id='word_1_186' title='bbox 984 2131 1044 2181; x_wconf 80' lang='lat' dir='ltr'>(de</span> 
     </span>
     <span class='ocr_line' id='line_1_33' title="bbox 70 2191 1043 2243; baseline 0 -12"><span class='ocrx_word' id='word_1_187' title='bbox 70 2191 263 2242; x_wconf 78' lang='lat' dir='ltr'>Lebriaea)</span> <span class='ocrx_word' id='word_1_188' title='bbox 292 2192 402 2231; x_wconf 87' lang='lat' dir='ltr'>inter</span> <span class='ocrx_word' id='word_1_189' title='bbox 431 2194 581 2243; x_wconf 88' lang='lat' dir='ltr'>primos</span> <span class='ocrx_word' id='word_1_190' title='bbox 619 2193 844 2232; x_wconf 88' lang='lat' dir='ltr'>litterarum</span> <span class='ocrx_word' id='word_1_191' title='bbox 892 2195 1043 2232; x_wconf 85' lang='lat' dir='ltr'>instau-</span> 
     </span>
     <span class='ocr_line' id='line_1_34' title="bbox 69 2253 1043 2306; baseline 0.001 -13"><span class='ocrx_word' id='word_1_192' title='bbox 69 2259 222 2293; x_wconf 86' lang='lat' dir='ltr'>ratores</span> <span class='ocrx_word' id='word_1_193' title='bbox 249 2255 288 2292; x_wconf 91' lang='lat' dir='ltr'>in</span> <span class='ocrx_word' id='word_1_194' title='bbox 315 2255 525 2306; x_wconf 89' lang='lat' dir='ltr'>Hispania,</span> <span class='ocrx_word' id='word_1_195' title='bbox 555 2253 690 2293; x_wconf 86' lang='lat' dir='ltr'>docuit</span> <span class='ocrx_word' id='word_1_196' title='bbox 715 2256 982 2295; x_wconf 86' lang='lat' dir='ltr'>Salmanticae</span> <span class='ocrx_word' id='word_1_197' title='bbox 998 2268 1043 2294; x_wconf 88' lang='lat' dir='ltr'>ac</span> 
     </span>
     <span class='ocr_line' id='line_1_35' title="bbox 67 2316 1041 2368; baseline 0.001 -13"><span class='ocrx_word' id='word_1_198' title='bbox 67 2316 240 2367; x_wconf 83' lang='lat' dir='ltr'>denique</span> <span class='ocrx_word' id='word_1_199' title='bbox 254 2317 469 2368; x_wconf 85' lang='lat' dir='ltr'>Compluti,</span> <span class='ocrx_word' id='word_1_200' title='bbox 481 2318 667 2357; x_wconf 89' lang='lat' dir='ltr'>Ximenio</span> <span class='ocrx_word' id='word_1_201' title='bbox 684 2319 911 2357; x_wconf 84' lang='lat' dir='ltr'>Maecenate</span> <span class='ocrx_word' id='word_1_202' title='bbox 931 2330 1041 2358; x_wconf 87' lang='lat' dir='ltr'>usus:</span> 
     </span>
     <span class='ocr_line' id='line_1_36' title="bbox 69 2381 1039 2431; baseline 0.002 -13"><span class='ocrx_word' id='word_1_203' title='bbox 69 2383 190 2430; x_wconf 80' lang='lat' dir='ltr'>atque</span> <span class='ocrx_word' id='word_1_204' title='bbox 217 2389 312 2418; x_wconf 86' lang='lat' dir='ltr'>cum</span> <span class='ocrx_word' id='word_1_205' title='bbox 351 2381 389 2418; x_wconf 89' lang='lat' dir='ltr'>in</span> <span class='ocrx_word' id='word_1_206' title='bbox 432 2381 542 2418; x_wconf 92' lang='lat' dir='ltr'>omni</span> <span class='ocrx_word' id='word_1_207' title='bbox 587 2391 733 2431; x_wconf 81' lang='lat' dir='ltr'>genere</span> <span class='ocrx_word' id='word_1_208' title='bbox 777 2382 1039 2421; x_wconf 83' lang='lat' dir='ltr'>scientiarum</span> 
     </span>
     <span class='ocr_line' id='line_1_37' title="bbox 11 2434 1043 2494; baseline 0.003 -15"><span class='ocrx_word' id='word_1_209' title='bbox 11 2434 17 2439; x_wconf 48' lang='grc'><em>“</em></span> <span class='ocrx_word' id='word_1_210' title='bbox 68 2442 391 2493; x_wconf 79' lang='lat' dir='ltr'>scriptorumque</span> <span class='ocrx_word' id='word_1_211' title='bbox 420 2447 612 2481; x_wconf 87' lang='lat' dir='ltr'>versatus</span> <span class='ocrx_word' id='word_1_212' title='bbox 642 2446 683 2480; x_wconf 86' lang='lat' dir='ltr'>et</span> <span class='ocrx_word' id='word_1_213' title='bbox 712 2444 866 2492; x_wconf 87' lang='lat' dir='ltr'>peritus</span> <span class='ocrx_word' id='word_1_214' title='bbox 891 2444 1043 2494; x_wconf 84' lang='lat' dir='ltr'>lingua-</span> 
     </span>
     <span class='ocr_line' id='line_1_38' title="bbox 69 2505 1041 2555; baseline 0.002 -14"><span class='ocrx_word' id='word_1_215' title='bbox 69 2514 157 2542; x_wconf 91' lang='lat' dir='ltr'>rum</span> <span class='ocrx_word' id='word_1_216' title='bbox 203 2505 402 2554; x_wconf 86' lang='lat' dir='ltr'>potuisset</span> <span class='ocrx_word' id='word_1_217' title='bbox 444 2515 514 2554; x_wconf 90' lang='lat' dir='ltr'>pro</span> <span class='ocrx_word' id='word_1_218' title='bbox 557 2505 667 2542; x_wconf 91' lang='lat' dir='ltr'>varia</span> <span class='ocrx_word' id='word_1_219' title='bbox 697 2509 738 2543; x_wconf 88' lang='lat' dir='ltr'>et</span> <span class='ocrx_word' id='word_1_220' title='bbox 769 2505 846 2543; x_wconf 91' lang='lat' dir='ltr'>late</span> <span class='ocrx_word' id='word_1_221' title='bbox 879 2510 1041 2555; x_wconf 87' lang='lat' dir='ltr'>patente</span> 
     </span>
     <span class='ocr_line' id='line_1_39' title="bbox 67 2564 1039 2616; baseline 0.002 -13"><span class='ocrx_word' id='word_1_222' title='bbox 67 2564 292 2604; x_wconf 85' lang='lat' dir='ltr'>eruditione</span> <span class='ocrx_word' id='word_1_223' title='bbox 320 2575 392 2604; x_wconf 91' lang='lat' dir='ltr'>sua</span> <span class='ocrx_word' id='word_1_224' title='bbox 437 2565 709 2616; x_wconf 88' lang='lat' dir='ltr'>quodcunque</span> <span class='ocrx_word' id='word_1_225' title='bbox 758 2578 902 2605; x_wconf 89' lang='lat' dir='ltr'>nomen</span> <span class='ocrx_word' id='word_1_226' title='bbox 934 2568 1039 2606; x_wconf 91' lang='lat' dir='ltr'>aliud</span> 
     </span>
     <span class='ocr_line' id='line_1_40' title="bbox 68 2627 1039 2679; baseline 0.002 -13"><span class='ocrx_word' id='word_1_227' title='bbox 68 2631 110 2667; x_wconf 84' lang='lat' dir='ltr'>et</span> <span class='ocrx_word' id='word_1_228' title='bbox 138 2628 327 2678; x_wconf 78' lang='lat' dir='ltr'>suffragio</span> <span class='ocrx_word' id='word_1_229' title='bbox 357 2627 564 2667; x_wconf 91' lang='lat' dir='ltr'>doctorum</span> <span class='ocrx_word' id='word_1_230' title='bbox 598 2627 671 2666; x_wconf 87' lang='lat' dir='ltr'>sibi</span> <span class='ocrx_word' id='word_1_231' title='bbox 705 2639 921 2679; x_wconf 85' lang='lat' dir='ltr'>usurpare,</span> <span class='ocrx_word' id='word_1_232' title='bbox 945 2629 1039 2668; x_wconf 83' lang='lat' dir='ltr'>nihil</span> 
     </span>
     <span class='ocr_line' id='line_1_41' title="bbox 69 2690 1043 2739; baseline 0.002 -11"><span class='ocrx_word' id='word_1_233' title='bbox 69 2694 232 2738; x_wconf 84' lang='lat' dir='ltr'>tamen,</span> <span class='ocrx_word' id='word_1_234' title='bbox 263 2691 361 2729; x_wconf 88' lang='lat' dir='ltr'>Vive</span> <span class='ocrx_word' id='word_1_235' title='bbox 389 2690 425 2739; x_wconf 91' lang='lat' dir='ltr'>b)</span> <span class='ocrx_word' id='word_1_236' title='bbox 458 2694 588 2738; x_wconf 87' lang='lat' dir='ltr'>teste,</span> <span class='ocrx_word' id='word_1_237' title='bbox 621 2690 698 2729; x_wconf 89' lang='lat' dir='ltr'>dici</span> <span class='ocrx_word' id='word_1_238' title='bbox 728 2695 768 2728; x_wconf 89' lang='lat' dir='ltr'>et</span> <span class='ocrx_word' id='word_1_239' title='bbox 795 2691 929 2729; x_wconf 87' lang='lat' dir='ltr'>haberi</span> <span class='ocrx_word' id='word_1_240' title='bbox 963 2703 1043 2730; x_wconf 87' lang='lat' dir='ltr'>ma-</span> 
     </span>
     <span class='ocr_line' id='line_1_42' title="bbox 69 2751 1040 2804; baseline 0.002 -13"><span class='ocrx_word' id='word_1_241' title='bbox 69 2751 144 2791; x_wconf 85' lang='lat' dir='ltr'>luit</span> <span class='ocrx_word' id='word_1_242' title='bbox 171 2763 293 2803; x_wconf 88' lang='lat' dir='ltr'>quam</span> <span class='ocrx_word' id='word_1_243' title='bbox 318 2753 643 2799; x_wconf 85' lang='lat' dir='ltr'>Grammaticus,</span> <span class='ocrx_word' id='word_1_244' title='bbox 669 2765 899 2804; x_wconf 86' lang='lat' dir='ltr'>quanquam</span> <span class='ocrx_word' id='word_1_245' title='bbox 927 2755 1040 2793; x_wconf 85' lang='lat' dir='ltr'>deco-</span> 
     </span>
     <span class='ocr_line' id='line_1_43' title="bbox 69 2814 1043 2855; baseline 0.001 -2"><span class='ocrx_word' id='word_1_246' title='bbox 69 2819 182 2854; x_wconf 89' lang='lat' dir='ltr'>ratus</span> <span class='ocrx_word' id='word_1_247' title='bbox 205 2814 350 2854; x_wconf 87' lang='lat' dir='ltr'>deinde</span> <span class='ocrx_word' id='word_1_248' title='bbox 367 2827 443 2854; x_wconf 90' lang='lat' dir='ltr'>non</span> <span class='ocrx_word' id='word_1_249' title='bbox 464 2815 581 2854; x_wconf 91' lang='lat' dir='ltr'>modo</span> <span class='ocrx_word' id='word_1_250' title='bbox 599 2816 858 2855; x_wconf 77' lang='lat' dir='ltr'>Grammatici</span> <span class='ocrx_word' id='word_1_251' title='bbox 876 2821 915 2854; x_wconf 91' lang='lat' dir='ltr'>et</span> <span class='ocrx_word' id='word_1_252' title='bbox 940 2816 1043 2855; x_wconf 82' lang='lat' dir='ltr'>Rhe-</span> 
     </span>
     <span class='ocr_line' id='line_1_44' title="bbox 70 2877 1042 2929; baseline 0.002 -15"><span class='ocrx_word' id='word_1_253' title='bbox 70 2878 194 2925; x_wconf 87' lang='lat' dir='ltr'>toris‚</span> <span class='ocrx_word' id='word_1_254' title='bbox 225 2877 296 2916; x_wconf 88' lang='lat' dir='ltr'>sed</span> <span class='ocrx_word' id='word_1_255' title='bbox 321 2878 441 2916; x_wconf 88' lang='lat' dir='ltr'>etiam</span> <span class='ocrx_word' id='word_1_256' title='bbox 472 2878 772 2929; x_wconf 78' lang='lat' dir='ltr'>chronographi</span> <span class='ocrx_word' id='word_1_257' title='bbox 798 2881 884 2917; x_wconf 83' lang='lat' dir='ltr'>sive</span> <span class='ocrx_word' id='word_1_258' title='bbox 915 2881 1042 2918; x_wconf 83' lang='lat' dir='ltr'>ilisto-</span> 
     </span>
     <span class='ocr_line' id='line_1_45' title="bbox 70 2939 1042 2990; baseline 0 -13"><span class='ocrx_word' id='word_1_259' title='bbox 70 2940 140 2978; x_wconf 89' lang='lat' dir='ltr'>rici</span> <span class='ocrx_word' id='word_1_260' title='bbox 168 2939 279 2990; x_wconf 86' lang='lat' dir='ltr'>Regii</span> <span class='ocrx_word' id='word_1_261' title='bbox 309 2940 427 2978; x_wconf 85' lang='lat' dir='ltr'>titulo</span> <span class='ocrx_word' id='word_1_262' title='bbox 456 2950 502 2978; x_wconf 88' lang='lat' dir='ltr'>ac</span> <span class='ocrx_word' id='word_1_263' title='bbox 543 2940 750 2990; x_wconf 81' lang='lat' dir='ltr'>dignitate.</span> <span class='ocrx_word' id='word_1_264' title='bbox 790 2942 902 2980; x_wconf 88' lang='lat' dir='ltr'>Diem</span> <span class='ocrx_word' id='word_1_265' title='bbox 947 2941 1042 2979; x_wconf 88' lang='lat' dir='ltr'>obiit</span> 
     </span>
     <span class='ocr_line' id='line_1_46' title="bbox 71 3001 1040 3053; baseline -0.001 -12"><span class='ocrx_word' id='word_1_266' title='bbox 71 3001 272 3053; x_wconf 89' lang='lat' dir='ltr'>Compluti</span> <span class='ocrx_word' id='word_1_267' title='bbox 303 3001 509 3052; x_wconf 88' lang='lat' dir='ltr'>apoplexia</span> <span class='ocrx_word' id='word_1_268' title='bbox 539 3007 750 3053; x_wconf 88' lang='lat' dir='ltr'>correptus</span> <span class='ocrx_word' id='word_1_269' title='bbox 775 3002 849 3043; x_wconf 83' lang='lat' dir='ltr'>An.</span> <span class='ocrx_word' id='word_1_270' title='bbox 877 3003 979 3043; x_wconf 66' lang='lat'>4522</span> <span class='ocrx_word' id='word_1_271' title='bbox 1004 3004 1040 3041; x_wconf 68' lang='lat'>⁷2.</span> 
     </span>
     <span class='ocr_line' id='line_1_47' title="bbox 68 3065 1040 3104; baseline 0.001 -2"><span class='ocrx_word' id='word_1_272' title='bbox 68 3065 148 3104; x_wconf 80' lang='lat' dir='ltr'>Jul.</span> <span class='ocrx_word' id='word_1_273' title='bbox 179 3073 308 3103; x_wconf 89' lang='lat' dir='ltr'>annos</span> <span class='ocrx_word' id='word_1_274' title='bbox 353 3067 473 3102; x_wconf 87' lang='lat' dir='ltr'>natus</span> <span class='ocrx_word' id='word_1_275' title='bbox 516 3065 709 3103; x_wconf 83' lang='lat' dir='ltr'>LXXVII.</span> <span class='ocrx_word' id='word_1_276' title='bbox 742 3065 798 3104; x_wconf 85' lang='lat' dir='ltr'>De</span> <span class='ocrx_word' id='word_1_277' title='bbox 832 3065 905 3104; x_wconf 91' lang='lat' dir='ltr'>hoc</span> <span class='ocrx_word' id='word_1_278' title='bbox 951 3066 1040 3104; x_wconf 81' lang='lat' dir='ltr'>Viro</span> 
     </span>
    </p>
   </div>
   <div class='ocr_carea' id='block_1_12' title="bbox 60 3195 1050 3434">
    <p class='ocr_par' dir='ltr' id='par_1_16' title="bbox 60 3195 1050 3434">
     <span class='ocr_line' id='line_1_48' title="bbox 124 3195 1050 3237; baseline 0 -9"><span class='ocrx_word' id='word_1_279' title='bbox 124 3195 158 3236; x_wconf 75' lang='lat' dir='ltr'>a)</span> <span class='ocrx_word' id='word_1_280' title='bbox 184 3197 377 3237; x_wconf 77' lang='lat' dir='ltr'>cognomen</span> <span class='ocrx_word' id='word_1_281' title='bbox 393 3197 464 3236; x_wconf 82' lang='lat' dir='ltr'>ejus</span> <span class='ocrx_word' id='word_1_282' title='bbox 479 3197 634 3235; x_wconf 80' lang='lat' dir='ltr'>ignorare</span> <span class='ocrx_word' id='word_1_283' title='bbox 649 3204 683 3228; x_wconf 88' lang='lat' dir='ltr'>se</span> <span class='ocrx_word' id='word_1_284' title='bbox 698 3205 765 3228; x_wconf 93' lang='lat' dir='ltr'>non</span> <span class='ocrx_word' id='word_1_285' title='bbox 785 3196 947 3228; x_wconf 85' lang='lat' dir='ltr'>diffitetur</span> <span class='ocrx_word' id='word_1_286' title='bbox 962 3199 1050 3228; x_wconf 78' lang='lat' dir='ltr'>Nau-</span> 
     </span>
     <span class='ocr_line' id='line_1_49' title="bbox 65 3243 1049 3286; baseline 0 -8"><span class='ocrx_word' id='word_1_287' title='bbox 65 3243 170 3278; x_wconf 74' lang='lat' dir='ltr'>daeus</span> <span class='ocrx_word' id='word_1_288' title='bbox 195 3248 230 3278; x_wconf 84' lang='lat' dir='ltr'>ln</span> <span class='ocrx_word' id='word_1_289' title='bbox 250 3245 336 3278; x_wconf 87' lang='lat' dir='ltr'>libro</span> <span class='ocrx_word' id='word_1_290' title='bbox 359 3246 551 3279; x_wconf 79' lang='lat' dir='ltr'>Mascurat</span> <span class='ocrx_word' id='word_1_291' title='bbox 577 3253 652 3285; x_wconf 77' lang='lat' dir='ltr'>pag.</span> <span class='ocrx_word' id='word_1_292' title='bbox 675 3246 728 3277; x_wconf 83' lang='grc'><strong>97.</strong></span> <span class='ocrx_word' id='word_1_293' title='bbox 751 3248 922 3286; x_wconf 76' lang='lat' dir='ltr'>negatque</span> <span class='ocrx_word' id='word_1_294' title='bbox 943 3255 978 3278; x_wconf 85' lang='lat' dir='ltr'>se</span> <span class='ocrx_word' id='word_1_295' title='bbox 1009 3248 1049 3278; x_wconf 92' lang='lat' dir='ltr'>il-</span> 
     </span>
     <span class='ocr_line' id='line_1_50' title="bbox 62 3295 1049 3336; baseline -0.001 -8"><span class='ocrx_word' id='word_1_296' title='bbox 62 3295 120 3328; x_wconf 89' lang='lat' dir='ltr'>lud</span> <span class='ocrx_word' id='word_1_297' title='bbox 144 3303 288 3336; x_wconf 87' lang='lat' dir='ltr'>usquam</span> <span class='ocrx_word' id='word_1_298' title='bbox 311 3296 464 3336; x_wconf 86' lang='lat' dir='ltr'>potuisse</span> <span class='ocrx_word' id='word_1_299' title='bbox 490 3297 641 3334; x_wconf 83' lang='lat' dir='ltr'>reperire</span> <span class='ocrx_word' id='word_1_300' title='bbox 659 3319 668 3332; x_wconf 93' lang='lat'>,</span> <span class='ocrx_word' id='word_1_301' title='bbox 693 3295 832 3335; x_wconf 85' lang='lat' dir='ltr'>perinde</span> <span class='ocrx_word' id='word_1_302' title='bbox 856 3299 892 3326; x_wconf 86' lang='lat' dir='ltr'>ut</span> <span class='ocrx_word' id='word_1_303' title='bbox 909 3304 970 3327; x_wconf 84' lang='lat' dir='ltr'>nec</span> <span class='ocrx_word' id='word_1_304' title='bbox 983 3298 1049 3327; x_wconf 78' lang='lat' dir='ltr'>Ro-</span> 
     </span>
     <span class='ocr_line' id='line_1_51' title="bbox 61 3345 1050 3384; baseline -0.002 -7"><span class='ocrx_word' id='word_1_305' title='bbox 61 3346 148 3378; x_wconf 84' lang='lat' dir='ltr'>berti</span> <span class='ocrx_word' id='word_1_306' title='bbox 172 3345 374 3384; x_wconf 76' lang='lat' dir='ltr'>sarbonici,</span> <span class='ocrx_word' id='word_1_307' title='bbox 396 3346 487 3376; x_wconf 85' lang='lat' dir='ltr'>Petri</span> <span class='ocrx_word' id='word_1_308' title='bbox 507 3346 695 3384; x_wconf 79' lang='lat' dir='ltr'>Aponensls</span> <span class='ocrx_word' id='word_1_309' title='bbox 713 3369 722 3384; x_wconf 93' lang='lat'><em>,</em></span> <span class='ocrx_word' id='word_1_310' title='bbox 747 3345 888 3376; x_wconf 84' lang='lat' dir='ltr'>Gentilis</span> <span class='ocrx_word' id='word_1_311' title='bbox 912 3345 952 3376; x_wconf 89' lang='lat' dir='ltr'>dc</span> <span class='ocrx_word' id='word_1_312' title='bbox 970 3345 1050 3376; x_wconf 80' lang='lat' dir='ltr'>Ful-</span> 
     </span>
     <span class='ocr_line' id='line_1_52' title="bbox 60 3393 1046 3434; baseline -0.002 -7"><span class='ocrx_word' id='word_1_313' title='bbox 60 3397 183 3434; x_wconf 75' lang='lat' dir='ltr'>gineo,</span> <span class='ocrx_word' id='word_1_314' title='bbox 207 3395 297 3426; x_wconf 83' lang='lat' dir='ltr'>Petri</span> <span class='ocrx_word' id='word_1_315' title='bbox 323 3395 519 3428; x_wconf 76' lang='lat' dir='ltr'>Alliacensis</span> <span class='ocrx_word' id='word_1_316' title='bbox 536 3417 547 3432; x_wconf 96' lang='lat'><em>‚</em></span> <span class='ocrx_word' id='word_1_317' title='bbox 576 3393 704 3426; x_wconf 78' lang='lat' dir='ltr'>Nicolat</span> <span class='ocrx_word' id='word_1_318' title='bbox 748 3393 789 3425; x_wconf 86' lang='lat' dir='ltr'>de</span> <span class='ocrx_word' id='word_1_319' title='bbox 830 3393 1021 3434; x_wconf 81' lang='lat' dir='ltr'>Clemangis</span> <span class='ocrx_word' id='word_1_320' title='bbox 1038 3418 1046 3433; x_wconf 89' lang='lat'>‚</span> 
     </span>
    </p>
   </div>
   <div class='ocr_carea' id='block_1_13' title="bbox 1115 325 2094 3112">
    <p class='ocr_par' dir='ltr' id='par_1_17' title="bbox 1122 325 2094 1063">
     <span class='ocr_line' id='line_1_53' title="bbox 1122 325 2094 375; baseline 0.009 -14"><span class='ocrx_word' id='word_1_321' title='bbox 1122 329 1279 375; x_wconf 87' lang='lat' dir='ltr'>praeter</span> <span class='ocrx_word' id='word_1_322' title='bbox 1308 325 1408 363; x_wconf 87' lang='lat' dir='ltr'>alios</span> <span class='ocrx_word' id='word_1_323' title='bbox 1437 326 1712 366; x_wconf 84' lang='lat' dir='ltr'>consulendus</span> <span class='ocrx_word' id='word_1_324' title='bbox 1742 329 1927 369; x_wconf 85' lang='lat' dir='ltr'>Nicolaus</span> <span class='ocrx_word' id='word_1_325' title='bbox 1969 330 2094 370; x_wconf 87' lang='lat' dir='ltr'>Anto—</span> 
     </span>
     <span class='ocr_line' id='line_1_54' title="bbox 1125 387 2089 444; baseline 0.01 -21"><span class='ocrx_word' id='word_1_326' title='bbox 1125 387 1214 424; x_wconf 88' lang='lat' dir='ltr'>nius</span> <span class='ocrx_word' id='word_1_327' title='bbox 1245 391 1340 425; x_wconf 89' lang='lat' dir='ltr'>tom.</span> <span class='ocrx_word' id='word_1_328' title='bbox 1372 389 1406 426; x_wconf 93' lang='grc'><strong>1.</strong></span> <span class='ocrx_word' id='word_1_329' title='bbox 1441 389 1535 427; x_wconf 88' lang='lat' dir='ltr'>Bibl.</span> <span class='ocrx_word' id='word_1_330' title='bbox 1569 400 1696 428; x_wconf 86' lang='lat' dir='ltr'>novae</span> <span class='ocrx_word' id='word_1_331' title='bbox 1728 391 1922 442; x_wconf 86' lang='lat' dir='ltr'>Hispanae</span> <span class='ocrx_word' id='word_1_332' title='bbox 1953 405 1989 444; x_wconf 89' lang='lat' dir='ltr'>p.</span> <span class='ocrx_word' id='word_1_333' title='bbox 2015 395 2089 433; x_wconf 80' lang='grc'>104</span> 
     </span>
     <span class='ocr_line' id='line_1_55' title="bbox 1125 450 2093 508; baseline 0.008 -20"><span class='ocrx_word' id='word_1_334' title='bbox 1125 450 1214 488; x_wconf 88' lang='grc'><strong>109.</strong></span> <span class='ocrx_word' id='word_1_335' title='bbox 1244 452 1306 489; x_wconf 85' lang='lat' dir='ltr'>cui</span> <span class='ocrx_word' id='word_1_336' title='bbox 1333 451 1448 503; x_wconf 88' lang='lat' dir='ltr'>jungi</span> <span class='ocrx_word' id='word_1_337' title='bbox 1490 458 1624 502; x_wconf 86' lang='lat' dir='ltr'>potest</span> <span class='ocrx_word' id='word_1_338' title='bbox 1655 454 1864 494; x_wconf 82' lang='lat' dir='ltr'>Colomcsii</span> <span class='ocrx_word' id='word_1_339' title='bbox 1909 458 2093 508; x_wconf 84' lang='lat' dir='ltr'>Hispania</span> 
     </span>
     <span class='ocr_line' id='line_1_56' title="bbox 1122 512 2092 570; baseline 0.007 -20"><span class='ocrx_word' id='word_1_340' title='bbox 1122 512 1338 551; x_wconf 77' lang='lat' dir='ltr'>orientalis</span> <span class='ocrx_word' id='word_1_341' title='bbox 1369 525 1454 564; x_wconf 87' lang='lat' dir='ltr'>pag.</span> <span class='ocrx_word' id='word_1_342' title='bbox 1486 514 1578 553; x_wconf 71' lang='lat'>2⁵23.</span> <span class='ocrx_word' id='word_1_343' title='bbox 1612 515 1674 553; x_wconf 91' lang='lat' dir='ltr'>ubi</span> <span class='ocrx_word' id='word_1_344' title='bbox 1705 517 1806 554; x_wconf 82' lang='lat' dir='ltr'>Jovii</span> <span class='ocrx_word' id='word_1_345' title='bbox 1844 518 2092 570; x_wconf 80' lang='lat' dir='ltr'>aliorumque</span> 
     </span>
     <span class='ocr_line' id='line_1_57' title="bbox 1124 574 2094 625; baseline 0.01 -14"><span class='ocrx_word' id='word_1_346' title='bbox 1124 574 1343 614; x_wconf 87' lang='lat' dir='ltr'>multorum</span> <span class='ocrx_word' id='word_1_347' title='bbox 1377 577 1577 625; x_wconf 87' lang='lat' dir='ltr'>praeclara</span> <span class='ocrx_word' id='word_1_348' title='bbox 1621 579 1874 618; x_wconf 86' lang='lat' dir='ltr'>testimonia:</span> <span class='ocrx_word' id='word_1_349' title='bbox 1904 586 1945 619; x_wconf 78' lang='lat' dir='ltr'>ct</span> <span class='ocrx_word' id='word_1_350' title='bbox 1982 583 2094 620; x_wconf 79' lang='lat' dir='ltr'>Jaco-</span> 
     </span>
     <span class='ocr_line' id='line_1_58' title="bbox 1123 634 2086 694; baseline 0.01 -21"><span class='ocrx_word' id='word_1_351' title='bbox 1123 634 1199 673; x_wconf 87' lang='lat' dir='ltr'>bus</span> <span class='ocrx_word' id='word_1_352' title='bbox 1228 636 1407 675; x_wconf 86' lang='lat' dir='ltr'>Gaddius</span> <span class='ocrx_word' id='word_1_353' title='bbox 1438 643 1533 676; x_wconf 91' lang='lat' dir='ltr'>tom.</span> <span class='ocrx_word' id='word_1_354' title='bbox 1564 639 1600 676; x_wconf 69' lang='lat'>⁴2.</span> <span class='ocrx_word' id='word_1_355' title='bbox 1623 639 1672 677; x_wconf 89' lang='lat' dir='ltr'>de</span> <span class='ocrx_word' id='word_1_356' title='bbox 1693 642 1956 692; x_wconf 87' lang='lat' dir='ltr'>scriptoribus</span> <span class='ocrx_word' id='word_1_357' title='bbox 1981 655 2016 694; x_wconf 91' lang='lat' dir='ltr'>p.</span> <span class='ocrx_word' id='word_1_358' title='bbox 2042 646 2086 684; x_wconf 86' lang='grc'>91</span> 
     </span>
     <span class='ocr_line' id='line_1_59' title="bbox 1123 699 2092 757; baseline 0.01 -22"><span class='ocrx_word' id='word_1_359' title='bbox 1123 708 1208 747; x_wconf 84' lang='lat' dir='ltr'>seq.</span> <span class='ocrx_word' id='word_1_360' title='bbox 1239 699 1398 749; x_wconf 86' lang='lat' dir='ltr'>Dupinii</span> <span class='ocrx_word' id='word_1_361' title='bbox 1430 700 1526 738; x_wconf 87' lang='lat' dir='ltr'>Bibl.</span> <span class='ocrx_word' id='word_1_362' title='bbox 1558 702 1714 740; x_wconf 88' lang='lat' dir='ltr'>Eccles.</span> <span class='ocrx_word' id='word_1_363' title='bbox 1747 708 1841 742; x_wconf 91' lang='lat' dir='ltr'>tom.</span> <span class='ocrx_word' id='word_1_364' title='bbox 1872 706 1974 744; x_wconf 84' lang='lat' dir='ltr'>xlv.</span> <span class='ocrx_word' id='word_1_365' title='bbox 2006 717 2092 757; x_wconf 81' lang='lat' dir='ltr'>pag.</span> 
     </span>
     <span class='ocr_line' id='line_1_60' title="bbox 1124 759 2090 818; baseline 0.008 -20"><span class='ocrx_word' id='word_1_366' title='bbox 1124 759 1213 798; x_wconf 72' lang='lat'>⁴20.</span> <span class='ocrx_word' id='word_1_367' title='bbox 1244 761 1277 809; x_wconf 89' lang='lat' dir='ltr'>c)</span> <span class='ocrx_word' id='word_1_368' title='bbox 1308 760 1580 801; x_wconf 83' lang='lat' dir='ltr'>Clarmundus</span> <span class='ocrx_word' id='word_1_369' title='bbox 1609 767 1706 802; x_wconf 87' lang='lat' dir='ltr'>tom.</span> <span class='ocrx_word' id='word_1_370' title='bbox 1738 766 1804 804; x_wconf 86' lang='lat' dir='ltr'>Vll</span> <span class='ocrx_word' id='word_1_371' title='bbox 1851 769 2022 806; x_wconf 87' lang='lat' dir='ltr'>vitarum</span> <span class='ocrx_word' id='word_1_372' title='bbox 2054 780 2090 818; x_wconf 89' lang='lat' dir='ltr'>p.</span> 
     </span>
     <span class='ocr_line' id='line_1_61' title="bbox 1124 822 2093 868; baseline 0.008 -8"><span class='ocrx_word' id='word_1_373' title='bbox 1124 822 1187 861; x_wconf 88' lang='grc'>37.</span> <span class='ocrx_word' id='word_1_374' title='bbox 1216 824 1277 861; x_wconf 82' lang='lat' dir='ltr'>Jo.</span> <span class='ocrx_word' id='word_1_375' title='bbox 1309 824 1521 863; x_wconf 84' lang='lat' dir='ltr'>Hubncrus</span> <span class='ocrx_word' id='word_1_376' title='bbox 1565 828 1730 865; x_wconf 87' lang='lat' dir='ltr'>Centnr.</span> <span class='ocrx_word' id='word_1_377' title='bbox 1765 829 1861 866; x_wconf 84' lang='lat' dir='ltr'>Vlll.</span> <span class='ocrx_word' id='word_1_378' title='bbox 1908 830 2003 868; x_wconf 88' lang='lat' dir='ltr'>Bibl.</span> <span class='ocrx_word' id='word_1_379' title='bbox 2036 830 2093 868; x_wconf 81' lang='lat' dir='ltr'>hi-</span> 
     </span>
     <span class='ocr_line' id='line_1_62' title="bbox 1125 886 2089 938; baseline 0.007 -15"><span class='ocrx_word' id='word_1_380' title='bbox 1125 886 1260 924; x_wconf 89' lang='lat' dir='ltr'>storic.</span> <span class='ocrx_word' id='word_1_381' title='bbox 1295 886 1431 925; x_wconf 87' lang='lat' dir='ltr'>llamb.</span> <span class='ocrx_word' id='word_1_382' title='bbox 1462 898 1499 937; x_wconf 89' lang='lat' dir='ltr'>p.</span> <span class='ocrx_word' id='word_1_383' title='bbox 1529 888 1593 926; x_wconf 88' lang='lat'>55.</span> <span class='ocrx_word' id='word_1_384' title='bbox 1623 899 1706 938; x_wconf 89' lang='lat' dir='ltr'>seq.</span> <span class='ocrx_word' id='word_1_385' title='bbox 1732 889 1916 929; x_wconf 84' lang='lat' dir='ltr'>Ghilinus</span> <span class='ocrx_word' id='word_1_386' title='bbox 1939 897 2032 931; x_wconf 84' lang='lat' dir='ltr'>tom.</span> <span class='ocrx_word' id='word_1_387' title='bbox 2053 894 2089 932; x_wconf 78' lang='lat'>2.</span> 
     </span>
     <span class='ocr_line' id='line_1_63' title="bbox 1125 947 2090 1004; baseline 0.008 -18"><span class='ocrx_word' id='word_1_388' title='bbox 1125 947 1187 986; x_wconf 88' lang='grc'>71.</span> <span class='ocrx_word' id='word_1_389' title='bbox 1219 948 1320 987; x_wconf 87' lang='lat' dir='ltr'>Acta</span> <span class='ocrx_word' id='word_1_390' title='bbox 1364 948 1488 987; x_wconf 85' lang='lat' dir='ltr'>Erud.</span> <span class='ocrx_word' id='word_1_391' title='bbox 1536 950 1610 988; x_wconf 84' lang='lat' dir='ltr'>An.</span> <span class='ocrx_word' id='word_1_392' title='bbox 1644 952 1747 990; x_wconf 87' lang='grc'><strong>1683</strong></span> <span class='ocrx_word' id='word_1_393' title='bbox 1792 963 1876 1004; x_wconf 85' lang='lat' dir='ltr'>pag.</span> <span class='ocrx_word' id='word_1_394' title='bbox 1909 954 1986 992; x_wconf 71' lang='lat'>&lt;225</span> <span class='ocrx_word' id='word_1_395' title='bbox 2015 960 2090 994; x_wconf 89' lang='lat' dir='ltr'>etc.</span> 
     </span>
     <span class='ocr_line' id='line_1_64' title="bbox 1126 1009 1751 1063; baseline 0.003 -15"><span class='ocrx_word' id='word_1_396' title='bbox 1126 1009 1202 1048; x_wconf 85' lang='lat' dir='ltr'>Sed</span> <span class='ocrx_word' id='word_1_397' title='bbox 1233 1021 1326 1049; x_wconf 86' lang='lat' dir='ltr'>ecce</span> <span class='ocrx_word' id='word_1_398' title='bbox 1356 1010 1425 1048; x_wconf 85' lang='lat' dir='ltr'>tibi</span> <span class='ocrx_word' id='word_1_399' title='bbox 1456 1010 1543 1060; x_wconf 85' lang='lat' dir='ltr'>ejus</span> <span class='ocrx_word' id='word_1_400' title='bbox 1573 1013 1751 1063; x_wconf 87' lang='lat' dir='ltr'>Scripta:</span> 
     </span>
    </p>

    <p class='ocr_par' dir='ltr' id='par_1_18' title="bbox 1128 1070 2093 1494">
     <span class='ocr_line' id='line_1_65' title="bbox 1178 1070 2092 1124; baseline 0.008 -15"><span class='ocrx_word' id='word_1_401' title='bbox 1178 1070 1259 1110; x_wconf 77' lang='lat' dir='ltr'>Ars</span> <span class='ocrx_word' id='word_1_402' title='bbox 1284 1071 1561 1111; x_wconf 79' lang='lat' dir='ltr'>Grammatica</span> <span class='ocrx_word' id='word_1_403' title='bbox 1580 1078 1769 1113; x_wconf 87' lang='lat' dir='ltr'>contexta</span> <span class='ocrx_word' id='word_1_404' title='bbox 1794 1076 1988 1124; x_wconf 87' lang='lat' dir='ltr'>versibus,</span> <span class='ocrx_word' id='word_1_405' title='bbox 2007 1089 2092 1116; x_wconf 81' lang='lat' dir='ltr'>sac-</span> 
     </span>
     <span class='ocr_line' id='line_1_66' title="bbox 1128 1135 2091 1185; baseline 0.007 -13"><span class='ocrx_word' id='word_1_406' title='bbox 1128 1135 1217 1184; x_wconf 89' lang='lat' dir='ltr'>pius</span> <span class='ocrx_word' id='word_1_407' title='bbox 1245 1145 1394 1173; x_wconf 87' lang='lat' dir='ltr'>excusa</span> <span class='ocrx_word' id='word_1_408' title='bbox 1424 1145 1470 1173; x_wconf 89' lang='lat' dir='ltr'>ac</span> <span class='ocrx_word' id='word_1_409' title='bbox 1513 1137 1649 1185; x_wconf 86' lang='lat' dir='ltr'>pueris</span> <span class='ocrx_word' id='word_1_410' title='bbox 1692 1136 1906 1177; x_wconf 86' lang='lat' dir='ltr'>ediscenda</span> <span class='ocrx_word' id='word_1_411' title='bbox 1949 1140 2091 1179; x_wconf 87' lang='lat' dir='ltr'>tradita</span> 
     </span>
     <span class='ocr_line' id='line_1_67' title="bbox 1128 1197 2092 1251; baseline 0.007 -18"><span class='ocrx_word' id='word_1_412' title='bbox 1128 1198 1164 1234; x_wconf 93' lang='lat' dir='ltr'>in</span> <span class='ocrx_word' id='word_1_413' title='bbox 1197 1198 1380 1247; x_wconf 82' lang='lat' dir='ltr'>Hispania</span> <span class='ocrx_word' id='word_1_414' title='bbox 1401 1226 1409 1243; x_wconf 84' lang='lat'>‚</span> <span class='ocrx_word' id='word_1_415' title='bbox 1432 1197 1727 1236; x_wconf 84' lang='lat' dir='ltr'>Catholicorum</span> <span class='ocrx_word' id='word_1_416' title='bbox 1751 1200 1902 1249; x_wconf 80' lang='lat' dir='ltr'>Regum</span> <span class='ocrx_word' id='word_1_417' title='bbox 1933 1203 2092 1251; x_wconf 84' lang='lat' dir='ltr'>privile-</span> 
     </span>
     <span class='ocr_line' id='line_1_68' title="bbox 1129 1258 2093 1309; baseline 0.005 -13"><span class='ocrx_word' id='word_1_418' title='bbox 1129 1260 1214 1309; x_wconf 83' lang='lat' dir='ltr'>gio,</span> <span class='ocrx_word' id='word_1_419' title='bbox 1246 1263 1289 1297; x_wconf 92' lang='lat' dir='ltr'>ut</span> <span class='ocrx_word' id='word_1_420' title='bbox 1319 1263 1499 1296; x_wconf 89' lang='lat' dir='ltr'>notatum</span> <span class='ocrx_word' id='word_1_421' title='bbox 1544 1258 1700 1297; x_wconf 85' lang='lat' dir='ltr'>Valerio</span> <span class='ocrx_word' id='word_1_422' title='bbox 1729 1260 1914 1299; x_wconf 80' lang='lat' dir='ltr'>Andreae</span> <span class='ocrx_word' id='word_1_423' title='bbox 1945 1263 1981 1299; x_wconf 90' lang='lat' dir='ltr'>in</span> <span class='ocrx_word' id='word_1_424' title='bbox 2020 1264 2093 1301; x_wconf 86' lang='lat' dir='ltr'>Ca-</span> 
     </span>
     <span class='ocr_line' id='line_1_69' title="bbox 1133 1320 2091 1373; baseline 0.005 -15"><span class='ocrx_word' id='word_1_425' title='bbox 1133 1320 1261 1370; x_wconf 84' lang='lat' dir='ltr'>talogo</span> <span class='ocrx_word' id='word_1_426' title='bbox 1290 1322 1528 1370; x_wconf 90' lang='lat' dir='ltr'>scriptorum</span> <span class='ocrx_word' id='word_1_427' title='bbox 1563 1322 1773 1371; x_wconf 88' lang='lat' dir='ltr'>Hispaniae</span> <span class='ocrx_word' id='word_1_428' title='bbox 1803 1334 1888 1373; x_wconf 87' lang='lat' dir='ltr'>pag.</span> <span class='ocrx_word' id='word_1_429' title='bbox 1920 1323 1981 1362; x_wconf 64' lang='lat' dir='ltr'>lh.</span> <span class='ocrx_word' id='word_1_430' title='bbox 2007 1335 2091 1370; x_wconf 65' lang='lat' dir='ltr'>sea.</span> 
     </span>
     <span class='ocr_line' id='line_1_70' title="bbox 1133 1383 2093 1436; baseline 0.005 -17"><span class='ocrx_word' id='word_1_431' title='bbox 1133 1393 1249 1420; x_wconf 87' lang='lat' dir='ltr'>versa</span> <span class='ocrx_word' id='word_1_432' title='bbox 1280 1383 1399 1419; x_wconf 86' lang='lat' dir='ltr'>etiam</span> <span class='ocrx_word' id='word_1_433' title='bbox 1432 1383 1639 1432; x_wconf 74' lang='lat' dir='ltr'>Hispanico</span> <span class='ocrx_word' id='word_1_434' title='bbox 1669 1383 1717 1421; x_wconf 89' lang='lat' dir='ltr'>ab</span> <span class='ocrx_word' id='word_1_435' title='bbox 1746 1389 1906 1423; x_wconf 87' lang='lat' dir='ltr'>auctore</span> <span class='ocrx_word' id='word_1_436' title='bbox 1938 1387 1974 1422; x_wconf 92' lang='lat' dir='ltr'>in</span> <span class='ocrx_word' id='word_1_437' title='bbox 2008 1398 2093 1436; x_wconf 80' lang='lat' dir='ltr'>gra-</span> 
     </span>
     <span class='ocr_line' id='line_1_71' title="bbox 1132 1443 1724 1494; baseline 0.002 -13"><span class='ocrx_word' id='word_1_438' title='bbox 1132 1445 1225 1481; x_wconf 87' lang='lat' dir='ltr'>tiam</span> <span class='ocrx_word' id='word_1_439' title='bbox 1257 1443 1510 1482; x_wconf 71' lang='lat' dir='ltr'>Elisabctliae</span> <span class='ocrx_word' id='word_1_440' title='bbox 1540 1445 1724 1494; x_wconf 80' lang='lat' dir='ltr'>Reginae.</span> 
     </span>
    </p>

    <p class='ocr_par' dir='ltr' id='par_1_19' title="bbox 1126 1504 2092 1994">
     <span class='ocr_line' id='line_1_72' title="bbox 1185 1504 2091 1548; baseline 0.007 -6"><span class='ocrx_word' id='word_1_441' title='bbox 1185 1504 1499 1544; x_wconf 78' lang='lat' dir='ltr'>Introductiones</span> <span class='ocrx_word' id='word_1_442' title='bbox 1516 1505 1556 1544; x_wconf 79' lang='lat' dir='ltr'>in</span> <span class='ocrx_word' id='word_1_443' title='bbox 1577 1506 1758 1544; x_wconf 83' lang='lat' dir='ltr'>Latinam</span> <span class='ocrx_word' id='word_1_444' title='bbox 1779 1507 2091 1548; x_wconf 80' lang='lat' dir='ltr'>Grammati&#39;cam</span> 
     </span>
     <span class='ocr_line' id='line_1_73' title="bbox 1130 1567 2092 1610; baseline 0.004 -4"><span class='ocrx_word' id='word_1_445' title='bbox 1130 1578 1202 1606; x_wconf 88' lang='lat' dir='ltr'>seu</span> <span class='ocrx_word' id='word_1_446' title='bbox 1233 1567 1278 1606; x_wconf 82' lang='lat' dir='ltr'>de</span> <span class='ocrx_word' id='word_1_447' title='bbox 1308 1579 1487 1606; x_wconf 82' lang='lat' dir='ltr'>sermone</span> <span class='ocrx_word' id='word_1_448' title='bbox 1519 1568 1655 1607; x_wconf 79' lang='lat' dir='ltr'>Latino</span> <span class='ocrx_word' id='word_1_449' title='bbox 1685 1569 1770 1608; x_wconf 89' lang='lat' dir='ltr'>libri</span> <span class='ocrx_word' id='word_1_450' title='bbox 1803 1570 1844 1608; x_wconf 88' lang='lat' dir='ltr'>V.</span> <span class='ocrx_word' id='word_1_451' title='bbox 1871 1581 1964 1609; x_wconf 92' lang='lat' dir='ltr'>cum</span> <span class='ocrx_word' id='word_1_452' title='bbox 1985 1582 2092 1610; x_wconf 85' lang='lat' dir='ltr'>com-</span> 
     </span>
     <span class='ocr_line' id='line_1_74' title="bbox 1132 1630 2092 1682; baseline 0.004 -14"><span class='ocrx_word' id='word_1_453' title='bbox 1132 1632 1337 1669; x_wconf 83' lang='lat' dir='ltr'>mentariis</span> <span class='ocrx_word' id='word_1_454' title='bbox 1367 1635 1451 1669; x_wconf 87' lang='lat' dir='ltr'>tum</span> <span class='ocrx_word' id='word_1_455' title='bbox 1496 1630 1656 1669; x_wconf 85' lang='lat' dir='ltr'>Antonii</span> <span class='ocrx_word' id='word_1_456' title='bbox 1704 1633 1854 1682; x_wconf 84' lang='lat' dir='ltr'>ipsius⁷</span> <span class='ocrx_word' id='word_1_457' title='bbox 1885 1638 1968 1671; x_wconf 89' lang='lat' dir='ltr'>tum</span> <span class='ocrx_word' id='word_1_458' title='bbox 2000 1635 2092 1672; x_wconf 90' lang='lat' dir='ltr'>alio-</span> 
     </span>
     <span class='ocr_line' id='line_1_75' title="bbox 1129 1694 2090 1745; baseline 0.004 -15"><span class='ocrx_word' id='word_1_459' title='bbox 1129 1704 1244 1740; x_wconf 76' lang='lat' dir='ltr'>rum,</span> <span class='ocrx_word' id='word_1_460' title='bbox 1275 1695 1393 1731; x_wconf 89' lang='lat' dir='ltr'>ctiam</span> <span class='ocrx_word' id='word_1_461' title='bbox 1423 1694 1579 1732; x_wconf 88' lang='lat' dir='ltr'>Fabiani</span> <span class='ocrx_word' id='word_1_462' title='bbox 1606 1694 1671 1732; x_wconf 82' lang='lat' dir='ltr'>filii</span> <span class='ocrx_word' id='word_1_463' title='bbox 1699 1694 1927 1744; x_wconf 82' lang='lat' dir='ltr'>frequenter</span> <span class='ocrx_word' id='word_1_464' title='bbox 1950 1695 2090 1745; x_wconf 84' lang='lat' dir='ltr'>editae,</span> 
     </span>
     <span class='ocr_line' id='line_1_76' title="bbox 1128 1755 2091 1806; baseline 0.005 -13"><span class='ocrx_word' id='word_1_465' title='bbox 1128 1755 1177 1793; x_wconf 86' lang='lat' dir='ltr'>de</span> <span class='ocrx_word' id='word_1_466' title='bbox 1197 1755 1344 1806; x_wconf 87' lang='lat' dir='ltr'>quibus</span> <span class='ocrx_word' id='word_1_467' title='bbox 1374 1755 1573 1795; x_wconf 89' lang='lat' dir='ltr'>videndus</span> <span class='ocrx_word' id='word_1_468' title='bbox 1603 1755 1686 1795; x_wconf 78' lang='lat' dir='ltr'>Nic.</span> <span class='ocrx_word' id='word_1_469' title='bbox 1712 1757 1910 1796; x_wconf 83' lang='lat' dir='ltr'>Antonius</span> <span class='ocrx_word' id='word_1_470' title='bbox 1934 1763 2028 1796; x_wconf 92' lang='lat' dir='ltr'>tom.</span> <span class='ocrx_word' id='word_1_471' title='bbox 2056 1761 2091 1798; x_wconf 91' lang='grc'><strong>1.</strong></span> 
     </span>
     <span class='ocr_line' id='line_1_77' title="bbox 1126 1818 2092 1870; baseline 0.003 -14"><span class='ocrx_word' id='word_1_472' title='bbox 1126 1818 1224 1856; x_wconf 89' lang='lat' dir='ltr'>Bibl.</span> <span class='ocrx_word' id='word_1_473' title='bbox 1256 1829 1382 1857; x_wconf 88' lang='lat' dir='ltr'>novae</span> <span class='ocrx_word' id='word_1_474' title='bbox 1414 1820 1609 1867; x_wconf 84' lang='lat' dir='ltr'>Hispanae</span> <span class='ocrx_word' id='word_1_475' title='bbox 1640 1830 1725 1869; x_wconf 83' lang='lat' dir='ltr'>pag.</span> <span class='ocrx_word' id='word_1_476' title='bbox 1766 1820 1855 1858; x_wconf 78' lang='grc'><strong>106.</strong></span> <span class='ocrx_word' id='word_1_477' title='bbox 1885 1832 1968 1870; x_wconf 82' lang='lat' dir='ltr'>seq.</span> <span class='ocrx_word' id='word_1_478' title='bbox 2013 1821 2092 1859; x_wconf 75' lang='lat' dir='ltr'>Ad-</span> 
     </span>
     <span class='ocr_line' id='line_1_78' title="bbox 1126 1879 2089 1932; baseline 0.005 -14"><span class='ocrx_word' id='word_1_479' title='bbox 1126 1880 1254 1919; x_wconf 88' lang='lat' dir='ltr'>ditum</span> <span class='ocrx_word' id='word_1_480' title='bbox 1281 1881 1400 1919; x_wconf 87' lang='lat' dir='ltr'>etiam</span> <span class='ocrx_word' id='word_1_481' title='bbox 1422 1891 1599 1932; x_wconf 84' lang='lat' dir='ltr'>parvum</span> <span class='ocrx_word' id='word_1_482' title='bbox 1623 1879 1928 1921; x_wconf 74' lang='lat' dir='ltr'>vocabularium</span> <span class='ocrx_word' id='word_1_483' title='bbox 1946 1894 2089 1923; x_wconf 90' lang='lat' dir='ltr'>vocum</span> 
     </span>
     <span class='ocr_line' id='line_1_79' title="bbox 1130 1943 1898 1994; baseline 0 -13"><span class='ocrx_word' id='word_1_484' title='bbox 1130 1943 1382 1993; x_wconf 83' lang='lat' dir='ltr'>scholasticis</span> <span class='ocrx_word' id='word_1_485' title='bbox 1412 1945 1540 1994; x_wconf 82' lang='lat' dir='ltr'>magis</span> <span class='ocrx_word' id='word_1_486' title='bbox 1570 1946 1898 1983; x_wconf 82' lang='lat' dir='ltr'>necessariarum.</span> 
     </span>
    </p>

    <p class='ocr_par' dir='ltr' id='par_1_20' title="bbox 1119 2005 2092 2243">
     <span class='ocr_line' id='line_1_80' title="bbox 1181 2005 2092 2056; baseline 0.001 -12"><span class='ocrx_word' id='word_1_487' title='bbox 1181 2005 1439 2056; x_wconf 76' lang='lat' dir='ltr'>Repetitiones</span> <span class='ocrx_word' id='word_1_488' title='bbox 1468 2006 1554 2043; x_wconf 85' lang='lat' dir='ltr'>sive</span> <span class='ocrx_word' id='word_1_489' title='bbox 1586 2007 1794 2044; x_wconf 88' lang='lat' dir='ltr'>Lectiones</span> <span class='ocrx_word' id='word_1_490' title='bbox 1823 2006 1977 2054; x_wconf 81' lang='lat' dir='ltr'>decem,</span> <span class='ocrx_word' id='word_1_491' title='bbox 2009 2006 2092 2046; x_wconf 82' lang='lat' dir='ltr'>Sal-</span> 
     </span>
     <span class='ocr_line' id='line_1_81' title="bbox 1121 2068 2092 2120; baseline 0.001 -14"><span class='ocrx_word' id='word_1_492' title='bbox 1121 2070 1320 2107; x_wconf 80' lang='lat' dir='ltr'>manticae</span> <span class='ocrx_word' id='word_1_493' title='bbox 1351 2068 1428 2107; x_wconf 90' lang='lat' dir='ltr'>An.</span> <span class='ocrx_word' id='word_1_494' title='bbox 1455 2068 1571 2107; x_wconf 81' lang='grc'><strong>1507.</strong></span> <span class='ocrx_word' id='word_1_495' title='bbox 1592 2068 1722 2107; x_wconf 79' lang='lat' dir='ltr'>editae</span> <span class='ocrx_word' id='word_1_496' title='bbox 1738 2069 1993 2107; x_wconf 87' lang='lat' dir='ltr'>Grammatici</span> <span class='ocrx_word' id='word_1_497' title='bbox 2012 2070 2092 2120; x_wconf 89' lang='lat' dir='ltr'>ple-</span> 
     </span>
     <span class='ocr_line' id='line_1_82' title="bbox 1119 2132 2091 2182; baseline 0.001 -13"><span class='ocrx_word' id='word_1_498' title='bbox 1119 2141 1267 2180; x_wconf 88' lang='lat' dir='ltr'>raeque</span> <span class='ocrx_word' id='word_1_499' title='bbox 1312 2132 1537 2181; x_wconf 88' lang='lat' dir='ltr'>argumenti</span> <span class='ocrx_word' id='word_1_500' title='bbox 1584 2135 1624 2169; x_wconf 87' lang='lat' dir='ltr'>ct</span> <span class='ocrx_word' id='word_1_501' title='bbox 1666 2136 1807 2178; x_wconf 79' lang='lat' dir='ltr'>sexta,</span> <span class='ocrx_word' id='word_1_502' title='bbox 1838 2133 2007 2182; x_wconf 83' lang='lat' dir='ltr'>septima</span> <span class='ocrx_word' id='word_1_503' title='bbox 2051 2137 2091 2170; x_wconf 88' lang='lat' dir='ltr'>et</span> 
     </span>
     <span class='ocr_line' id='line_1_83' title="bbox 1120 2192 2087 2243; baseline -0.002 -11"><span class='ocrx_word' id='word_1_504' title='bbox 1120 2198 1260 2232; x_wconf 77' lang='lat' dir='ltr'>octava</span> <span class='ocrx_word' id='word_1_505' title='bbox 1278 2192 1327 2231; x_wconf 89' lang='lat' dir='ltr'>de</span> <span class='ocrx_word' id='word_1_506' title='bbox 1347 2194 1561 2236; x_wconf 74' lang='lat' dir='ltr'>mensuris,</span> <span class='ocrx_word' id='word_1_507' title='bbox 1580 2192 1821 2243; x_wconf 85' lang='lat' dir='ltr'>ponderibus</span> <span class='ocrx_word' id='word_1_508' title='bbox 1839 2197 1878 2231; x_wconf 93' lang='lat' dir='ltr'>et</span> <span class='ocrx_word' id='word_1_509' title='bbox 1898 2195 2087 2232; x_wconf 82' lang='lat' dir='ltr'>numeris.</span> 
     </span>
    </p>

    <p class='ocr_par' dir='ltr' id='par_1_21' title="bbox 1116 2253 2089 2418">
     <span class='ocr_line' id='line_1_84' title="bbox 1173 2253 2089 2306; baseline 0.001 -14"><span class='ocrx_word' id='word_1_510' title='bbox 1173 2255 1442 2294; x_wconf 78' lang='lat' dir='ltr'>Institutiones</span> <span class='ocrx_word' id='word_1_511' title='bbox 1470 2253 1632 2305; x_wconf 66' lang='lat' dir='ltr'>linquae</span> <span class='ocrx_word' id='word_1_512' title='bbox 1659 2254 1839 2294; x_wconf 82' lang='lat' dir='ltr'>Graecae</span> <span class='ocrx_word' id='word_1_513' title='bbox 1863 2256 1967 2306; x_wconf 89' lang='lat' dir='ltr'>apud</span> <span class='ocrx_word' id='word_1_514' title='bbox 1989 2256 2089 2294; x_wconf 88' lang='lat' dir='ltr'>Can—</span> 
     </span>
     <span class='ocr_line' id='line_1_85' title="bbox 1117 2316 2089 2360; baseline -0.002 -4"><span class='ocrx_word' id='word_1_515' title='bbox 1117 2318 1253 2356; x_wconf 88' lang='lat' dir='ltr'>tabros</span> <span class='ocrx_word' id='word_1_516' title='bbox 1284 2317 1465 2356; x_wconf 91' lang='lat' dir='ltr'>Lucronii</span> <span class='ocrx_word' id='word_1_517' title='bbox 1499 2316 1660 2360; x_wconf 86' lang='lat' dir='ltr'>editae,</span> <span class='ocrx_word' id='word_1_518' title='bbox 1693 2322 1794 2356; x_wconf 88' lang='lat' dir='ltr'>teste</span> <span class='ocrx_word' id='word_1_519' title='bbox 1824 2318 1981 2356; x_wconf 85' lang='lat' dir='ltr'>Andrea</span> <span class='ocrx_word' id='word_1_520' title='bbox 2017 2318 2089 2355; x_wconf 86' lang='lat' dir='ltr'>Rc-</span> 
     </span>
     <span class='ocr_line' id='line_1_86' title="bbox 1116 2382 1240 2418; baseline 0 0"><span class='ocrx_word' id='word_1_521' title='bbox 1116 2382 1240 2418; x_wconf 87' lang='lat' dir='ltr'>senio.</span> 
     </span>
    </p>

    <p class='ocr_par' dir='ltr' id='par_1_22' title="bbox 1118 2439 2087 2552">
     <span class='ocr_line' id='line_1_87' title="bbox 1173 2439 2087 2491; baseline -0.001 -11"><span class='ocrx_word' id='word_1_522' title='bbox 1173 2440 1448 2480; x_wconf 74' lang='lat' dir='ltr'>Grammatico.</span> <span class='ocrx_word' id='word_1_523' title='bbox 1491 2439 1651 2491; x_wconf 69' lang='lat' dir='ltr'>linquae</span> <span class='ocrx_word' id='word_1_524' title='bbox 1697 2440 1958 2480; x_wconf 79' lang='lat' dir='ltr'>Castellanae.</span> <span class='ocrx_word' id='word_1_525' title='bbox 2003 2442 2087 2480; x_wconf 85' lang='lat' dir='ltr'>Sal-</span> 
     </span>
     <span class='ocr_line' id='line_1_88' title="bbox 1118 2502 1972 2552; baseline -0.002 -11"><span class='ocrx_word' id='word_1_526' title='bbox 1118 2505 1314 2541; x_wconf 82' lang='lat' dir='ltr'>manticae</span> <span class='ocrx_word' id='word_1_527' title='bbox 1346 2503 1460 2542; x_wconf 64' lang='lat'>4492.</span> <span class='ocrx_word' id='word_1_528' title='bbox 1494 2503 1513 2539; x_wconf 73' lang='lat'><strong>4</strong></span> <span class='ocrx_word' id='word_1_529' title='bbox 1559 2502 1768 2552; x_wconf 88' lang='lat' dir='ltr'>Compluti</span> <span class='ocrx_word' id='word_1_530' title='bbox 1803 2503 1904 2540; x_wconf 73' lang='grc'><strong>1517</strong></span> <span class='ocrx_word' id='word_1_531' title='bbox 1935 2503 1972 2541; x_wconf 65' lang='lat'>4.</span> 
     </span>
    </p>

    <p class='ocr_par' dir='ltr' id='par_1_23' title="bbox 1115 2563 2087 3112">
     <span class='ocr_line' id='line_1_89' title="bbox 1170 2563 2087 2613; baseline -0.003 -10"><span class='ocrx_word' id='word_1_532' title='bbox 1170 2563 1461 2602; x_wconf 73' lang='lat' dir='ltr'>Dictz&#39;onarium</span> <span class='ocrx_word' id='word_1_533' title='bbox 1493 2566 1529 2600; x_wconf 88' lang='lat' dir='ltr'>in</span> <span class='ocrx_word' id='word_1_534' title='bbox 1561 2568 1745 2612; x_wconf 86' lang='lat' dir='ltr'>quatuor</span> <span class='ocrx_word' id='word_1_535' title='bbox 1775 2565 1968 2601; x_wconf 86' lang='lat' dir='ltr'>tributum</span> <span class='ocrx_word' id='word_1_536' title='bbox 2000 2575 2087 2613; x_wconf 87' lang='lat' dir='ltr'>par-</span> 
     </span>
     <span class='ocr_line' id='line_1_90' title="bbox 1116 2626 2080 2677; baseline 0.005 -20"><span class='ocrx_word' id='word_1_537' title='bbox 1116 2632 1202 2675; x_wconf 56' lang='lat' dir='ltr'>tes,</span> <span class='ocrx_word' id='word_1_538' title='bbox 1233 2638 1401 2677; x_wconf 79' lang='lat' dir='ltr'>quarum</span> <span class='ocrx_word' id='word_1_539' title='bbox 1444 2626 1579 2676; x_wconf 71' lang='lat' dir='ltr'>prima</span> <span class='ocrx_word' id='word_1_540' title='bbox 1622 2636 1742 2661; x_wconf 81' lang='lat' dir='ltr'>voces</span> <span class='ocrx_word' id='word_1_541' title='bbox 1790 2626 1947 2662; x_wconf 79' lang='lat' dir='ltr'>Latinas</span> <span class='ocrx_word' id='word_1_542' title='bbox 1989 2636 2080 2662; x_wconf 85' lang='lat' dir='ltr'>cum</span> 
     </span>
     <span class='ocr_line' id='line_1_91' title="bbox 1118 2685 2085 2739; baseline -0.005 -12"><span class='ocrx_word' id='word_1_543' title='bbox 1118 2689 1332 2739; x_wconf 84' lang='lat' dir='ltr'>Hispanica</span> <span class='ocrx_word' id='word_1_544' title='bbox 1362 2689 1546 2725; x_wconf 79' lang='lat' dir='ltr'>versione</span> <span class='ocrx_word' id='word_1_545' title='bbox 1571 2686 1764 2724; x_wconf 80' lang='lat' dir='ltr'>exhibet:</span> <span class='ocrx_word' id='word_1_546' title='bbox 1796 2685 1993 2724; x_wconf 81' lang='lat' dir='ltr'>secunda..</span> <span class='ocrx_word' id='word_1_547' title='bbox 2024 2698 2085 2724; x_wconf 67' lang='lat' dir='ltr'>rr·-</span> 
     </span>
     <span class='ocr_line' id='line_1_92' title="bbox 1115 2749 2086 2802; baseline -0.004 -14"><span class='ocrx_word' id='word_1_548' title='bbox 1115 2753 1291 2802; x_wconf 82' lang='lat' dir='ltr'>gionum‚</span> <span class='ocrx_word' id='word_1_549' title='bbox 1323 2749 1494 2791; x_wconf 78' lang='lat' dir='ltr'>urbium,</span> <span class='ocrx_word' id='word_1_550' title='bbox 1527 2749 1739 2795; x_wconf 77' lang='lat' dir='ltr'>montium.</span> <span class='ocrx_word' id='word_1_551' title='bbox 1772 2749 1984 2786; x_wconf 78' lang='lat' dir='ltr'>fluminum</span> <span class='ocrx_word' id='word_1_552' title='bbox 2017 2760 2086 2785; x_wconf 83' lang='lat' dir='ltr'>no-</span> 
     </span>
     <span class='ocr_line' id='line_1_93' title="bbox 1117 2811 2085 2863; baseline -0.003 -12"><span class='ocrx_word' id='word_1_553' title='bbox 1117 2815 1223 2852; x_wconf 88' lang='lat' dir='ltr'>mina</span> <span class='ocrx_word' id='word_1_554' title='bbox 1258 2813 1427 2863; x_wconf 85' lang='lat' dir='ltr'>propria.</span> <span class='ocrx_word' id='word_1_555' title='bbox 1478 2811 1610 2849; x_wconf 72' lang='lat' dir='ltr'>Tertia.</span> <span class='ocrx_word' id='word_1_556' title='bbox 1652 2812 1894 2848; x_wconf 79' lang='lat' dir='ltr'>recentiores</span> <span class='ocrx_word' id='word_1_557' title='bbox 1922 2821 1966 2848; x_wconf 87' lang='lat' dir='ltr'>ac</span> <span class='ocrx_word' id='word_1_558' title='bbox 1997 2811 2085 2848; x_wconf 90' lang='lat' dir='ltr'>vul-</span> 
     </span>
     <span class='ocr_line' id='line_1_94' title="bbox 1116 2871 2085 2927; baseline -0.008 -13"><span class='ocrx_word' id='word_1_559' title='bbox 1116 2887 1231 2927; x_wconf 85' lang='lat' dir='ltr'>gares</span> <span class='ocrx_word' id='word_1_560' title='bbox 1260 2873 1478 2913; x_wconf 79' lang='lat' dir='ltr'>eorundem</span> <span class='ocrx_word' id='word_1_561' title='bbox 1511 2873 1798 2924; x_wconf 77' lang='lat' dir='ltr'>appellationes</span> <span class='ocrx_word' id='word_1_562' title='bbox 1839 2874 1993 2921; x_wconf 76' lang='lat' dir='ltr'>Quarta</span> <span class='ocrx_word' id='word_1_563' title='bbox 2017 2871 2085 2907; x_wconf 73' lang='lat' dir='ltr'>‹lc-</span> 
     </span>
     <span class='ocr_line' id='line_1_95' title="bbox 1115 2934 2083 2988; baseline -0.006 -12"><span class='ocrx_word' id='word_1_564' title='bbox 1115 2940 1235 2988; x_wconf 86' lang='lat' dir='ltr'>niquc</span> <span class='ocrx_word' id='word_1_565' title='bbox 1267 2947 1385 2975; x_wconf 77' lang='lat' dir='ltr'>voces</span> <span class='ocrx_word' id='word_1_566' title='bbox 1417 2936 1651 2986; x_wconf 72' lang='lat' dir='ltr'>Hispanicas</span> <span class='ocrx_word' id='word_1_567' title='bbox 1676 2946 1765 2973; x_wconf 85' lang='lat' dir='ltr'>cnm</span> <span class='ocrx_word' id='word_1_568' title='bbox 1795 2935 1928 2971; x_wconf 73' lang='lat' dir='ltr'>Latina</span> <span class='ocrx_word' id='word_1_569' title='bbox 1963 2934 2083 2971; x_wconf 72' lang='lat' dir='ltr'>inm--</span> 
     </span>
     <span class='ocr_line' id='line_1_96' title="bbox 1116 2996 2080 3052; baseline -0.008 -13"><span class='ocrx_word' id='word_1_570' title='bbox 1116 3001 1352 3052; x_wconf 81' lang='lat' dir='ltr'>pretatione.</span> <span class='ocrx_word' id='word_1_571' title='bbox 1385 3000 1462 3037; x_wconf 89' lang='lat' dir='ltr'>lloc</span> <span class='ocrx_word' id='word_1_572' title='bbox 1489 2999 1771 3036; x_wconf 80' lang='lat' dir='ltr'>Diction.=rium</span> <span class='ocrx_word' id='word_1_573' title='bbox 1800 2997 1889 3046; x_wconf 84' lang='lat' dir='ltr'>plus</span> <span class='ocrx_word' id='word_1_574' title='bbox 1911 2996 2080 3046; x_wconf 82' lang='lat' dir='ltr'>simplici</span> 
     </span>
     <span class='ocr_line' id='line_1_97' title="bbox 1117 3058 2084 3112; baseline -0.004 -13"><span class='ocrx_word' id='word_1_575' title='bbox 1117 3064 1231 3109; x_wconf 90' lang='lat' dir='ltr'>vicc,</span> <span class='ocrx_word' id='word_1_576' title='bbox 1261 3066 1301 3100; x_wconf 91' lang='lat' dir='ltr'>ct</span> <span class='ocrx_word' id='word_1_577' title='bbox 1332 3061 1421 3112; x_wconf 87' lang='lat' dir='ltr'>plus</span> <span class='ocrx_word' id='word_1_578' title='bbox 1450 3071 1567 3109; x_wconf 84' lang='lat' dir='ltr'>quam</span> <span class='ocrx_word' id='word_1_579' title='bbox 1600 3060 1733 3098; x_wconf 79' lang='lat' dir='ltr'>decies</span> <span class='ocrx_word' id='word_1_580' title='bbox 1764 3058 1869 3095; x_wconf 74' lang='lat' dir='ltr'>mille</span> <span class='ocrx_word' id='word_1_581' title='bbox 1910 3058 2084 3095; x_wconf 68' lang='lat' dir='ltr'>vocaliu-</span> 
     </span>
    </p>
   </div>
   <div class='ocr_carea' id='block_1_14' title="bbox 1111 3189 2087 3231">
    <p class='ocr_par' dir='ltr' id='par_1_24' title="bbox 1111 3189 2087 3231">
     <span class='ocr_line' id='line_1_98' title="bbox 1111 3189 2087 3231; baseline -0.005 -5"><span class='ocrx_word' id='word_1_582' title='bbox 1111 3195 1277 3227; x_wconf 73' lang='lat' dir='ltr'>Ambrosii</span> <span class='ocrx_word' id='word_1_583' title='bbox 1306 3192 1455 3231; x_wconf 83' lang='lat' dir='ltr'>Calcpini</span> <span class='ocrx_word' id='word_1_584' title='bbox 1473 3213 1481 3228; x_wconf 83' lang='lat'><em>‚</em></span> <span class='ocrx_word' id='word_1_585' title='bbox 1506 3193 1594 3221; x_wconf 71' lang='lat' dir='ltr'>Petri</span> <span class='ocrx_word' id='word_1_586' title='bbox 1619 3192 1740 3227; x_wconf 79' lang='lat' dir='ltr'>Marsi,</span> <span class='ocrx_word' id='word_1_587' title='bbox 1766 3189 1902 3220; x_wconf 77' lang='lat' dir='ltr'>Antonii</span> <span class='ocrx_word' id='word_1_588' title='bbox 1927 3191 2087 3221; x_wconf 74' lang='lat' dir='ltr'>Minturni</span> 
     </span>
    </p>
   </div>
   <div class='ocr_carea' id='block_1_15' title="bbox 1114 3240 2085 3330">
    <p class='ocr_par' dir='ltr' id='par_1_25' title="bbox 1114 3240 2085 3330">
     <span class='ocr_line' id='line_1_99' title="bbox 1114 3240 1480 3276; baseline -0.016 0"><span class='ocrx_word' id='word_1_589' title='bbox 1114 3249 1146 3276; x_wconf 84' lang='lat' dir='ltr'>et</span> <span class='ocrx_word' id='word_1_590' title='bbox 1170 3243 1318 3275; x_wconf 78' lang='lat' dir='ltr'>Andreae</span> <span class='ocrx_word' id='word_1_591' title='bbox 1346 3240 1480 3272; x_wconf 75' lang='lat' dir='ltr'>Alciati.</span> 
     </span>
     <span class='ocr_line' id='line_1_100' title="bbox 1173 3289 2085 3330; baseline -0.005 -7"><span class='ocrx_word' id='word_1_592' title='bbox 1173 3293 1207 3330; x_wconf 80' lang='lat' dir='ltr'>h)</span> <span class='ocrx_word' id='word_1_593' title='bbox 1233 3293 1329 3322; x_wconf 73' lang='lat' dir='ltr'>vives</span> <span class='ocrx_word' id='word_1_594' title='bbox 1353 3290 1383 3320; x_wconf 70' lang='lat' dir='ltr'>z).</span> <span class='ocrx_word' id='word_1_595' title='bbox 1409 3291 1446 3320; x_wconf 86' lang='lat' dir='ltr'>dc</span> <span class='ocrx_word' id='word_1_596' title='bbox 1465 3290 1574 3320; x_wconf 81' lang='lat' dir='ltr'>causis</span> <span class='ocrx_word' id='word_1_597' title='bbox 1594 3292 1829 3328; x_wconf 78' lang='lat' dir='ltr'>corruptarum</span> <span class='ocrx_word' id='word_1_598' title='bbox 1851 3290 1975 3320; x_wconf 79' lang='lat' dir='ltr'>artium</span> <span class='ocrx_word' id='word_1_599' title='bbox 1995 3297 2027 3328; x_wconf 87' lang='lat' dir='ltr'>p.</span> <span class='ocrx_word' id='word_1_600' title='bbox 2046 3289 2085 3318; x_wconf 72' lang='lat'>7³</span> 
     </span>
    </p>
   </div>
   <div class='ocr_carea' id='block_1_16' title="bbox 1171 3338 1739 3381">
    <p class='ocr_par' dir='ltr' id='par_1_26' title="bbox 1171 3338 1739 3381">
     <span class='ocr_line' id='line_1_101' title="bbox 1171 3338 1739 3381; baseline -0.004 -8"><span class='ocrx_word' id='word_1_601' title='bbox 1171 3342 1203 3381; x_wconf 84' lang='lat' dir='ltr'>a)</span> <span class='ocrx_word' id='word_1_602' title='bbox 1232 3344 1312 3372; x_wconf 80' lang='lat' dir='ltr'>Acta</span> <span class='ocrx_word' id='word_1_603' title='bbox 1336 3339 1437 3371; x_wconf 69' lang='lat' dir='ltr'>Erucl.</span> <span class='ocrx_word' id='word_1_604' title='bbox 1464 3338 1542 3370; x_wconf 75' lang='lat'>1705</span> <span class='ocrx_word' id='word_1_605' title='bbox 1566 3347 1641 3378; x_wconf 83' lang='lat' dir='ltr'>pag.</span> <span class='ocrx_word' id='word_1_606' title='bbox 1663 3338 1739 3371; x_wconf 66' lang='lat'>256.</span> 
     </span>
    </p>
   </div>
  </div>
 </body>
</html>
