2550 4009
811 239 1336 282 MEROBAUDES
2023 237 2077 276 69

129 315 469 360 MEROBAUDES
513 315 713 364 llispanus
760 312 1033 353 Scholasticus

76 384 138 423 cui
178 384 215 420 in
247 380 375 420 Poetis
405 378 644 418 Christianis
673 376 829 426 Georgii
869 376 1032 414 Fabricii

76 456 163 496 pag.
193 442 284 482 763.
315 441 504 479 tribuitur
533 440 704 478 Carmen
737 448 930 477 versuum
963 448 1036 476 un-

77 506 291 555 detriginta
317 502 422 553 quod
450 502 611 551 incipit:

88 566 202 599 Proles
224 572 305 597 vera
327 566 394 595 DE!
420 566 521 596 cunct
537 571 551 594 s
576 563 748 602 antiquior
765 562 879 594 annis.

75 618 280 656 Incertum
306 613 466 652 idemne
487 613 536 652 de
561 624 640 662 quo
666 612 823 650 idacius
844 610 1039 650 Chronico

76 677 126 718 ad
151 678 197 717 A.
219 676 264 716 C.
291 675 380 715 427.
405 672 669 714 Merobaudes
693 676 791 711 nata
814 670 956 711 nobilis
976 702 983 721 ,
1006 676 1043 712 et

75 737 319 791 eloquentiae
340 737 500 784 merito,
525 735 590 775 vel
614 735 792 774 maa-ime
816 734 856 773 in
880 740 1042 785 poema-

77 801 127 841 tis
149 799 280 841 studio
300 797 504 839 veteribus
527 796 845 849 comparandus,
872 800 1043 836 testemo-

76 866 140 902 nio
169 863 288 902 etiam
314 865 526 914 provectus
555 863 795 900 statuarum.
828 860 923 898 Vide
963 861 1042 899 Nic.

74 927 299 966 Antonium
326 925 392 963 lib.
419 925 456 964 3.
481 923 578 962 Bibl.
605 927 685 961 vet.
714 924 874 973 Hispan.
897 934 982 973 cap.
1007 924 1041 961 3.

129 987 385 1027 MEROPlUS
430 987 594 1025 Pontius
622 984 789 1024 Anicius
826 985 1041 1032 Paulinus,

77 1050 176 1088 infra
195 1078 204 1096 ‚
234 1046 500 1088 PAULINUS.

127 1109 466 1149 Bartholomaeus
503 1108 737 1156 MERULA,
780 1109 1040 1156 Mantuanus,

76 1173 374 1213 Protonotarius
394 1171 661 1222 Apostolicus‚
680 1171 840 1221 scripsit
856 1170 903 1209 ad
923 1172 1043 1209 Fran-

81 1238 236 1275 ciscum
255 1233 414 1284 Georgii
445 1231 847 1278 Cornelii‚Senat0ris
872 1232 1041 1280 Veneti,

77 1298 251 1348 Reginae
281 1295 404 1346 Cypri
437 1294 571 1332 fratris
597 1293 722 1332 filium
747 1304 852 1332 circa
880 1294 1041 1332 Annum

80 1358 196 1400 4499.
237 1357 548 1397 commentarios
585 1355 626 1394 in
664 1355 798 1394 Ovidii
834 1354 957 1394 libros
998 1355 1044 1393 de

75 1419 311 1462 amoribus:
335 1418 487 1459 Deinde
513 1418 561 1457 ad
589 1418 762 1457 eundem
788 1420 837 1457 M.
866 1418 1044 1456 Corneli-

75 1496 144 1524 um
171 1484 255 1537 jam
286 1480 541 1523 Cardinalem
567 1485 607 1519 et
638 1480 907 1519 patriarcham
939 1480 1045 1519 CPo-

77 1547 274 1595 litanum,
297 1556 417 1596 quem
444 1543 698 1593 eloquentiae
725 1543 949 1593 praeceptis
975 1543 1046 1580 im-

76 1609 244 1657 buerat,
282 1607 558 1647 enarrationes
587 1605 627 1644 in
659 1604 844 1644 Ovidium
874 1604 920 1642 de
963 1604 1047 1642 Tri-

76 1669 230 1720 stibus,
260 1674 301 1709 et
329 1669 376 1708 A.
403 1667 521 1710 4497.
548 1669 586 1706 in
612 1667 734 1706 libros
759 1666 805 1705 a'e
832 1668 976 1715 Ponto,
1007 1671 1047 1706 et

78 1733 127 1773 ad
158 1734 415 1772 Franciscum
448 1731 605 1782 Georgii
630 1731 803 1769 Cornelii
829 1731 978 1780 equitis
1007 1734 1047 1768 et

79 1795 297 1835 decemviri
332 1795 456 1834 filium
481 1795 520 1832 in
546 1794 667 1832 libros
692 1792 738 1831 cle
766 1796 855 1831 arte
885 1792 1052 1832 amandi

81 1861 121 1896 et
140 1856 188 1896 a'e
211 1855 385 1896 remedio
408 1856 576 1894 amoris.
601 1855 808 1895 Mediolan.
836 1855 954 1895 4540.
981 1855 1043 1893 fol.

82 1924 126 1960 ut
151 1921 398 1959 recentiores
430 1918 628 1957 editiones
665 1922 926 1970 praeteream.
958 1917 1048 1966 (246

79 1983 154 2021 Est
183 1981 278 2020 mihi
301 1980 445 2029 editio,
472 1981 611 2032 ignoro
648 1993 698 2020 an
740 1983 927 2032 princeps
952 1991 1049 2019 cusa

81 2044 287 2092 venet-iis,
316 2044 515 2082 Facuinus
555 2042 671 2083 4506.
705 2044 770 2082 fol.
797 2044 863 2082 ubi
892 2045 1051 2082 Franci-

85 2117 184 2145 scus
209 2117 287 2144 non
313 2107 471 2144 Marcus
493 2117 639 2144 nomen
663 2106 863 2154 Cornelii.)

134 2166 342 2207 Bernardi
379 2168 604 2208 MERULAE
648 2169 962 2207 commentarios
1010 2168 1050 2206 in

85 2229 340 2280 Vitruvium,
370 2241 472 2280 quos
503 2242 573 2281 per
598 2231 772 2281 plagium
805 2231 878 2269 sibi
911 2229 1045 2269 vendi-

81 2303 172 2332 care
203 2293 376 2332 voluerit
413 2293 666 2332 Guadentius
704 2295 880 2342 Merula,
913 2293 1048 2332 laudat

79 2355 281 2395 Antonius
317 2354 557 2407 Majoragius
603 2356 640 2393 in
680 2356 870 2407 Apologia
908 2360 1045 2394 contra

79 2416 353 2457 Gaudentium
384 2428 470 2468 pag.
502 2418 568 2456 29.
607 2423 648 2456 et
684 2418 976 2458 Annotationes
1009 2420 1045 2456 in

80 2480 310 2520 Vitruvium
341 2481 445 2518 inter
469 2478 672 2518 Gaudenti
696 2481 869 2519 Merulae
900 2482 1047 2530 scripta

83 2542 208 2580 refert
233 2541 443 2580 Simlerus.

136 2601 384 2642 Gaudentius
428 2601 638 2641 MERULA
678 2603 936 2641 Novariensis
974 2603 1049 2640 sub

82 2665 222 2705 eadem
265 2666 346 2704 fere
383 2670 563 2716 tempora
596 2665 858 2703 inclarescere
895 2667 1047 2715 coepit,

8 2774 13 2776 ,
84 2727 204 2779 cujus
242 2728 329 2767 libri
372 2732 454 2767 tres
482 2727 529 2766 de
556 2726 791 2778 antiquitate
827 2731 866 2765 et
900 2726 1050 2777 oriqine

85 2789 297 2829 Gallorum
349 2789 637 2841 cisalpinorum
691 2789 871 2839 prodiere
927 2790 1048 2839 [υς-ἢὸ.

85 2853 202 2891 4536.
239 2857 362 2902 atqne
396 2864 488 2891 eum
516 2850 682 2903 querela
723 2851 964 2902 apoloqetica
1000 2854 1045 2891 A.

85 2914 201 2953 4537.
239 2915 446 2954 Mediolani
489 2916 665 2964 scripta,
698 2915 827 2952 recusi
868 2916 1048 2963 Bergomi

91 2976 207 3015 4592.
241 2977 277 3014 8.
305 2976 395 3014 inde
423 2978 459 3013 in
486 2975 668 3014 Andreae
690 2976 840 3014 Scliolti
869 2978 976 3016 ltalia
1009 2979 1049 3016 il-

81 3038 278 3087 lustrata,
311 3038 488 3077 Francos.
517 3038 634 3076 4600.
661 3038 723 3076 fol.
748 3044 788 3077 et
821 3041 856 3076 in
890 3041 1046 3078 Graevii

83 3100 272 3141 thesauro
295 3099 595 3151 Antiquitatum
624 3101 758 3140 ltaliae
784 3103 826 3140 T.
854 3105 888 3142 l.
923 3103 1043 3153 Lugd.

22 3197 26 3201 .
81 3163 167 3202 Bat.
191 3162 309 3202 4704.
338 3163 401 3202 fol.
427 3162 618 3213 Ejusdem
642 3163 820 3202 Merulae
850 3175 1046 3202 memora-

81 3222 221 3264 bilium
247 3224 346 3264 libri
366 3225 540 3277 quinque
566 3226 688 3275 Lugd.
720 3227 833 3264 ⁴:556.
861 3228 917 3265 De
957 3228 1043 3266 aliis

86 3287 192 3326 illius
212 3289 373 3339 scriptis
392 3288 480 3326 vide
498 3290 528 3326 si
548 3288 673 3338 placet
693 3288 918 3327 Simlerum.
943 3289 1045 3340 Apo-

81 3349 181 3401 logia
211 3362 331 3401 quam
362 3351 441 3390 dixi
474 3349 669 3401 Majoragii
704 3352 739 3388 in
770 3350 1039 3390 Gaudentium

1108 311 1298 350 Merulam
1321 340 1329 358 ,
1355 321 1432 349 una
1456 320 1548 348 cum
1574 307 1663 358 ejus
1686 307 1874 346 Oratione
1896 307 1945 346 de
1969 318 2066 346 auro

1111 373 1253 425 prodiit
1285 371 1487 422 Ultrajecti
1519 371 1634 410 4660.
1668 371 1703 409 4.
1733 382 1812 421 qua
1843 370 2019 409 declarat
2049 371 2070 407 a

1110 447 1152 474 sc
1192 436 1354 473 minime
1394 434 1613 483 relegatum
1638 444 1728 472 esse
1755 433 1987 471 Ciceronem
2027 443 2073 471 ac

1111 498 1370 544 Terentium,
1403 500 1446 534 ut
1473 496 1535 533 ille
1562 497 1732 534 tinxerat
1758 497 1794 533 in
1822 494 2000 545 dialogo:
2033 499 2075 533 et

1112 563 1276 599 centum
1306 559 1478 608 amplius
1502 557 1590 607 ejus
1614 569 1770 596 errores
1797 561 1907 596 notat
1935 562 2074 596 contra

1115 623 1304 661 usitatam
1330 620 1508 659 Ciceroni
1535 630 1580 657 ac
1605 621 1790 658 Terentio
1815 619 2071 657 locutionem.

1171 681 1365 733 Georqius
1394 681 1628 729 MERULA,
1661 680 1959 720 Alexandrinus
1989 682 2078 720 Sta—

1118 746 1296 784 tielensis
1331 746 1366 782 in
1399 743 1547 781 ditione
1584 743 1893 789 Mediolanensi,
1924 744 2082 781 Franci-

1118 809 1173 846 sci
1206 805 1381 856 Philephi
1410 804 1478 843 sed
1506 816 1644 855 parum
1671 809 1808 855 gratus
1837 805 2080 855 discipulus,

1121 873 1354 920 praeceptor
1375 868 1547 906 Tristani
1574 866 1707 905 Chalci
1729 895 1735 911 ,
1758 878 1876 916 quem
1898 879 1974 904 non
2001 878 2083 905 ma-

1126 933 1186 982 gis
1208 934 1365 981 gratum
1394 929 1466 968 suit
1491 933 1697 979 expertus.
1724 927 1992 967 Ilumaniores
2022 929 2084 967 lit·

1125 999 1232 1031 teras
1261 1003 1353 1031 cum
1385 990 1502 1029 laude
1527 1002 1597 1041 per
1622 991 1770 1029 multos
1793 1002 1920 1029 annos
1949 990 2083 1029 docuit

1120 1055 1324 1101 Venetiis,
1350 1057 1390 1091 et
1414 1053 1462 1091 ab
1487 1052 1530 1090 A.
1559 1051 1675 1091 4482.
1700 1051 1933 1101 Mediolani,
1959 1052 2083 1090 diem-

1116 1128 1193 1167 que
1213 1116 1307 1154 obiit
1329 1115 1376 1154 A.
1405 1114 1505 1153 4494
1533 1113 1656 1164 major
1680 1117 1996 1164 septuagenario.
2023 1117 2075 1153 lie.

1118 1191 1163 1218 eo
1185 1183 1343 1230 praeter
1360 1178 1594 1216 Politianum
1608 1177 1704 1214 libro
1715 1178 1984 1227 Epistolarum
2008 1189 2080 1216 un-

1119 1240 1274 1279 decimo
1292 1270 1300 1289 ,
1318 1240 1476 1278 Jovium
1498 1240 1790 1289 ,Vossiumque
1811 1250 1855 1277 ac
1876 1239 2082 1278 (ihilinum

1119 1303 1272 1341 consuli
1293 1307 1464 1352 possunt
1483 1306 1667 1340 auctores
1688 1301 1832 1339 eruditi
1855 1301 1973 1340 Diarii
1992 1313 2083 1340 eru-

1120 1364 1294 1402 ditorum
1324 1364 1458 1402 ltaliae
1481 1364 1524 1400 T.
1550 1364 1672 1401 XVII.
1696 1374 1732 1412 p.
1758 1363 1847 1401 294.
1875 1374 1958 1412 seq.
1987 1368 2027 1401 et
2053 1367 2081 1401 t.

1123 1426 1260 1464 XVlll·
1293 1437 1330 1475 p.
1363 1426 1453 1463 334.
1485 1427 1524 1463 Β.
1554 1426 1610 1462 Jo.
1639 1425 1847 1462 [fflubnerus
1878 1430 2013 1463 noster
2043 1427 2079 1462 in

1121 1487 1220 1526 Bibl.
1252 1487 1439 1525 historica
1483 1486 1773 1536 [lamburgensi
1813 1487 1976 1524 Centur.
2020 1487 2082 1525 Vl.

1122 1560 1212 1600 pag.
1235 1549 1301 1588 26.
1326 1553 1366 1587 et
1391 1549 1610 1587 Niceronus
1633 1552 1740 1585 tomo
1767 1549 1846 1586 Vll.
1878 1551 2084 1587 memoria-

1125 1622 1212 1649 rum
1231 1611 1280 1649 de
1299 1611 1397 1648 viris
1418 1609 1587 1648 eruditis
1605 1621 1690 1660 pag.
1711 1610 1772 1647 86.
1797 1621 1878 1660 seq.
1904 1610 1966 1648 ubi
1991 1612 2085 1649 scri-

1126 1677 1192 1723 pta
1222 1673 1342 1711 etiam
1368 1677 1408 1710 et
1432 1673 1670 1722 scriptorum
1698 1672 1894 1710 editiones
1924 1684 2086 1712 accura-

1127 1739 1166 1773 te
1198 1735 1440 1773 referuntur.
1465 1735 1520 1773 Ea
1547 1735 1715 1772 strictim
1743 1734 1764 1772 a
1791 1746 1853 1773 me
1875 1737 2086 1774 memorari

1127 1799 1226 1836 satis
1273 1798 1415 1845 fuerit,
1461 1802 1581 1847 atque
1629 1798 1808 1847 inprimis
1850 1798 2086 1836 celebranda

1120 1871 1239 1909 opera
1267 1872 1385 1911 quam
1410 1861 1447 1897 in
1475 1864 1660 1897 veterum
1686 1860 1846 1909 scriptis
1870 1860 2087 1899 emendan-

1125 1922 1187 1961 dis
1217 1928 1337 1972 atque
1370 1921 1619 1960 illustrandis
1650 1923 1807 1971 posuit,
1839 1922 1874 1959 in
1918 1921 2085 1971 Plauto,

1126 1983 1392 2036 scriptoribus
1422 1983 1485 2022 rei
1512 1983 1713 2031 rusticae,
1746 1984 1904 2034 Virgilio
1945 1985 2085 2023 Plinio-

1127 2059 1230 2098 que.
1258 2046 1463 2087 Ciceronis
1485 2044 1601 2084 libris
1621 2044 1667 2084 de
1687 2043 1834 2096 finibus
1852 2075 1859 2094 ,
1882 2044 2087 2084 Declama-

1128 2108 1299 2148 tionibus
1331 2107 1592 2158 Quintiliani,
1616 2107 1815 2156 Ausonio,
1841 2113 1880 2146 et
1904 2119 2005 2158 quos
2034 2119 2082 2146 ex

1125 2172 1370 2211 Bibliotheca
1402 2171 1587 2210 Bobiensi
1618 2172 1721 2209 eruit
1753 2169 1852 2208 Velio
1882 2171 2010 2220 Lonyo
2040 2170 2088 2207 de

1124 2233 1417 2285 Orthographia
1437 2263 1445 2281 ,
1467 2237 1507 2271 et
1537 2232 1768 2271 Terentiano
1793 2233 1936 2270 Mauro
1955 2245 1962 2269 :
1986 2233 2086 2269 Tum

1125 2297 1428 2335 commentariis
1459 2297 1495 2332 in
1531 2295 1735 2334 Ciceronis
1767 2293 1994 2332 Orationem
2012 2305 2088 2344 pro

1126 2358 1286 2409 Liyarzo
1329 2361 1364 2396 et
1404 2355 1622 2408 Epistolam
1646 2355 1701 2393 acl
1724 2354 1931 2394 Lentulum
1955 2356 2022 2393 lib.
2052 2357 2084 2393 l.

1124 2422 1255 2471 Epist.
1295 2421 1331 2458 9.
1372 2421 1409 2457 in
1436 2419 1609 2457 Statium
1634 2423 1727 2456 item
1753 2423 1793 2455 et
1832 2418 1978 2468 quibus
2017 2418 2088 2453 ini-

1124 2484 1303 2532 quiorem
1344 2493 1387 2520 se
1425 2482 1595 2520 Domitio
1626 2480 1835 2520 Calderino
1875 2479 2082 2529 praebuit,

1125 2544 1165 2582 in
1184 2542 1415 2582 Juvenalem
1436 2555 1481 2582 ac
1502 2541 1740 2581 Martialem.
1762 2540 2085 2579 Animadversio-

1127 2605 1245 2644 nibus
1276 2605 1450 2654 denique.
1482 2605 1517 2641 in
1558 2602 1777 2640 GALEOTI
1808 2602 1932 2639 Martii
1965 2601 2085 2639 libros

1125 2667 1172 2705 de
1203 2667 1389 2712 homine,
1415 2665 1463 2703 de
1489 2665 1636 2715 quibus
1661 2674 1780 2714 supra
1807 2668 1900 2700 torn.
1930 2663 1964 2700 3.
1997 2674 2082 2713 pag.

1126 2730 1162 2766 8.
1186 2730 1314 2767 Vertit
1354 2729 1474 2766 etiam
1511 2739 1559 2765 ex
1584 2724 1778 2777 Xiphilino
1803 2726 1930 2762 Vitam
1960 2726 2085 2774 impe-

1126 2796 1300 2829 ratorum
1322 2789 1680 2836 lladrianifflervae
1701 2793 1741 2825 et
1761 2787 1915 2837 Trajani
1935 2792 1993 2824 :et
2017 2787 2084 2824 de—

1126 2854 1385 2903 scriptionem
1428 2851 1707 2889 Montisserrati
1738 2855 1777 2887 et
1814 2850 2085 2898 conflagratio-

1127 2926 1217 2953 nem
1238 2915 1380 2953 Vesevi
1403 2912 1650 2952 rnontis.Sed
1671 2913 1920 2962 praeeipuam
1940 2913 2083 2956 ineenii

1127 2978 1283 3017 laudeni
1325 2977 1413 3015 tulit
1454 2976 1613 3025 scriptis
1643 2975 1847 3023 eleg-‘anter
1885 2972 1997 3010 libris
2043 2973 2082 3010 Χ.

1126 3040 1388 3091 Antz'quitatas
1415 3037 1689 3076 i'icecomitum
1710 3035 2058 3074 ‚llerle'olanorisium
2076 3067 2083 3074 .

1124 3104 1172 3142 al)
1192 3105 1342 3153 origine
1363 3101 1475 3139 [eris
1493 3111 1620 3149 usque
1639 3099 1684 3136 aid
1709 3099 1754 3136 A.
1780 3100 1891 3136 1323.
1909 3099 1973 3147 qui
1996 3103 2080 3148 post

1123 3165 1318 3203 editiones
1349 3164 1449 3203 duas
1474 3161 1790 3200 Mediolanenses
1814 3166 1854 3198 et
1884 3160 1986 3198 duas
2017 3162 2084 3198 l‘a-

1122 3228 1312 3264 risienses
1345 3224 1526 3275 prodiere
1559 3224 1595 3260 in
1623 3227 1729 3259 tomo
1760 3224 1875 3260 tertio
1906 3223 2081 3261 thesauri

1120 3289 1415 3338 Antiquitatum
1444 3285 1578 3323 ltaliae
1604 3286 1820 3324 (lraeviani
1850 3285 1972 3335 Lugd.
2001 3288 2083 3323 liat.

1122 3352 1236 3391 4704.
1264 3351 1325 3389 fol.
1351 3351 1501 3388 omissa
1528 3359 1647 3397 quani
1675 3349 1803 3400 prima
1834 3347 1953 3386 editio
1973 3348 2082 3385 exhi-
