2517 4009
852 233 1354 279 WOLFHERIUS

77 315 119 353 et
149 309 354 362 Carmina,
384 313 488 350 teste
518 309 737 350 Trithemio
775 310 824 351 de
875 314 971 351 viris
1002 312 1045 351 il-

81 374 277 415 lustribus
298 373 523 413 Germanis.
545 372 658 413 Adde
679 373 887 413 Mabillcnii
904 374 1048 414 Obser-

81 439 264 478 vationes
293 437 475 488 praevias
506 448 546 487 p.
574 436 663 475 675.
695 440 735 475 et
772 439 1042 477 Possevinum

79 505 187 540 tomo
217 499 265 539 ΙΙ.
295 500 523 550 Apparatus
554 511 589 550 p.
622 497 713 537 5⁷49.

159 561 521 610 WOLFHERRUS,
543 562 580 599 in
608 560 817 601 Altahensi
843 566 1045 602 monaste-

82 625 138 665 rio
166 623 388 673 educatus,
419 628 459 662 et
489 624 711 675 discipulus
740 624 782 663 S.
823 624 1047 664 Godehardi

79 686 266 739 Episcopi
292 685 649 726 llildesheimensis
679 699 758 728 sec.
792 689 857 727 XI.
880 688 1047 738 Scripsit

88 750 216 791 Vitam
244 751 284 791 S.
318 748 571 800 aedwardi,
616 752 797 802 magistri
826 751 913 799 sui,
943 761 1047 801 quae

80 813 186 854 edita
214 817 278 853 est
307 815 480 865 primum
511 814 586 853 sub
616 814 750 865 spurio
778 812 950 853 Arnoldi
980 824 1047 852 no-

82 876 214 924 mine,
244 877 312 927 qui
343 887 431 915 eam
462 876 720 928 Menqhardo
767 876 995 923 dedicavit,
1026 887 1048 915 a

77 941 270 980 Browero
300 940 403 978 inter
432 938 568 979 Sidera
599 939 850 988 Germaniae,
869 944 909 978 et
934 941 1048 979 Surio

82 1001 120 1041 d.
150 1001 175 1040 lr-
204 1002 305 1052 Maji,
335 1007 469 1053 postea
491 1013 582 1041 cum
607 1002 816 1042 Codicibus
841 1003 949 1042 MSS.
972 1002 1051 1041 col-

82 1066 160 1105 lata
191 1069 231 1104 et
261 1076 355 1104 vero
384 1066 535 1105 auctori
567 1066 753 1104 restituta
785 1077 806 1104 a
837 1065 1049 1104 Godefrido

83 1127 337 1169 Henschenio
368 1128 406 1166 in
437 1126 549 1166 Actis
585 1128 822 1167 Sanctorum
871 1132 977 1167 torno
1022 1128 1051 1167 Ι.

83 1190 173 1242 Maji
203 1202 241 1241 p.
271 1189 363 1230 502.
395 1202 417 1229 a
446 1190 669 1229 Mabillonio
689 1202 781 1230 cum
807 1190 1052 1230 observatio-

85 1253 204 1293 nibus
252 1253 427 1304 praeviis
474 1253 620 1308 Secula
672 1254 737 1294 VI.
795 1253 1052 1293 Benedictino

85 1319 189 1366 part.
219 1315 256 1355 1.
285 1328 325 1365 p.
353 1315 445 1356 395.
475 1315 639 1355 tandem
670 1328 692 1356 a
723 1316 915 1355 Leibnitio
952 1317 1056 1354 inter

86 1379 309 1430 Scriptores
338 1379 658 1418 Brunsuicenses
688 1382 784 1418 tom.
813 1380 841 1418 Ι.
867 1392 904 1429 p.
935 1378 1027 1418 482.

144 1441 311 1492 Scripsit
341 1452 500 1492 quoque
535 1440 660 1480 Vitam
690 1442 730 1480 S.
762 1439 966 1488 Guntheri,
989 1451 1056 1478 no-

92 1503 183 1543 bilis
197 1503 400 1554 Thuringi,
418 1504 618 1543 Eremitae
631 1502 747 1554 juxta
769 1502 1054 1542 monasterium

87 1566 320 1616 Altahense,
350 1578 471 1617 quam
504 1566 628 1605 edidit
653 1566 842 1605 Canisius
861 1569 967 1604 tomo
990 1565 1054 1604 ΙΙΙ.

88 1633 201 1681 parte
232 1631 266 1669 1.
292 1641 328 1680 p.
360 1628 450 1668 183.
481 1629 624 1668 Surius
665 1628 703 1668 d.
739 1629 764 1668 9
794 1629 881 1669 Oct.
923 1628 1058 1667 Mabil-

93 1691 225 1732 lonius
255 1691 340 1731 loco
369 1692 490 1731 citato
521 1704 557 1742 p.
587 1690 677 1731 475.
708 1691 828 1732 Hunc
853 1696 988 1731 autem
1014 1692 1057 1731 il-

94 1753 172 1794 lius
203 1754 308 1793 vitae
337 1759 543 1803 auctorem
576 1766 665 1793 esse
697 1759 784 1793 tum
808 1754 927 1793 stilus
951 1765 1057 1794 com-

91 1817 254 1868 probat,
284 1821 372 1857 tum
403 1818 552 1866 etiam,
584 1817 689 1868 quod
721 1828 793 1856 sex
837 1818 964 1868 priora
995 1828 1058 1857 ca-

95 1880 176 1930 pita
196 1879 301 1918 illius
319 1891 369 1919 ex
385 1881 465 1918 vita
478 1877 750 1918 S.Godehardi
769 1881 934 1930 repetita
951 1884 1058 1919 sunt.

150 1940 480 1991 WOLSTANUS‚
507 1942 632 1992 patria
663 1943 965 1989 Wintoniensis,
989 1944 1059 1981 ibi-

88 2002 180 2044 dem
232 2004 454 2043 monachus
501 2004 787 2044 Benedictinus
835 2009 875 2043 et
920 2010 1058 2044 cantor

93 2068 196 2106 circa
218 2078 254 2106 a.
281 2066 397 2106 1000.
420 2067 575 2118 Scripta
601 2069 689 2118 eJus
709 2072 816 2118 sunt,
838 2066 885 2106 de
906 2069 945 2108 S.
968 2068 1058 2108 Sui-

98 2127 212 2169 thum'
232 2129 494 2170 translatione
519 2134 556 2170 et
573 2129 797 2175 miraculis,
825 2130 909 2170 vita
930 2130 1061 2170 Ethel-

97 2192 219 2232 weldi
242 2193 440 2245 Episcopi,
473 2194 554 2233 vita
587 2191 822 2233 Ethelwoldi
856 2193 984 2245 Reyis.
1014 2194 1061 2234 de

98 2259 280 2294 tonorum
309 2254 534 2295 harmonia.
566 2256 766 2295 Lelandus
805 2268 839 2295 c.
872 2257 961 2296 426.
990 2259 1062 2296 Ba-

97 2317 210 2357 laeus
238 2319 354 2358 Cent.
384 2319 431 2357 ΙΙ.
460 2318 525 2358 Ιι1.
554 2321 713 2358 Pitseus
757 2330 793 2358 c.
837 2318 924 2358 154.
978 2319 1064 2358 Vita

95 2379 289 2421 Suithurzi
317 2381 483 2419 metrice
521 2381 625 2420 edita
671 2385 732 2420 est
775 2393 797 2419 a
842 2382 1064 2421 Mabillonio

97 2455 178 2484 sec.
208 2444 252 2484 V.
272 2442 418 2482 Bened.
451 2455 487 2495 p.
517 2441 608 2482 628.
640 2447 680 2482 et
709 2448 803 2482 tom.
835 2443 863 2481 Ι.
894 2443 1065 2495 Augusti

96 2519 135 2559 p.
154 2505 217 2546 98.
248 2507 336 2548 Vita
357 2517 451 2546 vero
475 2501 717 2545 Ethelwoldi
740 2505 926 2557 Episcopi
949 2518 969 2545 a
992 2507 1065 2546 Su-

96 2571 153 2610 rio
181 2569 220 2609 d.
251 2571 265 2610 1
304 2570 405 2621 Aug.
430 2568 478 2608 ab
499 2568 637 2607 eodem
664 2568 886 2607 Mabillonio
913 2581 947 2619 p.
974 2569 1066 2607 606.

97 2643 172 2672 nec
201 2643 278 2671 non
308 2633 348 2671 in
379 2632 490 2672 Actis
520 2632 760 2671 Sanctorum
795 2635 889 2670 tom.
927 2632 956 2670 1.
985 2630 1066 2670 Au-

98 2697 204 2747 gusti
235 2707 272 2746 p.
293 2695 359 2735 88.

153 2757 266 2797 Adde
294 2759 355 2798 Jo.
384 2758 539 2798 Pinium
572 2758 611 2795 iu
643 2757 872 2797 Comment.
903 2757 1063 2808 praevio

99 2819 148 2861 ad
180 2821 303 2860 vitam
334 2821 374 2861 S.
405 2820 624 2868 Suithuni,
657 2824 763 2859 tomo
807 2821 834 2859 Ι.
880 2819 971 2858 Julii
1002 2832 1068 2871 pa-

100 2884 190 2936 gina
220 2883 311 2924 321.
341 2883 434 2924 324.
471 2881 715 2936 Wolftanum
746 2886 862 2921 vocat
882 2882 1066 2922 Oudinus

99 2950 196 2987 tom.
226 2947 272 2986 11.
315 2959 354 2999 p.
400 2947 492 2988 500.
521 2952 562 2986 et
591 2957 683 2986 cum
713 2946 820 2998 Lupo
849 2946 1063 2985 convenire

99 3019 309 3062 perperam
339 3009 476 3049 tradit.

155 3072 194 3112 S.
224 3070 557 3121 WOLSTANUS,
589 3071 900 3123 wigorniensis,
933 3082 1068 3110 mona-

99 3134 203 3174 chus
231 3139 272 3174 et
302 3137 410 3175 Prior
439 3135 589 3174 ordinis
620 3135 660 3173 S.
690 3133 889 3173 Benedicti
917 3134 954 3171 in
980 3145 1067 3173 coe-

103 3197 217 3236 nobio
262 3198 302 3237 S.
346 3199 495 3250 Burgi,
527 3201 616 3249 post
646 3197 777 3235 Abbas
807 3196 1064 3244 Glavorniae‚

103 3258 268 3299 tandem
297 3260 520 3312 Episcopus
550 3259 839 3310 wigorniensis
867 3259 962 3297 obiit
998 3270 1066 3298 an-

103 3332 154 3361 no
183 3322 300 3364 ⁴095.
328 3324 502 3376 Reliquit
524 3321 807 3363 Homiliarium
826 3324 863 3360 et
882 3320 1065 3361 Admoni-

104 3381 226 3424 tiones
253 3384 308 3425 ad
335 3384 527 3428 diversos.
553 3386 709 3426 Pitseus
737 3395 770 3422 c.
804 3382 891 3422 474.

1174 308 1460 351 WOLTERUS
1489 308 1536 348 de
1558 307 1729 360 Βνιιῃίε,
1757 308 1847 348 vide
1880 320 2002 360 supra
2030 309 2075 347 li-

1122 373 1191 412 bro
1208 374 1272 412 111.
1290 372 1391 412 adde
1407 372 1554 411 Willoti
1572 371 1754 411 Athenas
1773 371 1938 411 sodalitii
1963 372 2082 411 Fran·

1123 436 1271 474 ciscani
1302 447 1337 485 p.
1370 436 1462 474 339.

1175 498 1440 537 WOPERIUS
1462 499 1792 548 Remsmaqestus,
1812 498 1919 536 Prior
1941 509 2084 537 coeno-

1119 560 1170 600 bii
1197 560 1478 607 Thaborensis‚
1507 560 1665 599 Frz'siae
1697 559 1919 600 Chronicon
1945 565 2081 611 poste.-

1120 624 1175 662 ris
1204 624 1376 674 reliquit,
1409 622 1513 673 qnod
1546 623 1583 660 in
1614 623 1776 662 Alberto
1813 624 1965 662 Bavaro
1996 623 2085 662 liol-

1120 684 1275 724 landiae
1305 686 1458 725 Comite
1488 684 1647 723 desinit.
1678 685 1823 723 Exstat
1852 686 1981 736 llagae
2012 685 2087 726 Co-

1121 748 1230 786 mitis
1258 746 1362 798 apud
1394 747 1623 787 Cornelium
1655 748 1830 786 Dunium
1860 748 1927 788 JC.
1982 749 2086 787 Haec

1120 810 1213 850 Ant.
1245 809 1449 849 Sanderus
1481 810 1518 847 in
1544 810 1643 849 Bibl.
1674 810 1829 860 Belgica
1861 811 2088 849 manuscri-

1122 877 1187 925 pta
1218 874 1246 912 1.
1277 885 1314 924 p.
1343 872 1407 911 27.
1438 872 1642 912 Laudatus
1672 877 1806 911 autem
1848 872 2083 911 IIollandiae

1123 937 1294 985 Comes,
1325 936 1419 974 obiit
1449 947 1481 974 a.
1509 935 1625 975 woh..
1664 946 1713 974 ex
1757 947 1835 985 quo
1878 935 1926 973 de
1957 940 2087 975 aetate

1123 1000 1298 1040 auctoris
1324 998 1504 1049 judicare
1535 998 1640 1037 licet.
1678 997 1794 1037 Aliud
1826 998 2088 1048 exemplum,

1126 1062 1195 1102 sed
1229 1062 1413 1101 mutilum
1445 1066 1508 1101 est
1538 1063 1575 1099 in
1607 1060 1704 1100 Bibl.
1734 1061 1890 1112 publica
1930 1061 2091 1099 Amste-

1125 1125 1348 1165 lodamensi
1377 1127 1425 1165 ll.
1456 1137 1544 1178 pag.
1574 1124 1639 1164 45.
1670 1124 1736 1164 ubi
1771 1125 1969 1177 Vorperus
1996 1124 2091 1163 scri-

1125 1189 1252 1229 bitur.

1180 1252 1527 1292 WORGRESIUS.
1559 1253 1789 1299 Britannus,
1829 1249 1963 1290 Abbas
2012 1250 2090 1301 pri-

1128 1326 1220 1354 mus
1250 1316 1546 1354 Glasconiensis
1574 1315 1678 1354 circa
1707 1326 1740 1353 a.
1773 1313 1853 1353 630
1883 1311 2085 1352 Historias

1129 1381 1169 1416 et
1185 1375 1468 1416 Homiliarium
1498 1377 1711 1428 scripsisse
1741 1376 1899 1416 dicitur.
1933 1376 2089 1414 Pitseus

1129 1452 1163 1480 c.
1196 1439 1260 1478 68.

1183 1504 1224 1541 Ρ.
1253 1502 1406 1549 WUIA,
1437 1513 1514 1540 non
1545 1506 1607 1541 est
1636 1503 1806 1552 scriptor
1841 1501 1959 1541 medii
1989 1501 2091 1548 aevi,

1130 1564 1199 1603 sed
1231 1576 1374 1604 nomen
1407 1566 1445 1604 P.
1477 1569 1635 1604 tantum
1657 1565 1854 1616 adposuit,
1881 1569 1990 1603 uteo
2014 1574 2094 1602 me-

1130 1626 1208 1666 lius
1238 1627 1391 1666 lateret.
1423 1629 1577 1667 Literae
1609 1640 1702 1667 vero
1724 1630 1774 1665 W
1803 1628 1833 1667 V
1858 1628 1886 1666 1.
1912 1630 2015 1666 retro
2039 1626 2096 1664 le-

1130 1695 1217 1729 ctae
1249 1689 1426 1729 indicant
1469 1703 1612 1729 nomen
1665 1691 1868 1737 auctoriS,
1910 1691 1975 1740 qui
2023 1690 2096 1727 fuit

1129 1753 1270 1804 Furya
1300 1753 1351 1806 (h.
1381 1765 1415 1792 e.
1456 1753 1662 1805 Georgius)
1707 1752 1935 1793 Valentinus
1986 1751 2095 1794 Win-

1131 1814 1290 1866 theras,
1321 1816 1621 1867 Treptoviensis
1651 1816 1697 1855 ad
1729 1818 1877 1867 Regain
1908 1817 2091 1854 Pomera-

1132 1890 1219 1927 nus,
1250 1879 1283 1916 J.
1315 1879 1360 1918 U.
1391 1880 1436 1918 D.
1467 1879 1611 1918 Comes
1640 1880 1842 1918 Palatinus
1859 1880 2094 1924 Caesareus,

1130 1946 1171 1980 et
1198 1942 1354 1981 Ducum
1376 1943 1525 1992 aliquot
1546 1943 1800 1981 Pomeraniae
1822 1941 2092 1988 Consiliarius,

1132 2005 1199 2054 qui
1230 2005 1324 2043 obiit
1353 2017 1373 2044 a
1407 2005 1521 2044 4623.
1554 2006 1684 2044 Vitam
1716 2004 1802 2054 ejus
1832 2003 1941 2041 dedit
1972 2005 2093 2041 Burc.

1131 2066 1327 2105 Gotthelff
1349 2068 1537 2106 Struvius
1570 2068 1609 2105 in
1638 2066 1825 2106 Archivio
1868 2065 2090 2104 Historico—

1132 2129 1305 2179 Politico‚
1358 2130 1462 2180 quod
1514 2130 1729 2169 vernacula
1779 2129 1911 2179 lingua
1957 2126 2092 2175 edidit,

1134 2196 1234 2243 part.
1267 2194 1301 2232 11.
1336 2205 1369 2244 ρ.
1402 2193 1490 2232 193.
1522 2192 1667 2231 Addita
1698 2192 1856 2230 nomine
1895 2200 1989 2228 velo
2020 2188 2102 2228 edi-

1136 2254 1193 2293 dit
1223 2253 1484 2293 Parthenium
1509 2254 1736 2306 litiyz‘osum‚
1781 2254 1991 2304 aliquoties
2020 2251 2104 2290 edi-

1138 2322 1250 2356 tum:
1278 2317 1490 2357 Elaborare
1521 2319 1651 2368 coepit
1681 2328 1781 2367 opus
1808 2317 1952 2367 ingens
1973 2312 2109 2352 Baltlzi

1138 2380 1404 2428 Pomeranici,
1435 2379 1539 2431 quod
1559 2391 1580 2418 a
1605 2379 1862 2430 quibusdam,
1895 2378 2006 2417 velut
2023 2377 2105 2417 edi-

1139 2447 1239 2492 tum,
1271 2443 1484 2495 allegatum
1518 2444 1620 2489 fuit,
1651 2455 1692 2481 re
1719 2454 1814 2481 vera
1845 2447 1980 2481 autem
2011 2443 2105 2481 affe-

1139 2510 1249 2545 ctum
1279 2510 1353 2544 est.
1387 2506 1483 2545 Vide
1514 2506 1786 2545 pomeraniam
1833 2517 1963 2544 meam
2006 2505 2107 2543 anti-

1138 2579 1257 2619 quam
1290 2572 1330 2607 et
1361 2581 1503 2607 novam
1537 2574 1647 2619 parte
1679 2569 1706 2607 Ι.
1738 2569 1820 2608 Sub
1852 2568 2011 2607 nomine
2037 2578 2105 2607 au-

1139 2635 1220 2669 tem
1252 2630 1297 2668 P.
1336 2630 1468 2683 Wuja,
1499 2637 1538 2670 et
1570 2632 1683 2671 titulo
1735 2629 1926 2672 Canonici
1953 2629 2107 2681 irrequ-

1139 2692 1254 2738 laris,
1267 2695 1427 2745 scripsit
1447 2694 1667 2734 Historiam
1686 2693 1948 2746 Episcopatus
1976 2691 2109 2732 Cami-

1138 2758 1286 2803 nensis,
1313 2769 1414 2808 quae
1440 2757 1507 2797 diu
1533 2758 1660 2807 latuit,
1688 2756 1849 2796 tandem
1876 2767 1896 2794 a
1914 2757 1973 2793 Jo.
1992 2755 2108 2793 Petro

1140 2819 1371 2871 Ludewigio
1391 2825 1497 2859 tomo
1524 2821 1570 2859 ΙΙ.
1596 2821 1837 2870 scriptorum
1855 2818 2109 2857 Germanico-

1141 2894 1229 2922 rum
1254 2895 1291 2934 p.
1313 2882 1405 2922 ἵι96.
1437 2894 1548 2934 seqq.
1585 2884 1622 2921 in
1659 2883 1788 2922 lucem
1815 2886 1876 2921 est
1897 2884 2108 2932 protracta,

1140 2947 1329 2996 quamvis
1360 2945 1575 2985 admodum
1616 2945 1840 2991 mendose,
1879 2945 1911 2982 si
1952 2943 2112 2981 nomina

1141 3009 1296 3059 propria
1327 3013 1498 3058 spectes.
1517 3009 1698 3058 Scriptus
1728 3012 1790 3045 est
1821 3007 1918 3045 liber
1936 3017 1969 3044 a.
1993 3004 2107 3044 1616.

1142 3070 1204 3108 vel
1237 3069 1352 3109 1617.
1384 3082 1461 3120 quo
1492 3076 1668 3120 tempore
1700 3069 1856 3108 libellus
1877 3067 1923 3105 cle
1944 3065 2103 3105 turbato

1139 3131 1306 3184 Imperii
1331 3136 1452 3179 static,
1486 3133 1599 3171 1613.
1630 3132 1667 3170 8.
1697 3131 1856 3175 editus,
1887 3130 1934 3168 de
1969 3131 2102 3167 Proto-

1140 3196 1334 3233 stantium
1367 3195 1673 3245 Episcopatibus
1700 3206 1776 3232 non
1794 3193 1892 3232 satis
1908 3204 1956 3232 ex
1974 3203 2102 3243 aequo

1139 3262 1179 3296 et
1210 3269 1303 3296 vero
1334 3259 1563 3308 scripserat.

1189 3320 1474 3360 WULFADUS
1505 3321 1679 3372 primum
1710 3324 1944 3372 praeceptor
1980 3319 2100 3359 Caro-

1140 3383 1327 3423 lomanno
1356 3395 1378 3423 a
1409 3384 1550 3426 Carolo
1580 3384 1703 3425 Calvo
1734 3388 1845 3435 patre
1877 3383 2013 3432 datus,
2042 3384 2110 3423 de-

1727 3466 1807 3506 2⁸29
