2517 4009
912 239 938 276 1<
964 235 1250 275 ABANUS

139 311 201 349 14.
230 308 448 360 Eoecerptio
472 308 518 346 de
537 311 625 345 arce
652 308 926 347 Grammacica
951 308 1042 347 Pri-

77 371 219 411 sczani.
246 371 332 422 [φ.
353 371 418 412 28.
455 371 474 393 ¹⁶

137 434 198 473 15.
217 434 272 471 De
298 432 486 471 Um'verso
512 430 609 470 libri
629 432 747 470 XXII.
773 434 860 471 sive
888 431 1044 483 Etymo'-

81 495 278 547 loqiarum
304 494 446 546 Opus,
491 494 539 533 ad
581 494 827 534 Ludovicum
869 495 1042 545 Regem,

81 569 117 596 a.
146 557 237 596 844.
257 550 293 595 -1‘
321 569 358 607 p.
381 558 444 596 51.
471 557 721 595 Sententiam
753 555 841 606 ejus
871 556 1044 606 singula·

82 630 166 658 rem
192 618 242 657 de
262 618 519 657 damnatione
539 618 930 656 Catechumenorum
952 620 1046 655 ante

82 680 329 731 baptismum
374 679 660 719 defunctorum
690 679 883 730 dijudicat
912 678 1049 717 Mabil-

89 742 220 780 lunius
249 753 287 792 p.
315 741 377 779 44.

138 803 200 841 16.
232 803 381 843 Comm.
403 804 443 840 in
465 802 630 842 Cantica
648 834 658 850 ,
685 813 788 853 qaae
811 800 865 839 ad
888 800 1048 838 matuti—

84 875 159 904 nas
189 863 327 903 laudes
352 875 430 916 per
455 864 718 916 septimanam
746 863 946 902 dicuntur.
980 863 1044 901 ΙΙΙ.

80 939 122 979 p.
147 927 243 966 295.
268 927 293 950 θ’
357 933 365 936 ”

134 988 199 1029 17.
225 989 273 1027 In
301 987 526 1028 Proverbia
558 990 622 1028 111·
652 1001 688 1041 p.
717 989 810 1029 323.
837 988 859 1011 *

137 1052 200 1091 18.
230 1051 277 1089 In
299 1051 527 1090 Jevremiam.
555 1053 618 1091 1V.
649 1064 686 1103 p.
719 1054 754 1100 1,
780 1052 901 1090 -Basii.
931 1051 1048 1091 1534.

86 1114 191 1166 apud
225 1114 442 1153 Henricum
473 1115 590 1152 Petri.

142 1178 192 1216 19
223 1177 278 1214 De
300 1179 447 1226 septem
471 1176 596 1226 siqnis
625 1175 861 1215 Nativitatis
884 1174 1050 1213 Domini.

90 1239 134 1277 V.
161 1251 199 1290 p.
229 1237 320 1277 746.
340 1238 368 1261 “

142 1301 206 1340 20.
225 1300 449 1352 Alleyorz‘ae
472 1301 514 1340 in
538 1301 772 1340 universam
798 1299 1053 1351 Scripturam

92 1363 137 1402 V.
168 1374 207 1413 p.
235 1363 328 1402 749.
357 1362 379 1386 ¹*

142 1426 207 1465 21.
250 1427 306 1464 De
335 1425 474 1465 Sacris
504 1422 748 1473 Ordinibus,
778 1421 1052 1462 sacramentis

93 1487 242 1528 divinis
269 1491 308 1526 et
345 1486 589 1527 vestimentis
625 1483 955 1524 sacerdotalibus.
989 1485 1052 1523 VI.

94 1562 130 1600 p.
163 1550 225 1589 50.
251 1548 273 1572 *
302 1550 344 1588 In
379 1549 516 1587 multis
541 1547 647 1586 idem
682 1552 745 1585 est
778 1558 869 1585 cum
898 1546 995 1584 libro
1025 1546 1053 1584 Ι.

89 1611 139 1650 de
169 1610 425 1649 Institutione
455 1610 727 1656 Clericorum,
765 1608 834 1647 sed
873 1607 1051 1658 Epistola

90 1672 311 1723 praemissa
341 1675 404 1709 est
433 1670 619 1717 diversa,
649 1675 689 1708 et
713 1671 787 1709 alia
817 1669 1028 1721 quaedam.

146 1734 213 1774 22.
236 1734 292 1771 De
316 1731 534 1784 Disciplina
557 1731 839 1772 Ecclesiastico.
869 1730 965 1770 libri
981 1732 1056 1770 III.

91 1797 153 1835 VI.
184 1808 221 1847 p.
267 1797 330 1835 60.
360 1795 382 1819 ’ἒ
411 1797 457 1835 lu
500 1795 659 1835 duobus
702 1795 902 1845 prioribus
933 1798 1052 1842 sunt,

91 1859 242 1909 aliquot
270 1859 428 1908 capita,
459 1868 562 1908 quae
592 1869 683 1896 cum
715 1857 826 1895 libris
856 1856 904 1894 de
937 1857 1052 1894 Insti-

91 1922 268 1960 stutione
305 1921 552 1959 Clericorum
590 1920 864 1965 conveniunt,
909 1919 966 1956 uti
1011 1919 1050 1955 in

95 1983 271 2032 margine
302 1986 474 2020 notatur.

147 2045 212 2084 23.
237 2044 292 2081 De
320 2042 487 2082 videndo
524 2044 628 2092 Deo,
648 2041 828 2094 puritate
857 2041 988 2080 cordis
1020 2045 1055 2080 ec

95 2104 211 2161 modo
226 2104 489 2157 poenitentiae
512 2106 577 2144 Vl.
602 2117 638 2156 p.
661 2106 723 2143 85.
749 2104 770 2127 *³

146 2169 210 2206 24.
232 2167 291 2206 De
307 2165 615 2217 Quaestionibus
633 2167 842 2206 Canonum
859 2165 1058 2217 poeniten-

96 2228 278 2279 tialium,
309 2230 370 2268 Vl.
395 2241 433 2281 p.
460 2229 549 2268 110.
580 2227 602 2251 ³*
625 2228 861 2279 prodierunt
886 2228 1059 2278 primum

95 2294 134 2331 in
151 2291 339 2332 Auctario
355 2291 569 2330 Canisiano
585 2291 689 2330 Petri
708 2290 896 2329 Stevartii
915 2302 951 2340 p.
970 2289 1061 2328 635.

95 2357 187 2404 post
210 2354 249 2391 in
279 2353 486 2392 Thesauro
517 2363 621 2391 novo
649 2352 866 2391 Canisiano
891 2356 986 2390 tom.
1017 2352 1061 2390 11.

98 2419 198 2466 part.
224 2416 261 2454 2.
290 2426 330 2465 p.
353 2415 445 2453 293.
472 2415 566 2453 item
592 2425 613 2452 a
638 2415 802 2453 Buluzio
827 2416 864 2452 in
890 2413 1062 2452 editione

98 2477 313 2527 Reginonis
343 2487 380 2525 p.
408 2475 499 2516 362,
523 2475 592 2513 sed
620 2476 695 2514 sub
719 2476 836 2514 titulo
861 2474 1063 2525 Epistolae

98 2537 153 2576 ad
165 2535 817 2576 HeribaldumAutissiodorensem
827 2537 1064 2589 Episcopum

99 2612 133 2640 a.
167 2600 258 2639 853.
279 2600 464 2649 scriptae.
495 2598 658 2638 Editum
684 2602 746 2637 est
775 2610 876 2650 opus
906 2610 939 2637 a.
970 2600 1063 2638 841.

101 2661 281 2713 Epistola
313 2671 406 2699 vero
431 2660 607 2712 praefixa
637 2671 715 2699 non
758 2663 940 2712 potuita.
973 2661 1063 2699 854.

100 2725 247 2775 scripta
275 2733 392 2772 esse,
419 2724 511 2773 quia
533 2734 576 2762 se
605 2723 779 2774 appellat
802 2723 1060 2773 Episcopum.

100 2785 182 2825 Sub
213 2784 332 2824 finem
361 2796 397 2823 c.
426 2786 489 2824 33.
521 2784 736 2836 respondet
779 2785 929 2824 Auctor
957 2786 1067 2823 Heri-

104 2847 220 2886 baldo
248 2846 296 2885 ad
341 2848 643 2898 quaestionem:
685 2859 781 2886 num
814 2847 1065 2886 Eucharistia

102 2909 218 2948 abeat
263 2910 299 2946 in
343 2919 563 2948 secessum.
608 2910 857 2949 Mabillonius
901 2910 1063 2960 praefat.

104 2970 151 3010 ad
183 2971 372 3010 Seculum
403 2971 465 3010 lV.
498 2971 800 3020 Benedictinum
827 2975 927 3022 part.
958 2972 995 3010 2.
1028 2983 1063 3021 p.

105 3034 168 3074 32.
195 3044 308 3084 seqq.
335 3033 448 3073 illum
470 3033 774 3073 Stercoranistis
798 3033 1063 3079 adnumerat,

105 3096 328 3147 Basnagius
351 3100 487 3135 autem
512 3095 713 3135 defendit:
741 3105 842 3146 quos
867 3095 1001 3142 videt,
1021 3099 1066 3133 ut

105 3163 148 3197 et
176 3158 365 3196 Nostrum
397 3161 425 3195 t.
455 3159 518 3196 111.
553 3169 589 3208 p.
620 3157 713 3196 219.
746 3167 837 3195 nam
863 3157 1064 3206 prolixita-

108 3225 188 3259 tem
220 3221 409 3258 vitamus.

162 3283 226 3321 25.
260 3282 312 3321 De
332 3281 440 3321 vitiis
463 3286 499 3321 et
522 3281 762 3329 virtutibus,
810 3281 856 3319 dc
890 3283 1069 3331 peccato-

112 3361 203 3388 rum
228 3344 497 3397 satisfactione
518 3349 555 3383 et
572 3344 756 3383 remediis
778 3344 859 3382 sive
873 3342 1070 3394 poeniten-

2011 229 2082 269 331

1117 306 1208 351 tiis.
1240 305 1324 344 libri
1353 306 1415 344 111.
1443 306 1502 343 Vl.
1531 316 1566 354 p.
1594 304 1684 342 125.
1711 302 1729 324 ³*
1755 312 1857 352 quos
1887 311 1966 339 una
1991 311 2084 339 cum

1118 379 1154 406 n.
1192 368 1256 406 24.
1298 368 1510 418 Halitgario
1540 367 1673 417 potius
1709 363 1966 410 mundicam,
2005 361 2081 401 sub

1117 429 1235 480 cujus
1259 432 1377 468 etiam
1406 430 1565 467 nomine
1589 431 1723 466 exstat
1747 425 1851 476 apud
1877 425 2085 464 Canisium

1118 497 1158 531 et
1184 494 1221 529 in
1254 491 1509 531 Bibliothecis
1535 492 1711 528 Pati-um.
1738 487 1834 526 Vide
1872 486 2083 526 Mabillonii

1121 555 1305 604 Elogium
1331 553 1477 592 Rabani
1509 564 1547 602 p.
1578 552 1640 589 38.
1667 550 1779 589 Adde
1805 549 1994 588 Nostrum
2021 559 2089 587 su-

1123 627 1190 666 pra
1214 621 1239 653 t.
1263 616 1326 653 111.
1354 626 1389 664 p.
1422 613 1511 653 174.
1538 618 1578 651 et
1602 614 1629 651 I.
1661 624 1698 663 p.
1726 612 1817 651 225.
1846 611 1990 650 Lazius
2009 609 2091 649 An-

1120 682 1251 728 tuerp.
1295 677 1412 716 1560.
1436 677 1472 713 8.
1503 679 1593 726 post
1628 676 1865 725 Fragmenta
1891 672 2089 724 quaedam

1123 741 1256 779 Caroli
1289 741 1338 778 M.
1368 737 1508 777 edidit.

1178 802 1243 841 26.
1262 799 1550 839 Ροεηίίεηείαηι
1574 797 1674 837 liber
1689 808 1792 836 unus
1809 829 1818 845 ,
1836 801 1924 847 post
1939 808 1960 835 a
1992 795 2084 835 841.

1125 866 1300 915 scriptus
1319 895 1326 912 ‚
1353 863 1418 901 VI.
1443 875 1481 914 p.
1501 863 1591 901 155.
1617 861 1761 912 prodiit
1783 861 1886 898 inter
1907 860 2091 898 Canones

1126 925 1435 977 poenitentiales
1465 923 1628 962 Antonii
1659 922 1872 973 Augustini
1905 931 1997 959 cum
2023 931 2093 959 an-

1128 994 1209 1027 not.
1238 989 1378 1026 Venet.
1407 985 1520 1026 1584.
1550 987 1583 1023 4.

1183 1050 1247 1088 27.
1294 1051 1422 1098 Quota
1454 1046 1714 1086 Generatione
1746 1044 1896 1084 licitum
1925 1043 1977 1082 sit
2014 1054 2096 1082 ma-

1128 1111 1372 1151 trimonium.
1401 1110 1462 1149 Vl.
1489 1122 1526 1161 p.
1550 1109 1638 1148 165.

1180 1176 1242 1213 28.
1277 1175 1329 1211 De
1360 1171 1743 1223 consanyuineorum
1772 1169 1919 1221 nuptiis
1944 1172 1981 1207 et
2006 1180 2092 1207 ma·

1126 1248 1269 1287 (lorum
1298 1234 1543 1287 praestiqz'is.
1578 1234 1640 1271 VI.
1670 1245 1708 1283 p.
1739 1232 1825 1270 166.

1182 1300 1247 1337 29.
1278 1298 1333 1334 De
1354 1296 1493 1333 anima
1525 1298 1562 1332 et
1583 1292 1802 1332 virtutibus
1847 1291 1910 1330 Vl.
1939 1304 1972 1342 p.
2004 1291 2090 1332 173.

1187 1361 1250 1398 30.
1277 1360 1332 1396 De
1357 1360 1472 1405 ortu,
1493 1357 1576 1395 vita
1601 1359 1637 1392 et
1655 1353 1833 1392 moribus
1850 1353 2098 1392 Antichristi.

1130 1422 1191 1460 VI.
1240 1432 1277 1471 p.
1318 1420 1409 1458 177.
1440 1418 1614 1456 Phorcae
1650 1415 1757 1466 apud
1796 1416 1987 1454 Thomam
2017 1415 2100 1454 An-

1133 1483 1329 1528 selmum,
1363 1481 1478 1519 1505.

1185 1546 1248 1583 31.
1280 1540 1643 1594 Μαντῃνοῖορῖαητ,
1673 1539 1736 1578 VI.
1769 1550 1805 1589 p.
1838 1537 1926 1577 179.
1969 1539 2098 1588 primo

1133 1619 1155 1646 a
1200 1606 1403 1645 Stevartio
1433 1603 1586 1642 editum
1618 1607 1712 1640 tom.
1744 1601 1808 1639 VI.
1840 1599 1934 1638 edit.
1974 1611 2103 1639 novae

1132 1675 1228 1708 tom.
1255 1669 1302 1707 11.
1327 1671 1426 1718 part.
1452 1667 1489 1704 2.
1511 1677 1547 1716 p.
1575 1665 1666 1703 313.
1693 1662 1883 1712 Prologus
1908 1662 1995 1700 eius
2020 1673 2100 1700 una

1127 1732 1220 1771 e'um
1246 1729 1432 1768 versibus
1457 1727 1505 1766 ad
1527 1725 1779 1765 Grimoldum
1802 1724 1997 1762 Abbatem
2019 1722 2103 1762 edi-

1127 1798 1194 1833 tus
1232 1796 1295 1831 est
1337 1804 1358 1830 a
1384 1791 1543 1830 Canisio
1572 1793 1668 1826 tom.
1700 1788 1763 1825 IV.
1793 1797 1830 1836 p.
1862 1785 1952 1823 326.
1981 1785 2096 1823 Alius

1128 1850 1320 1904 Prologus
1361 1853 1537 1891 Ratleico
1563 1849 1704 1888 Abbati
1746 1846 2102 1898 Seleginstadiensi

1129 1918 1347 1967 inscriptus
1383 1927 1433 1952 ex
1472 1913 1572 1952 Bibl.
1612 1913 1650 1951 S.
1681 1910 1781 1949 Galli
1811 1913 1954 1947 erutus
1984 1913 2047 1946 est
2077 1920 2100 1947 a

1125 1979 1348 2019 Mabillonio
1379 1977 1561 2015 Analect.
1588 1987 1623 2026 p.
1650 1974 1737 2013 418.

1181 2042 1245 2081 32.
1288 2040 1481 2078 Poemata
1518 2036 1564 2076 de
1608 2036 1782 2075 diversis
1825 2046 1918 2075 cum
1963 2037 2099 2073 annot.

1130 2103 1359 2153 Christopb.
1380 2101 1558 2141 Broweri
1576 2131 1586 2147 ‚
1612 2100 1790 2149 Mogont.
1821 2097 1938 2136 1617.
1966 2096 2002 2134 4.
2032 2094 2097 2134 Ἦ.

1133 2179 1170 2218 p.
1189 2166 1281 2205 202.
1298 2163 1555 2215 Epitaphium
1579 2161 1750 2200 Lotharii
1774 2161 1871 2210 Imp.
1890 2163 1931 2197 et
1953 2159 2107 2196 Irmen-

1137 2228 1268 2267 trudis
1311 2226 1518 2276 Augustae
1549 2223 1674 2262 edidit
1705 2222 1758 2261 du
1803 2221 1962 2262 Chesne
1997 2225 2107 2258 tomo

1140 2291 1186 2329 11.
1219 2289 1466 2338 Scriptorum
1498 2286 1795 2323 Francicorum.

1196 2351 1260 2390 33.
1289 2350 1500 2389 Commenc.
1532 2347 1572 2384 in
1595 2345 1788 2396 Reyulam
1813 2345 1854 2383 S.
1878 2342 2105 2391 Benedicti,

1141 2415 1204 2453 VI.
1230 2425 1265 2464 p.
1297 2412 1387 2451 246.
1413 2409 1434 2432 *
1473 2410 1539 2460 qui
1566 2406 1786 2458 Smaragdo
1815 2405 1956 2444 Abbati
1982 2403 2108 2443 debe-

1141 2483 1231 2525 tur,
1273 2475 1392 2525 idque
1421 2476 1525 2511 teste
1570 2469 1776 2520 Sigeberto
1824 2466 2104 2505 Gemblacensi

1140 2539 1189 2577 de
1220 2539 1259 2577 S.
1291 2538 1337 2575 E.
1363 2547 1396 2574 c.
1430 2534 1518 2574 118.
1545 2537 1585 2571 et
1610 2530 1823 2570 Codicibus
1854 2527 2105 2566 membrana-

1139 2601 1221 2638 ceis
1240 2630 1250 2647 ,
1282 2598 1329 2637 ad
1362 2607 1462 2646 quos
1491 2593 1745 2633 Mabillonius
1769 2593 1972 2640 provocat.

1195 2661 1258 2699 34.
1289 2657 1453 2697 Glossae
1483 2650 1878 2698 Latino-Barbarae,
1904 2649 2103 2702 departi-

1143 2721 1216 2761 bus
1239 2720 1420 2771 corporis
1446 2715 1636 2764 humani,
1663 2728 1684 2754 a
1708 2713 1901 2752 Goidasto
1923 2711 2053 2750 editae
2078 2716 2106 2749 t.

1142 2785 1183 2824 11.
1220 2784 1366 2821 Rerum
1397 2779 1764 2819 Alemannicarum.
1796 2775 1859 2813 Vi.
1890 2786 1925 2824 p.
1966 2774 2057 2812 331.

1197 2846 1260 2886 35.
1282 2845 1338 2882 De
1355 2842 1574 2882 inventione
1595 2838 1827 2890 li'nyuarum
1850 2835 1902 2875 ab
1922 2833 2109 2875 Hebraea

1141 2919 1270 2961 usqae
1299 2905 1353 2944 ad
1378 2904 1646 2949 Theotiscam,
1671 2901 1719 2940 ab
1743 2899 1882 2939 eodem
1917 2897 2108 2936 Goldasto

1140 2971 1287 3010 editus.
1313 2970 1376 3008 Vl.
1401 2980 1437 3019 p.
1464 2966 1555 3005 333.

1192 3034 1296 3072 Haec
1325 3031 1456 3081 Opera
1485 3028 1632 3067 Rabani
1657 3026 1781 3065 Manri
1808 3025 1844 3060 in
1877 3027 2008 3060 tomos
2034 3031 2107 3059 sex

1141 3095 1353 3134 distributa
1398 3092 1503 3131 edita
1535 3095 1630 3128 sunt
1660 3099 1754 3126 cura
1784 3085 1939 3135 Georgii
1971 3084 2111 3124 Coive-

1142 3157 1265 3201 nerii,
1310 3154 1533 3193 Duacensis
1571 3149 1808 3189 Academiae
1838 3145 2106 3190 Cancellarii,

1145 3218 1285 3257 Goion.
1307 3215 1425 3254 1627.
1452 3214 1514 3252 fol.
1541 3215 1576 3252 3.
1597 3212 1683 3250 Vol.

1198 3279 1257 3317 Ex
1283 3277 1348 3315 illo
1375 3287 1468 3314 voro
1493 3280 1671 3325 tempore
1696 3283 1716 3309 e
1742 3272 1850 3311 MSS.
1876 3268 2110 3320 prodierunt

1149 3339 1356 3390 Sequentia
1378 3351 1383 3374 r
