2517 4009
957 211 1173 252 LlBER
1227 212 1273 250 11.

130 283 295 321 Graecus
313 313 322 329 ‚
345 286 382 319 et
408 284 604 320 Hebraeus
622 313 631 329 ‚
665 289 701 320 et
725 284 910 322 Barbarus
927 315 936 330 ‚
971 290 1080 332 atque

929 353 1080 389 Latinus

150 418 210 454 Me
232 418 348 460 timet,
370 416 559 460 exhorret,
582 428 641 454 me
662 425 876 463 veneratur,
896 424 1009 456 amat.

42 494 97 526 30,
129 483 260 520 Nonne
284 487 481 528 potestates
502 484 641 527 mundi,
667 486 867 530 mundique
891 488 1056 522 minores

31 2134 84 2168 40.

149 549 311 593 Imperio
332 559 422 592 cogo
445 549 602 585 subdere
625 552 716 586 colla
742 552 855 587 meo?

127 613 252 660 Nuper
272 615 504 651 Alemannus
528 615 688 652 Siculam
714 618 856 653 delatus
885 618 921 654 in
944 629 1048 654 oram
1066 646 1075 663 ,

146 680 350 722 Ludendo,
375 682 525 717 sericam
550 684 709 727 perdidit
734 682 812 729 ipse
841 695 961 719 suam.

124 749 286 786 Perdidit
333 748 393 785 hic
441 752 584 796 equites
600 778 608 794 ‚
654 750 783 786 rochos
800 780 810 796 ‚
858 753 1075 798 peditesque

891 818 1056 854 minores
1073 847 1081 860 ,

147 882 313 918 Perdidit
335 886 369 918 el
389 882 564 928 calphos:
587 883 652 918 vix
670 883 766 918 bene
789 886 884 919 tutus
907 885 994 920 abit.

122 949 256 994 Meque
278 947 473 984 Saladiuus
498 948 653 984 nimium
678 949 816 985 vexilla
840 950 972 986 salutis

145 1014 379 1059 Expuenans
397 1044 405 1060 ‚
433 1015 576 1050 hostem
599 1016 733 1050 sentiet
756 1026 839 1051 esse
865 1026 982 1052 suam.

120 1080 218 1124 Quid
249 1081 409 1117 reseram
453 1084 600 1117 veteres
619 1108 628 1124 ,
669 1091 826 1126 quorum
871 1081 939 1117 fert
982 1082 1078 1118 fama

906 1147 1080 1184 ruinam?

144 1213 265 1249 Mater
287 1212 474 1256 Pompeio,
497 1213 632 1248 deinde
656 1222 814 1248 noverca
845 1214 905 1249 sui,

122 1278 242 1315 Ubera
266 1277 317 1314 sie
339 1277 464 1322 Dario,
489 1281 568 1322 post
592 1278 748 1314 verbera
769 1291 777 1316 :
803 1278 937 1314 mellea
963 1277 1076 1326 Cyro,

149 1344 270 1380 Fellea
297 1347 374 1388 post
396 1342 523 1379 nutrix
546 1343 740 1388 ingeniosa
764 1343 862 1380 dedi.

118 1408 173 1445 Tu
192 1437 200 1453 ,
223 1419 332 1455 quem
356 1409 450 1444 lama
473 1408 584 1451 silet,
610 1418 719 1453 quem
745 1408 861 1444 noscit
888 1409 1048 1445 dedecus
1067 1437 1076 1453 ,

983 1475 1077 1511 iram

141 1540 364 1586 opprobriis
383 1539 527 1576 laceras
544 1567 552 1584 ,
577 1539 819 1584 opprobriose
839 1567 848 1583 ,
872 1550 1007 1576 meam.

117 1606 212 1651 Quid
235 1615 294 1642 me
316 1604 428 1641 minis
451 1603 594 1649 agitas?
615 1604 714 1639 Reus
735 1614 818 1639 esse
840 1614 906 1649 pro
922 1605 1081 1641 crimine

957 1670 1079 1707 laesae

137 1737 359 1778 Maiestatis,
385 1739 421 1773 et
446 1735 515 1772 hoc
539 1737 609 1772 tota
633 1745 796 1781 propago
816 1736 908 1772 luet.

119 1803 294 1850 Prospiee
315 1803 402 1849 quid
423 1802 548 1842 facias,
573 1802 736 1837 nondum
758 1802 852 1847 perit
875 1812 989 1838 omne
1011 1813 1075 1838 ve-

911 1879 1072 1913 nenum,

136 1933 183 1972 Et
205 1945 286 1971 mea
311 1935 367 1970 vis
391 1935 554 1970 nondum
576 1932 717 1970 desinit
741 1943 822 1970 esse
846 1944 940 1970 mea.

111 2001 216 2045 Quae
238 2001 362 2045 peiora
387 2003 501 2044 potes,
519 2002 695 2037 meretrix
715 2001 871 2044 fortuna,
889 2011 1049 2038 noverca

135 2066 316 2108 Pessima,
339 2066 470 2102 Medea
492 2066 622 2112 dirior,
645 2066 767 2113 hydra
790 2066 925 2103 ferox?

111 2132 256 2170 Deveni
279 2133 324 2167 ad
345 2131 516 2168 nihilum.
540 2132 671 2169 Restat
691 2144 787 2169 nune
802 2134 966 2179 spiritus,
985 2145 1067 2172 ossa

135 2197 216 2234 Non
236 2197 363 2240 habet,
377 2198 412 2234 in
429 2208 502 2243 qno
515 2198 565 2233 nil
583 2197 675 2234 haec
691 2202 746 2234 toa
761 2199 896 2243 probra
913 2201 1050 2236 valent.

110 2262 232 2300 Morte
253 2272 388 2298 nocere
417 2262 558 2308 putas?
592 2263 702 2298 Foret
737 2263 829 2300 haee
866 2266 958 2301 mihi
993 2266 1067 2302 vita

878 2332 1065 2368 salubris:

132 2392 323 2438 Duplicior
345 2402 444 2428 mors
465 2397 520 2430 est
540 2397 660 2430 morte
682 2405 812 2432 carere
840 2397 945 2434 mihi.

109 2458 228 2504 Quam
241 2459 373 2501 laetus,
385 2469 614 2505 quacumque
630 2462 728 2497 Deus
744 2462 939 2507 donaverit
958 2463 1061 2509 hora,

131 2524 352 2571 Suscipiam.
374 2525 460 2561 Post
480 2525 577 2561 banc
599 2530 741 2562 stercus
763 2526 799 2563 in
824 2539 887 2564 ore
920 2532 991 2565 tuo.

108 2591 206 2636 Quid
228 2591 353 2627 varias
376 2591 509 2627 totiens
532 2590 648 2627 sumis
673 2593 809 2629 furiosa
832 2593 970 2638 figuras
985 2595 1002 2629 ‘2

132 2657 237 2694 Nunc
258 2657 393 2692 alacris
416 2656 529 2699 rides,
555 2667 652 2692 nunc
676 2657 888 2703 lacrymosa
909 2659 1041 2704 gemis.

110 2723 256 2761 Florida
279 2733 389 2766 nunc,
408 2732 504 2757 nunc
519 2722 682 2766 sordida,
702 2734 799 2758 nune
817 2722 937 2769 nigra,
960 2735 1058 2761 nunc

838 2789 1038 2825 rubiconda
1056 2817 1065 2834 ‚

134 2855 282 2892 Florida
298 2864 408 2897 nuuc,
433 2863 529 2888 nunc
550 2862 633 2888 esse
657 2853 805 2889 sordida
829 2854 921 2890 sacta
944 2855 1028 2891 luto.

115 2920 296 2958 Protheus
317 2919 438 2956 esne?
461 2928 626 2963 vagusne
665 2922 787 2954 movet
821 2923 881 2955 tua
920 2920 1065 2956 viscera

906 2986 1067 3023 ventus?

138 3051 207 3088 Vel
229 3054 288 3088 tua
310 3050 483 3087 diabulus
502 3051 646 3086 viscera
669 3049 800 3085 crebra
821 3051 975 3086 movet?

112 3117 270 3163 Semper
291 3127 332 3154 es
355 3117 556 3161 incestans,
582 3126 688 3160 vaga,
714 3115 862 3151 mobilis
881 3144 890 3160 ‚
914 3126 1067 3162 aspera,

938 3194 1067 3228 coeca,

132 3248 338 3292 Instabilis,
361 3248 494 3292 levior,
517 3247 668 3293 perlida,
692 3247 816 3291 surda,
842 3248 934 3283 scra.

110 3315 214 3352 Tunc
236 3324 280 3350 ea
301 3313 525 3349 subridens:
547 3324 567 3348 o
589 3317 726 3358 quanto
750 3314 901 3357 pulvere
923 3314 1038 3349 noctis

134 3380 335 3417 Humanae
357 3380 493 3416 mentis
514 3379 652 3415 lumina
675 3388 783 3414 coeca
805 3379 945 3414 latenti

113 3445 303 3494 Numquid
318 3445 531 3483 obaudisti?
552 3454 746 3482 sermones
763 3444 940 3490 ponderet
960 3455 1067 3482 unus.

2030 208 2104 249 669

1172 282 1338 329 Quisque
1359 294 1457 327 suos,
1483 286 1631 330 sapiens
1653 285 1789 329 cogitat
1812 288 1897 320 ante
1921 284 2033 329 loqui.

1150 348 1312 394 Legibus
1332 350 1483 387 indictis
1504 355 1609 387 utor:
1632 352 1662 387 si
1686 352 1844 394 legibus,
1866 360 1957 395 ergo

1174 415 1283 451 lustis
1303 428 1311 459 ;
1334 414 1364 450 si
1390 417 1505 457 iustis,
1530 417 1610 452 iure
1633 418 1679 453 sit
1700 427 1792 461 ergo
1817 416 1924 452 bene.

1149 480 1280 516 Nonne
1302 492 1366 516 sua
1392 482 1490 518 licite
1508 483 1560 518 sie
1583 483 1737 528 quilibet
1763 485 1878 519 utitur
1900 483 2010 518 arte?

1172 545 1276 589 Quod
1301 548 1370 583 sibi
1393 559 1474 584 sors
1494 549 1652 592 dederit,
1677 550 1792 585 utitur
1813 550 1936 585 omnis
1959 549 2081 584 homo.

1149 611 1258 647 Miles
1280 614 1385 658 equis
1404 627 1412 656 ;
1439 615 1597 659 pist-atur
1621 615 1726 660 aquis
1747 627 1754 656 ;
1795 619 1831 651 et
1853 614 2012 650 clericus
2034 614 2102 660 hy-

1981 680 2078 715 mnis
2097 691 2107 722 ς

1174 740 1291 777 Nauta
1315 742 1443 787 sretis;
1475 745 1617 789 pugiles
1642 750 1785 788 marte;
1811 750 1916 790 poeta
1940 746 2080 782 metris.

1151 807 1321 843 Rusticus
1369 819 1479 854 asper
1523 814 1602 846 arat
1623 823 1633 853 ;
1693 815 1867 847 numerat
1924 815 2108 847 mercator

1944 888 2079 913 avarus
2098 891 2107 921 3

1173 939 1288 985 Virgo
1315 941 1405 985 legit
1427 943 1564 984 nores3
1585 943 1716 978 stultus
1739 946 1882 979 amator
1906 948 2016 979 amat.

1148 1007 1216 1042 Ast
1238 1017 1320 1053 ego,
1342 1017 1438 1052 quae
1467 1007 1542 1042 Dea
1577 1017 1759 1053 sum,qua
1784 1008 1885 1043 nulla
1921 1010 2106 1054 potentior

2004 1075 2108 1120 orbe,

1172 1137 1290 1182 Quem
1313 1139 1403 1183 ligat
1425 1138 1553 1175 oceani
1574 1139 1734 1175 circulus
1757 1139 1845 1176 orbe
1868 1150 1945 1183 suo,

1148 1203 1280 1241 Nonne
1308 1215 1430 1240 meam
1456 1204 1581 1249 licite,
1615 1206 1835 1241 stultissime
1853 1234 1862 1249 ‚
1898 1216 2102 1251 prosequar

1959 1276 2075 1307 artem
2091 1272 2108 1307 ‘P

1171 1334 1233 1370 Sic
1253 1345 1342 1380 opus
1365 1339 1432 1378 est,
1457 1339 1495 1370 ut
1518 1340 1551 1370 te
1575 1334 1856 1380 praecipitando
1880 1340 2008 1372 rotem.

1146 1398 1248 1443 Ergo
1271 1401 1354 1434 vide
1375 1401 1460 1445 quid
1485 1410 1584 1444 agas.
1611 1398 1767 1444 Sapiens
1801 1400 1984 1438 deliberat
2011 1407 2099 1439 ante

1171 1465 1291 1508 Quam
1317 1466 1437 1501 saciat.
1455 1465 1514 1500 Sic
1538 1470 1572 1501 tu
1598 1467 1888 1512 praemeditare,
1913 1468 2040 1505 miser.

1150 1531 1209 1567 Ah
1235 1541 1350 1574 genus
1367 1531 1584 1574 humanum,
1602 1541 1682 1567 mea
1700 1532 1846 1576 quantis
1863 1537 2010 1578 asperat
2025 1538 2106 1571 acta

1173 1597 1372 1642 Morsstms,
1396 1602 1504 1643 atque
1528 1608 1650 1633 meum
1672 1598 1844 1633 dentibus
1865 1604 1969 1636 occat
1987 1601 2108 1646 opus?

1148 1662 1184 1699 Si
1209 1664 1274 1699 tibi
1299 1663 1450 1700 divitias
1469 1663 1596 1709 digitis
1619 1674 1822 1709 porrexero
1844 1664 1964 1706 laxis,

1172 1728 1360 1766 Laudibus
1383 1730 1542 1766 extollar
1565 1729 1773 1775 imperialis
1795 1741 1874 1777 ego.

1147 1800 1251 1838 Tunc
1284 1808 1354 1843 ego
1392 1807 1535 1834 summa
1578 1809 1735 1843 parem,
1775 1803 1809 1836 et
1850 1804 1934 1837 tunc
1974 1803 2106 1848 regina

1915 1870 2078 1906 verenda
2099 1896 2107 1913 ‚

1169 1930 1273 1967 Tunc
1295 1932 1371 1968 Dea
1394 1942 1540 1968 summa
1565 1932 1639 1968 Deo
1663 1934 1855 1978 praeferor
1878 1934 1955 1979 ipsa
1988 1935 2078 1971 lovi.

1142 1997 1212 2034 Sed
1235 1998 1266 2033 si
1293 1996 1385 2034 sorte
1409 2009 1533 2034 meam
1570 2000 1794 2036 retinentem
1835 2001 2003 2037 clausero
2039 2002 2101 2038 de-

1966 2072 2103 2109 xtratn.

1161 2131 1362 2175 Morsffius,
1385 2134 1421 2168 et
1442 2131 1603 2168 stimulis
1626 2133 1800 2168 mordeor
1822 2133 1900 2178 ipsa
1925 2133 2026 2170 seris.

1136 2197 1241 2233 Tune
1263 2208 1331 2241 ego
1354 2198 1518 2242 periura,
1542 2201 1627 2233 tuno
1651 2199 1767 2244 turpis
1790 2200 1959 2235 adultera
1981 2202 2084 2237 dicor

1159 2261 1316 2308 Tunque
1338 2263 1550 2298 sacerdotes
1573 2273 1632 2298 me
1655 2264 1806 2299 vitiasse
1831 2264 1964 2301 serunt.

1136 2326 1189 2363 Tu
1215 2328 1334 2372 modo,
1376 2328 1443 2363 sed
1485 2337 1601 2373 quare
1616 2327 1633 2362 ?
1674 2339 1732 2364 me
1775 2328 1948 2365 dentibus
1990 2341 2102 2376 asper

1987 2399 2104 2435 acutis

1158 2455 1294 2491 Infelix
1318 2456 1476 2501 laceras,
1494 2456 1763 2502 colloquiisque
1787 2457 1872 2493 tuis.

1133 2521 1301 2558 Arbitrio
1324 2520 1512 2566 loqueris:
1537 2532 1622 2558 nam
1649 2522 1740 2558 iuris
1759 2524 1900 2568 pondus
1917 2523 2096 2560 abhorres

1158 2586 1204 2622 Et
1226 2587 1444 2631 dedignaris
1466 2587 1512 2623 de
1535 2588 1680 2624 ratione
1703 2589 1814 2635 loqui.

1132 2653 1204 2689 Sed
1228 2655 1335 2690 docet
1359 2654 1535 2690 iniustam
1559 2665 1708 2691 causam
1734 2660 1951 2702 partemque
1969 2658 2077 2701 tueri,

1157 2720 1228 2764 Qui
1252 2721 1341 2757 solis
1364 2721 1510 2766 probris
1537 2725 1654 2758 certat
1675 2721 1801 2767 iniqua
1831 2723 1942 2768 loqui.

1133 2784 1192 2822 Sic
1217 2788 1310 2823 solet
1333 2788 1499 2832 ignarus,
1523 2798 1605 2823 cum
1622 2789 1754 2824 desunt
1774 2789 1899 2832 verba,
1915 2789 2078 2835 sophista

1158 2851 1352 2895 Garrulus,
1376 2857 1413 2889 ut
1435 2851 1585 2890 videant
1609 2864 1696 2890 voce
1720 2858 1848 2890 tonare
1871 2855 1939 2890 sui.

1134 2916 1194 2953 Sic
1216 2928 1381 2963 quoque,
1405 2929 1487 2954 eum
1510 2919 1643 2955 desunt
1666 2918 1730 2955 tibi
1754 2919 1848 2965 iura,
1867 2920 2027 2956 recurris
2050 2921 2094 2956 ad

1954 2987 2072 3031 ipsam
2090 3013 2098 3027 .

1159 3046 1281 3090 Quam
1306 3047 1402 3084 bene
1425 3049 1572 3088 novisti.
1598 3049 1827 3094 garrulitatis
1856 3061 1978 3096 opem.

1139 3114 1239 3159 Ergo
1260 3114 1291 3149 si
1314 3124 1384 3160 qua
1409 3115 1482 3150 tuis
1498 3142 1506 3158 ‚
1539 3116 1635 3160 quod
1659 3126 1731 3150 non
1755 3120 1840 3161 puto
1856 3143 1866 3160 ‚
1902 3118 2089 3154 mentibus

1917 3181 2097 3226 haerent,

1161 3247 1272 3289 lusta,
1298 3246 1409 3289 refer,
1434 3246 1492 3284 vel
1518 3250 1566 3289 tu,
1590 3247 1684 3292 quod
1706 3249 1825 3293 magis
1846 3258 1923 3293 oro,
1942 3249 2024 3286 sile.

1135 3313 1239 3348 Tune
1261 3324 1351 3358 ego:
1376 3323 1553 3348 vesanum
1571 3341 1579 3357 ,
1615 3315 1795 3351 meretrix
1830 3315 2062 3352 Rhamnusia
2082 3344 2090 3360 ‚

1874 3387 2093 3425 monstrum,

1163 3444 1241 3482 Non
1267 3445 1351 3481 licet
1376 3444 1469 3482 haec
1490 3445 1608 3482 solum
1632 3445 1745 3485 verba
1768 3447 1912 3485 referre
1935 3447 2060 3484 mihi?

2136 509 2193 542 50.

2088 2231 2097 2248 ’
2129 2229 2183 2260 60.
