2566 4009
863 256 1288 313 nAiileius

82 334 166 369 eten
195 330 356 380 Sylloge
388 330 507 368 tertia
530 328 664 367 Norib.
707 327 823 368 4726.
867 329 903 366 8·
948 338 1033 378 pag.

82 393 171 430 494.
201 401 284 441 seq.
316 391 380 430 ubi
412 390 603 441 praefatio
634 390 738 429 illius
767 390 951 428 editionis
994 393 1034 426 et

77 453 190 504 plura
222 453 259 490 in
291 453 450 492 Marsilii
483 452 669 501 laudem,
695 453 936 502 atqueinter
958 451 1033 489 alia

79 516 198 554 etiam
231 515 304 553 hoc
333 514 609 553 tetrastichon.

91 604 199 641 Quam
212 605 350 642 superat
366 601 523 633 Phoebus
550 603 720 634 radiantia
743 600 852 632 sidera
869 600 972 639 Coeli,

111 654 150 684 Ut
177 651 301 684 cedunt
318 659 439 691 magno
462 651 602 683 flumina
623 659 724 692 parva
743 653 827 682 mari
845 663 852 681 :

88 704 232 733 Tantum
255 701 418 732 Mai-silius
439 701 579 741 Sophiae
600 699 771 740 praecellit
795 699 921 731 bonore
937 722 946 737 ,

108 751 394 791 licidelbergcnsis
420 749 475 782 lux
498 755 529 781 ct
553 751 646 789 origo
663 748 814 781 scholae.

72 831 246 868 joannes
275 829 418 867 Baleus
439 829 520 866 Vll.
547 829 582 866 5
609 829 674 878 qui
698 827 837 876 Anglis
880 826 1029 864 adscri-

71 895 184 942 ptum
210 894 328 929 vocat
357 888 404 928 de
430 888 608 940 lnqelne,
637 889 776 927 tribuit
812 889 865 927 illi
908 891 1027 928 etiam

72 952 214 992 librum
246 951 293 990 de
321 951 510 1004 reliyione
543 950 803 991 Clericorum.

120 1014 142 1038 *⁵
172 1016 284 1053 Hunc
313 1025 404 1052 esse
434 1014 650 1053 Marsilium
685 1012 829 1060 credo,
854 1014 968 1052 cuius
990 1015 1027 1051 in

67 1077 147 1115 MS.
176 1075 271 1117 Cod.
300 1076 399 1116 Bibl.
441 1077 696 1114 pistoriensis
726 1086 854 1125 nuper
882 1075 1030 1113 descri-

68 1142 160 1189 ptae
189 1149 210 1177 a
239 1138 289 1176 cl.
318 1139 358 1177 P.
378 1139 438 1176 Fr.
460 1137 554 1176 Ant.
586 1137 792 1176 Zaecbaria
818 1137 858 1175 S.
886 1137 918 1174 J.
949 1137 1032 1176 edi-

72 1204 217 1250 taeque
261 1200 422 1238 Taurini
473 1199 584 1238 4752.
615 1203 755 1237 extant
795 1199 1031 1250 suppositio-

65 1271 134 1300 nes
160 1260 356 1311 Muyistri
380 1259 557 1299 Marsilz'z'
575 1260 834 1299 Parisiensis.
853 1261 913 1299 An
932 1263 1027 1299 item

65 1324 116 1361 sit
140 1333 242 1372 opus
261 1334 352 1361 cum
370 1323 671 1360 commentariis
693 1323 729 1359 in
757 1322 1026 1371 Aristotelem,

62 1384 125 1423 vel
150 1385 238 1423 eius
262 1383 465 1422 dialectiea
488 1383 622 1421 dicant
644 1383 762 1421 docti.
789 1383 810 1406 ἕ

115 1446 385 1485 MARSlLIUS
414 1445 608 1496 Ficinus,
634 1446 762 1496 Supra
795 1446 994 1484 FlCINUS
1011 1477 1021 1493 ,

64 1509 106 1547 T.
128 1509 164 1547 2.
192 1520 278 1559 pag.
304 1507 394 1547 572.

112 1569 380 1609 MARSILIUS
410 1571 498 1607 sive
527 1568 796 1608 MASSlLIUS
841 1568 1022 1608 Mainar·

68 1630 186 1670 dinus
206 1632 241 1678 a)
271 1630 320 1669 de
351 1630 483 1669 Padua
529 1631 617 1668 sive
663 1630 885 1669 Patavi-nus
928 1630 1023 1669 Ord.

58 1695 196 1733 Minor.
221 1692 266 1731 A.
285 1693 402 1732 4342.
426 1694 581 1732 Rector.
601 1693 886 1731 Universitatis
903 1693 1022 1731 Vien-

59 1756 198 1793 nensis
230 1758 274 1794 ut
303 1759 413 1806 patet
443 1766 464 1793 e.
494 1754 712 1805 diplomate
756 1754 859 1805 apud
907 1755 1022 1792 Lam-

59 1815 144 1856 bec.
172 1821 268 1855 tom.
298 1818 322 1856 2
353 1828 440 1867 pag.
472 1815 562 1856 257.
589 1816 807 1855 defunctus
831 1817 876 1856 A.
905 1817 1021 1856 4328.

57 1879 229 1930 Impium
249 1878 408 1930 quidem
430 1878 500 1918 sed
514 1878 670 1917 doctum
690 1879 884 1918 hominem
900 1884 1020 1918 vocat

57 1942 140 1981 Nic.
173 1943 406 1981 Comnenus
424 1947 520 1980 tom.
546 1943 569 1981 2
596 1942 688 1980 hist.
715 1942 925 1992 Gymnasii
952 1943 1020 1981 Pa-

58 2004 183 2042 tavini
213 2015 300 2054 pag.
333 2005 423 2043 454.
456 2015 547 2043 nam
579 2005 764 2054 impietas
793 2004 882 2054 ejus
921 2005 1018 2043 haec

58 2064 132 2104 fuit
162 2066 342 2114 scilicet,
373 2065 479 2117 quod
511 2078 580 2116 pro
610 2067 765 2104 Domini
797 2068 857 2106 sui
893 2066 1016 2105 Ludo-

63 2127 140 2165 vici
168 2128 309 2166 Bavari
340 2129 440 2179 Imp.
467 2128 630 2178 juribus
662 2140 684 2166 a
711 2129 865 2167 Joanne
896 2128 1015 2167 XXII.

59 2189 248 2229 Pontifice
279 2189 438 2241 indigna
469 2190 504 2237 b)
539 2191 718 2241 perpessi
750 2192 912 2241 scripsit
944 2193 1019 2229 cir-

60 2262 106 2291 ca
134 2251 208 2291 An.
243 2253 358 2291 4324.
387 2251 641 2304 Defensorem
663 2253 1019 2292 Pacis:dictiones

62 2313 148 2352 sive
176 2313 296 2352 libros
326 2313 391 2352 111.
423 2314 623 2353 adversus
661 2319 897 2364 usurpatam
946 2315 1021 2352 llo-

62 2376 167 2414 mani
198 2375 398 2414 pontificis
416 2375 738 2427 jurisdictionem
760 2406 767 2424 ,
794 2375 923 2414 editos
948 2378 1021 2415 Ba-

63 2437 182 2475 sileae
207 2437 322 2476 4522.
342 2436 406 2475 sol.
423 2448 515 2475 cum
539 2437 652 2486 praef
682 2438 849 2475 Licentii
888 2439 1022 2476 Evan-

62 2498 136 2548 geli
167 2497 405 2545 Sacerdotis,
436 2503 558 2548 atque
590 2499 627 2536 in
660 2499 840 2537 Goldasti
867 2501 1022 2538 Monar-

62 2558 149 2597 chia
179 2559 336 2609 Imperii
367 2564 394 2596 t.
427 2559 451 2597 2
481 2570 568 2609 pag.
600 2560 690 2598 454.

117 2621 207 2671 (200
237 2621 293 2660 De
316 2620 461 2660 celebri
492 2621 565 2659 hoe
604 2632 664 2671 op.
693 2621 894 2660 videndus
926 2622 1022 2660 liber

0 2718 1 2722 ,
62 2682 110 2720 cl.
151 2683 189 2720 P.
242 2683 421 2721 Zacearia
464 2683 517 2721 Le
553 2681 723 2721 doctrine
761 2682 824 2721 del
862 2687 1019 2734 preteso

62 2741 187 2782 secolo
212 2741 433 2781 illuminato
458 2744 622 2782 Faenza
643 2747 758 2784 4793.
785 2746 822 2783 8.
848 2745 910 2784 ubi
931 2749 1019 2795 post

61 2803 137 2844 An.
172 2805 268 2844 4344
299 2805 450 2844 obitum
475 2806 635 2844 Marsilii
667 2806 926 2846 statuendum
953 2807 1020 2845 ‹le-

65 2867 291 2915 monstrat.)

114 2930 328 2968 Tractatus
368 2928 414 2968 de
462 2929 722 2970 translatione
766 2930 936 2982 Imperii
980 2932 1016 2968 in

63 2991 252 3042 antilogia
283 2992 436 3042 Papae,
466 3003 487 3030 a
505 2993 667 3032 Matthia
687 2993 814 3031 Flacio
837 2998 877 3032 et
897 2994 1019 3032 wolf-

118 3123 152 3162 ο)
174 3123 255 3155 Aliis
277 3125 397 3157 vitiose
415 3124 670 3156 Menandrinus.

117 3172 153 3210 b)
183 3173 265 3205 Vide
287 3176 558 3206 continuatorem
583 3173 738 3204 Guilelmi
763 3173 804 3205 dc
830 3176 952 3214 Nangis
984 3175 1024 3206 ad

59 3224 97 3253 Α.
117 3221 309 3254 1517.Τοῐη.
326 3223 345 3254 5
377 3224 545 3262 spicilegii
567 3224 765 3254 Daclieriani
786 3231 859 3262 pag.
879 3224 931 3254 75.
945 3223 1023 3254 edit.

58 3279 184 3303 novae:
217 3276 318 3312 atque
344 3272 426 3303 alios
452 3274 632 3312 scriptores
664 3271 797 3301 illorum
829 3276 1026 3311 temporum.

119 3320 152 3361 c)
166 3321 289 3354 Gallice
307 3323 430 3353 inserta
447 3327 496 3353 est
514 3322 607 3361 operi
623 3320 840 3357 carmelitae,
855 3324 1028 3353 Boiiavcn-

59 3373 151 3404 turae
167 3369 208 3402 de
234 3374 265 3403 S.
291 3371 441 3403 Aimablc
464 3379 526 3411 pro
550 3371 745 3411 Apostolatu
769 3371 946 3409 Martialis,
965 3375 1026 3403 tri-

2019 261 2070 299 33

1113 340 1241 380 gango
1270 329 1594 379 Vv‘eissenburgio
1638 328 1743 367 edita
1788 331 1906 368 Basil.
1953 332 2070 371 4555.

1111 392 1146 429 8.
1177 396 1217 429 et
1248 393 1284 428 in
1317 392 1491 429 Simonis
1520 390 1698 429 Seliardii
1731 396 1991 442 syntagmate
2021 394 2070 433 dc

1106 453 1384 503 jurisdictione
1416 453 1625 502 Imperiali.
1657 453 1776 491 Basil.
1804 455 1922 493 4566.
1949 457 2050 494 Fran

1108 517 1180 555 cof.
1213 516 1328 554 4618,
1359 515 1408 552 fol
1440 518 1479 552 et
1508 515 1612 564 apud
1639 515 1877 554 Goldastum
1918 522 2017 555 tom.
2044 519 2067 556 2

1107 589 1194 629 pag.
1227 578 1316 616 447.
1348 581 1388 614 et
1418 578 1457 614 in
1487 575 1662 614 Eduardi
1690 579 1841 616 Brown
1875 583 1983 617 tomo
2009 591 2071 618 se—

1107 639 1234 678 condo
1265 639 1442 678 fasciculi
1475 649 1609 676 rerum
1656 640 1976 689 expetendarum
2022 653 2068 680 ac

1107 701 1415 749 fugiendarum,
1447 699 1569 738 Lond.
1603 701 1716 739 4690.
1750 702 1818 740 fol.
1849 714 1935 752 pag.
1963 705 2026 742 55.

1157 764 1211 801 De
1229 761 1513 814 jurisdictione
1545 761 1710 812 Imperii
1734 762 1774 800 ιἰι
1801 765 1938 803 causis
1981 776 2067 803 ma-

1108 823 1412 870 trimonialibus,
1434 824 1539 875 apud
1555 823 1791 862 Goldastum
1813 830 1905 862 tom.
1933 828 1955 863 ‘2
1978 838 2066 877 pag.

1108 888 1224 926 4383.
1256 886 1435 926 Eandem
1471 888 1506 924 in
1526 887 1769 924 sententiam
1786 886 2066 927 GuilelmiOc—

1103 950 1203 987 cami
1234 953 1274 987 et
1304 948 1549 986 infinitorum
1576 947 1744 985 aliorum
1770 949 1998 988 testimonia
2018 962 2063 988 ae

1101 1010 1249 1060 judicia
1292 1009 1459 1048 adduxit
1501 1009 1842 1058 defensitavitque
1887 1010 2064 1049 Joannes

1106 1074 1306 1111 Launoius
1338 1072 1434 1110 libro
1462 1073 1525 1109 cui
1556 1071 1727 1109 titulus:
1758 1071 1883 1121 Reyia
1909 1072 1949 1109 in
1978 1073 2064 1111 Μα-

1106 1134 1334 1173 trimonium
1360 1136 1548 1184 poteslas.
1581 1134 1704 1171 Paris.
1738 1133 1854 1171 4674.
1881 1139 1921 1171 ct
1967 1138 2062 1173 tom.

1107 1200 1120 1236 4
1159 1198 1260 1247 Opp.
1292 1198 1444 1234 Gech.
1480 1195 1595 1234 4731.
1625 1195 1691 1232 fol.

1156 1261 1336 1298 Examen
1365 1258 1551 1308 judiciale
1584 1257 1846 1296 FRANCISCI
1892 1259 2059 1306 Veneti,

1102 1322 1283 1359 asseclae
1313 1321 1473 1359 Massilii
1505 1319 1553 1356 de
1584 1318 1714 1357 Padua
1760 1323 1800 1356 et
1847 1319 2059 1359 JOANMS

1102 1381 1151 1419 de
1181 1382 1391 1429 Janduuo,
1421 1381 1468 1418 A.
1499 1381 1615 1419 4328.
1651 1380 1754 1429 apud
1787 1381 1993 1420 Baluzium
2031 1388 2060 1419 t-

1106 1445 1119 1482 4
1157 1444 1264 1481 Misc.
1291 1454 1379 1493 pag.
1412 1444 1502 1481 344.
1551 1441 1728 1480 JACOBI
1773 1441 1953 1480 Almaini
1994 1443 2062 1481 ad-

1098 1516 1242 1543 versus
1272 1505 1489 1543 Marsllium
1522 1508 1616 1541 tom.
1648 1504 1670 1540 2
1702 1504 1802 1553 Opp.
1833 1506 1889 1541 Jo.
1915 1504 2060 1543 Gerso-

1099 1569 1161 1606 nis
1190 1567 1286 1606 edit.
1320 1578 1447 1605 novae
1477 1578 1565 1616 pag.
1598 1566 1716 1604 4039.

1152 1632 1172 1652 ³⁶
1201 1631 1301 1679 Ejus
1330 1630 1624 1680 praefecturam
1656 1630 1696 1666 in
1724 1629 1940 1667 Viennensi
1962 1630 2063 1669 Aca-

1097 1692 1229 1730 demia
1262 1693 1417 1730 nonnisi
1449 1703 1497 1730 ex
1542 1691 1852 1729 hallucinatione
1900 1692 2065 1731 Fabricii

1097 1755 1344 1805 processisse
1365 1753 1554 1792 admonet
1577 1753 1625 1791 cl.
1647 1753 1892 1791 Lambacher
1918 1755 1955 1791 in
1982 1759 2062 1792 not.

1095 1816 1142 1855 ad
1181 1817 1280 1855 Bibl.
1320 1817 1404 1855 Civ.
1450 1815 1798 1854 vindobonensem
1839 1827 1925 1865 pag.
1973 1817 2061 1854 456.

1096 1879 1408 1917 Lambecianum
1439 1880 1544 1916 euim
1578 1877 1772 1927 diploma,
1798 1876 1901 1915 unde
1932 1877 2063 1915 Fabri-

1093 1941 1180 1979 cius
1211 1940 1246 1978 id
1278 1941 1410 1988 eruit,
1442 1951 1518 1977 non
1544 1944 1606 1976 est
1630 1938 1793 1988 quidem
1819 1938 2057 1978 Academiae

1093 2002 1334 2040 Viennensis
1365 2001 1434 2038 sed
1469 2001 1704 2039 Parisiensis
1734 1999 1754 2022 *

1145 2064 1415 2102 MARSILIUS
1445 2062 1490 2101 cle
1523 2061 1666 2101 Paclua
1700 2061 1806 2100 idem
1829 2072 1920 2100 eum
1943 2071 2058 2112 supe-

1092 2126 1213 2164 rior-e.

1150 2186 1368 2227 &vilelmus
1393 2187 1567 2227 MARTE
1579 2187 1717 2235 LLUS,
1740 2197 1860 2236 supra
1879 2191 1972 2224 tom.
1992 2188 2055 2225 111.

1097 2262 1182 2302 pag.
1216 2252 1306 2290 44-5.

1151 2312 1356 2363 Garqz'lt‘zcs
1387 2310 1687 2359 MARTIALIS,
1720 2311 1811 2350 ibid.
1839 2323 1926 2362 pag.
1959 2313 2023 2351 47.

1151 2376 1190 2414 S.
1224 2375 1499 2414 MARTIALlS
1532 2373 1846 2422 Lemovicensis,
1888 2374 2058 2424 Aposto—

1096 2437 1224 2475 lorum
1250 2442 1291 2475 at
1329 2437 1443 2486 ajunt
1474 2435 1722 2485 discipuluS,
1754 2439 1794 2472 et
1838 2434 2055 2484 Apostolus

1095 2498 1346 2548 Aquitaniae,
1370 2509 1390 2536 a
1417 2498 1606 2547 Gregorio
1636 2498 1858 2535 Turoneusi
1884 2498 1950 2546 qui
1977 2498 2055 2546 pri-

1096 2573 1187 2600 mus
1216 2561 1305 2611 ejus
1337 2563 1521 2608 meminit
1553 2561 1617 2598 lib.
1650 2562 1686 2598 4.
1729 2561 1826 2597 llist.
1870 2560 2051 2597 Francor.

1095 2635 1179 2673 cap.
1211 2624 1274 2662 28.
1306 2623 1420 2672 longe
1445 2622 1580 2672 junior
1611 2621 1864 2667 traditur‚et
1882 2620 1958 2658 sub
1978 2622 2052 2658 De-

1095 2686 1154 2722 cio
1186 2686 1460 2734 Imperatore,
1491 2683 1564 2720 hoc
1594 2687 1656 2720 est
1687 2692 1763 2719 non
1795 2686 1888 2719 ante
1918 2681 1963 2719 A.
2007 2683 2051 2720 C.

1094 2746 1454 2785 249Lemovicinis
1472 2745 1694 2794 Episcopus
1710 2742 1936 2781 destinatus
1958 2743 2052 2781 fuis-

1094 2820 1151 2847 se.
1180 2808 1311 2854 Quare
1341 2806 1566 2846 audiendus
1596 2807 1657 2843 vir
1694 2805 1836 2844 doctus
1873 2806 2049 2843 Joannes

1095 2870 1295 2910 Cordaeus
1325 2872 1410 2909 sive
1440 2869 1683 2915 Cordesius,
1714 2869 1940 2906 Canonicus
1979 2869 2048 2905 Le.-

1097 2934 1365 2979 movicensis,
1394 2933 1460 2982 qui
1489 2932 1525 2968 in
1549 2930 1741 2980 singulari
1770 2929 1866 2967 diss.
1902 2930 2050 2967 Gallice

1095 2996 1241 3045 scripta
1266 2996 1298 3043 c)
1323 2994 1461 3045 probat
1486 2994 1524 3032 S.
1546 2992 1761 3031 Martialem
1792 2993 2048 3030 Lemovicum

1088 3129 1149 3159 bus
1168 3127 1399 3158 voluminibus
1419 3129 1452 3157 in
1471 3125 1524 3157 sol.
1544 3127 1709 3157 Lemovici
1727 3124 1830 3156 editis
1852 3124 1941 3156 1676,
1964 3123 2054 3157 1685.

1089 3178 1181 3209 1085.
1206 3181 1297 3208 rom.
1330 3177 1355 3208 1.
1375 3185 1448 3215 pag.
1478 3175 1547 3206 146.
1574 3177 1694 3206 Eadem
1719 3176 1912 3206 dissertatio
1942 3177 2055 3207 Latine

1087 3235 1180 3257 versa
1197 3230 1300 3257 emat
1321 3228 1353 3256 in
1370 3227 1536 3256 Francisci
1557 3226 1709 3263 Bosqucti
1728 3226 1871 3255 Historia
1889 3224 2056 3256 Ecclesiae

1089 3277 1291 3308 Gallicanae.
1314 3279 1407 3305 Τοιιι.
1431 3276 1463 3306 2.
1489 3284 1520 3314 p.
1540 3274 1592 3306 50.
1616 3280 1646 3307 et
1669 3277 1702 3306 in
1727 3276 1817 3306 Actis
1840 3277 1990 3307 sanctor.
2019 3277 2057 3307 T.

1089 3327 1126 3357 V.
1145 3328 1234 3357 Junii
1254 3334 1326 3365 pag.
1346 3325 1421 3357 ὀδό.

1681 3439 1689 3474 l
1703 3438 1750 3473 3³)ss
