2517 4009
919 245 1306 285 NICOLAUS

110 319 203 358 Tres
224 317 379 370 yradus
398 314 639 356 ascendendi
661 316 701 355 in
723 316 874 367 triplici
895 315 1067 356 triclinio

103 382 257 420 mentis.
283 382 495 419 'tractatus
529 379 881 430 quinquepartitus
910 378 957 418 de
986 381 1069 430 My—

105 442 208 482 stica
240 439 455 491 Theoloqia.
478 439 753 491 Eoepositionis
779 440 934 480 Cantici
965 441 1070 480 Can-

105 503 299 552 cicorum,
321 501 419 542 libri
443 502 550 540 VIII.
579 503 635 541 De
663 502 774 542 modo
808 501 1072 553 perveniendi

104 564 161 604 ad
179 563 402 617 perfectam
428 564 525 602 DEI
544 569 583 604 et
604 565 790 618 proaeimi
810 563 1065 604 dilectionem.

105 625 343 667 Collationes
388 637 460 666 seu
504 638 713 666 sermones
755 627 899 666 breves
945 637 1067 678 super

103 687 323 739 Evangelia
346 688 605 728 Dominicalia
626 689 676 727 de
707 700 827 728 sensu
853 690 1066 740 anagogico

107 749 351 800 perducente
375 749 423 788 ad
449 751 636 788 unionem
663 751 810 788 mentis
833 761 924 789 cum
949 752 1066 791 ΠΕΟ.

102 811 315 851 Sermones
335 809 377 849 in
403 809 622 861 Evanyelia
646 810 910 850 Dominicalia
934 811 980 850 ad
1008 823 1068 851 re-

104 872 331 911 formandos
355 872 642 922 Religiosorum
675 885 819 912 mores.
854 873 1068 926 Appendiae

103 932 151 972 de
175 932 416 985 quibusdam
439 932 555 985 festis
584 933 632 973 ad
659 934 740 984 jam
775 935 904 974 dictas
943 936 1068 973 Colla-

103 997 247 1034 tiones.
271 993 389 1034 Liber
414 996 649 1035 Sermonum
674 1008 796 1048 super
817 996 1016 1048 Epistulas
1033 1001 1071 1035 et

102 1055 325 1108 Evangelia
353 1056 472 1096 totius
511 1058 621 1096 armi.
663 1060 873 1098 Sermones
898 1059 937 1097 in
963 1058 1068 1110 festa

103 1120 354 1159 Sanctorum.

157 1181 410 1221 NICOLAUS
434 1181 481 1221 de
503 1181 684 1221 Arimino
705 1212 713 1230 ‚
742 1183 836 1221 Ord.
868 1184 1002 1221 Minor.
1028 1187 1068 1220 et

102 1244 142 1283 S.
167 1243 301 1282 Theoi.
327 1245 530 1283 Professor
557 1247 659 1285 circa
691 1247 736 1285 A.
762 1239 879 1285 4443.
905 1247 1066 1297 scripsit

100 1305 225 1343 vitam
267 1308 309 1342 et
348 1309 462 1355 qesta
499 1305 700 1358 Rayualdi
742 1307 976 1358 Concoreqii
1015 1319 1065 1346 ex

99 1365 297 1416 Episcopo
332 1366 544 1405 Vicentino
587 1367 896 1418 Arichiepiscopi
933 1367 982 1407 ab
1021 1368 1067 1407 A.

102 1425 217 1466 4303.
248 1425 297 1465 ad
329 1427 445 1467 4324.
474 1429 733 1468 Ravennatis.
762 1429 899 1469 Edidit
925 1430 1068 1480 Ughel-

103 1487 168 1526 lus
205 1489 303 1526 tom.
336 1489 362 1528 2
399 1490 534 1528 Italiae
572 1500 709 1529 sacrae
745 1502 833 1541 pag.
879 1491 1067 1530 382-387.

100 1549 200 1588 edit.
227 1560 366 1591 novae.

150 1611 404 1651 NICOLAUS
433 1612 630 1661 Asianus,
662 1613 817 1664 Anglus
841 1614 1068 1666 Theologus

99 1676 142 1711 et
177 1671 224 1712 A.
263 1673 378 1713 4360.
408 1674 686 1714 cancellarius
728 1677 762 1724 a)
800 1676 1067 1725 offiniensis,

98 1733 220 1784 cujus
252 1736 444 1775 Lecturas
472 1736 704 1776 ordinarias
733 1742 773 1776 et
807 1738 1071 1784 Quaestiones

96 1807 220 1847 super
255 1799 489 1849 Magistrum
528 1799 827 1838 Sententiarum
877 1806 1071 1839 memorat.

105 1859 268 1898 Pitseus
290 1871 380 1911 pag.
404 1861 494 1899 888.
520 1872 570 1900 ex
593 1861 700 1900 Balei
725 1863 811 1900 XII.
839 1863 900 1901 48.

156 1921 410 1962 MCOLAUS
460 1922 668 1974 Auyusta,
723 1923 926 1970 Venetus,
977 1923 1069 1962 Ord.

107 1983 246 2023 Praed.
269 1984 485 2024 defunctus
509 1985 555 2024 A.
587 1984 703 2024 4446.
730 1987 891 2036 scripsit
913 1997 1074 2025 concor-

104 2044 264 2084 dantias
292 2045 578 2097 antiloyiarum
601 2047 842 2087 Aristotelis.
860 2050 1073 2088 Commen-

105 2108 206 2145 taria
246 2108 286 2146 in
316 2108 438 2147 libros
466 2110 555 2159 ejus
584 2110 775 2161 Logicos:
814 2115 854 2149 et
892 2112 1072 2150 Postillas

105 2179 227 2219 super
264 2169 386 2208 libros
417 2171 587 2210 Biblicos
617 2172 843 2223 plerosque.
874 2172 971 2211 Vide
1008 2174 1073 2212 Ja-

102 2229 246 2269 cobum
277 2231 416 2277 Quetif
442 2237 536 2272 tom.
569 2235 583 2273 4
619 2246 702 2284 pag.
736 2235 827 2273 806.

159 2288 414 2330 NICOLAUS
443 2290 490 2330 de
518 2291 696 2331 Auaez‘mo
714 2325 724 2341 ,
754 2293 836 2333 sive
870 2293 1071 2332 Auxima—

102 2361 202 2399 uus,
227 2353 422 2400 Picenus,
451 2353 544 2392 Ord.
575 2356 711 2393 Minor.
744 2356 948 2394 familiaris
977 2358 1070 2394 Ber-

103 2412 258 2452 nardini
295 2414 488 2452 Senensis
517 2417 620 2454 circa
650 2416 695 2454 A.
729 2417 846 2455 4427.
883 2417 1071 2455 Palaesti-

103 2485 195 2512 nam
212 2474 331 2523 jussu
351 2476 507 2514 Martini
532 2477 575 2514 V.
596 2476 691 2515 adiit
711 2506 718 2524 ‚
746 2478 876 2527 ibique
899 2479 1069 2517 Vicaria-

103 2540 146 2574 tu
169 2537 399 2575 Provinciae
420 2537 458 2576 S.
484 2536 625 2587 Angeli
650 2543 690 2577 et
711 2539 888 2578 locorum
911 2544 1068 2577 sancto-

102 2608 191 2635 rum
223 2597 385 2636 functus
414 2601 502 2635 est:
534 2603 654 2648 atque
686 2600 970 2649 Hierosolymis
1009 2611 1068 2637 re,-

101 2657 184 2696 dux
209 2659 246 2696 in
273 2659 470 2698 coenobio
494 2658 596 2698 Arae
620 2660 727 2698 Coeli
754 2661 857 2699 diem
884 2661 977 2698 obiit
1001 2671 1068 2699 su-

99 2730 298 2770 premum.
318 2722 374 2759 De
394 2731 440 2759 eo
462 2725 619 2771 praeter
641 2723 900 2760 Possevinum
917 2751 927 2767 ‚
947 2721 1067 2759 Wad-

101 2780 246 2832 dingus
285 2787 380 2820 tom.
421 2783 463 2820 V.
501 2782 716 2821 Annalium
755 2787 795 2821 et
838 2783 1066 2821 Bibliotliec.

100 2841 194 2881 Ord.
219 2844 354 2883 Minor.
377 2855 464 2895 pag.
489 2844 581 2882 263.
605 2849 646 2882 et
671 2846 714 2883 ll.
748 2844 992 2883 Warthonus
1017 2844 1064 2882 ad

102 2902 296 2943 Cave—um.
335 2904 434 2954 Ejus
472 2908 646 2956 scripta:
688 2908 853 2945 Summa
891 2906 1067 2945 Casuum

104 2963 403 3014 Conscientiae,
435 2968 563 3006 Venet
596 2969 709 3007 4494.
748 2967 1067 3020 Supplementum

101 3025 157 3064 ad
179 3028 387 3067 Summam
414 3029 681 3074 Pisanellam,
713 3030 916 3069 Mediolan.
953 3030 1064 3067 4484.

100 3091 241 3129 Venet.
269 3090 384 3128 4489.
418 3091 452 3128 4.
478 3091 835 3141 Interroqatorium
861 3090 1066 3143 Confesso-

99 3163 194 3205 rum
216 3152 346 3191 Venet
367 3152 483 3192 4489.
509 3155 544 3191 8.
566 3153 686 3193 Liber
706 3153 799 3205 Ieyis
825 3152 1060 3201 Cauonicae,

101 3214 187 3253 sive
212 3214 403 3254 librorum
425 3215 533 3253 Juris
554 3215 740 3256 Canonici
767 3217 952 3267 epitome.
973 3216 1065 3254 Ser-

0 3352 2 3428 i
151 3354 186 3393 a)
214 3358 335 3390 Aulon.
360 3356 472 3389 Wood.
501 3358 690 3396 Antiqitatt.
716 3360 817 3389 Oxou.
845 3360 924 3387 tom.
948 3356 967 3386 ⁶2
991 3363 1065 3396 pag.

0 3429 2 3449 l

2030 251 2098 288 401

1142 327 1274 355 mones
1298 346 1305 363 ‚
1354 315 1734 369 Quadrayesimale,
1783 322 1903 368 atque
1953 319 2105 358 italice:

1147 378 1468 418 Commentarius
1497 379 1535 418 in
1555 379 1736 431 reyulam
1768 379 1852 419 Ord
1892 380 2034 419 Minor.

1196 440 1217 463 ¹*
1248 440 1350 479 Sunt
1380 441 1485 492 apud
1514 453 1576 480 me
1601 442 1798 481 editiones
1822 442 1924 481 duae
1949 444 2108 494 supple-

1143 503 1265 540 menti
1293 502 1339 541 ad
1358 503 1579 542 Summam.
1602 504 1836 542 Pasinellam
1857 503 2025 543 authore
2043 504 2108 542 Ni-

1142 564 1253 602 colao
1290 564 1339 602 de
1381 564 1576 612 Auximo,
1600 577 1796 615 quarum,
1831 570 1876 604 ut
1913 571 2105 616 apparet,

1142 626 1418 664 vetustissima
1445 627 1482 663 in
1510 626 1587 665 fine
1626 628 1764 666 mutila
1801 632 1887 675 est,
1915 631 1959 666 ut
1994 628 2104 667 locus

1141 691 1181 726 et
1200 691 1364 738 tempus
1387 687 1574 726 editionis
1597 688 1860 728 desideretur.
1879 690 1991 728 Alter
2012 702 2107 729 vero

1144 748 1276 788 Codex
1305 750 1488 799 signatur
1512 750 1690 788 Venetiis
1730 751 1831 789 4477
1871 753 1975 799 (non
2013 762 2107 802 ergo

1148 811 1253 849 4489
1281 815 1325 848 ut
1351 810 1443 858 hic)
1476 812 1726 850 Pestremum
1759 824 1851 851 vero
1869 813 2002 851 hocin
2029 814 2107 852 line

1140 871 1332 910 adiuncta
1374 871 1537 910 exhibet
1585 873 1749 912 consilia
1800 874 2012 913 Alexandri
2059 874 2108 913 de

1144 935 1253 972 Nevo
1279 934 1463 984 negantis
1490 934 1546 973 sas
1570 945 1660 973 esse
1685 936 1816 974 vocari
1843 936 2040 984 ludaeos,
2064 941 2108 976 ut

1142 995 1453 1034 foenerationem
1481 1002 1709 1035 exerceant.

1195 1057 1284 1106 (229
1302 1057 1654 1107 Supplementum.
1674 1059 1864 1096 Vercellis
1884 1057 1999 1098 4485.
2026 1061 2062 1098 in
2083 1060 2107 1098 f.

1139 1130 1209 1170 per
1225 1118 1356 1157 Jacob.
1374 1118 1422 1157 de
1439 1119 1558 1169 Suigo
1579 1124 1823 1158 memoratur
1839 1132 1859 1159 a
1876 1121 2110 1159 cLVernaz-

1142 1192 1198 1219 za.
1234 1180 1447 1219 Osservaz.
1472 1191 1593 1232 sopra
1619 1180 1678 1231 9l2·
1697 1180 1841 1219 annali
1862 1181 1926 1220 del
1953 1184 2110 1221 Panzer

1139 1242 1354 1280 Biblioteca
1385 1241 1488 1280 4793
1518 1243 1673 1292 Giugno
1704 1244 1794 1282 298.
1818 1245 1960 1282 Torino
1982 1246 2019 1282 in
2042 1246 2077 1282 8.
2099 1246 2107 1293 )

1189 1302 1441 1341 NICOLAUS
1465 1304 1761 1353 Baquatorius‚
1783 1306 1994 1344 Brixianus
2014 1305 2110 1343 Ord.

1143 1364 1277 1402 Praed.
1302 1365 1421 1403 ciirca
1446 1365 1496 1403 A.
1525 1367 1594 1404 454
1606 1366 1640 1403 6.
1671 1368 1830 1416 scripsit
1861 1367 1982 1405 Vitam
2010 1368 2110 1407 Con-

1141 1424 1279 1463 radim'
1305 1425 1523 1475 Bornasla,
1548 1428 1719 1465 Brixiani
1751 1439 1800 1465 ex
1830 1427 1970 1466 eodem
1996 1430 2109 1468 Ordi—

1143 1498 1218 1536 ne,
1262 1487 1440 1526 defuncti
1489 1489 1687 1526 Bononiae
1727 1490 1771 1526 Α.
1815 1489 1930 1527 4429.
1977 1491 2109 1528 Edidit

1142 1547 1322 1586 Leander
1357 1548 1548 1588 Albertus
1586 1551 1624 1587 in
1655 1561 1772 1600 opere
1803 1550 1851 1588 de
1889 1551 2109 1590 illustribus

1141 1610 1245 1648 Viris
1269 1610 1362 1648 Ord.
1394 1611 1666 1649 Praedicatorii
1697 1624 1782 1662 pag.
1813 1613 1902 1650 249.
1932 1613 2110 1652 Laudant

1142 1671 1310 1710 Vossius
1339 1683 1426 1723 pag.
1460 1674 1548 1711 816.
1575 1677 1615 1711 et
1643 1674 1813 1712 Jacobus
1844 1674 2052 1714 Echardus
2081 1681 2108 1714 t.

1144 1733 1180 1772 2.
1212 1734 1312 1772 Bibl.
1347 1735 1636 1773 Dominicanor.
1670 1747 1754 1786 pag.
1782 1736 1844 1774 34.

1197 1793 1455 1835 MCOLAUS
1470 1797 1586 1836 Baleo
1610 1798 1688 1836 Vll.
1711 1798 1772 1836 52.
1796 1797 2007 1849 Bayarde,
2030 1800 2106 1837 Ba-

1138 1855 1291 1906 jardus
1329 1859 1460 1896 Pitseo
1489 1870 1575 1909 pag.
1609 1860 1697 1898 588.
1730 1859 1903 1898 aliis'de
1940 1861 2109 1900 Briaclio

1145 1918 1336 1967 Brz‘atho,
1375 1921 1524 1958 rectius
1561 1920 1607 1959 cle
1635 1921 1798 1972 Byamt,
1833 1922 1904 1970 (de
1943 1922 2108 1971 Biardo,

1146 1979 1195 2019 de
1225 1981 1413 2030 Viardo:)
1446 1993 1522 2020 non
1552 1983 1708 2034 Anglus
1737 1983 1808 2022 sed
1839 1985 2005 2032 Gallus,
2039 1996 2110 2023 nec

1146 2042 1194 2080 ad
1224 2043 1269 2082 A.
1302 2044 1419 2083 4410.
1449 2044 1518 2083 sed
1549 2045 1597 2084 ad
1629 2046 1675 2084 A.
1706 2048 1820 2085 4250.
1862 2047 2109 2086 referendus.

1148 2104 1245 2143 Vide
1283 2105 1450 2145 eandem
1492 2107 1589 2146 Bibl.
1631 2108 1978 2148 Dominicanorum
2016 2114 2109 2147 tom.

1147 2168 1181 2205 4.
1213 2179 1299 2218 pag.
1324 2168 1413 2206 423.
1439 2179 1524 2218 seq·
1551 2169 1716 2220 Scripsit
1743 2171 1949 2210 Summam
1973 2170 2019 2209 de
2042 2169 2111 2208 ab-

1146 2228 1355 2277 stinentia,
1387 2235 1472 2268 tum
1505 2230 1781 2270 Distinctioues
1823 2233 2080 2283 Theologicas
2101 2260 2110 2276 ,

1145 2292 1231 2329 sive
1252 2296 1472 2342 conceptus
1493 2292 1803 2342 praedicabiles:
1822 2295 1964 2332 Placita
1987 2294 2112 2332 Theo-

1145 2353 1267 2404 logica
1292 2357 1332 2391 et
1354 2355 1562 2392 Lectiones
1581 2382 1589 2394 .
1614 2355 1911 2404 Sermonesque
1934 2355 1982 2393 de
2009 2361 2110 2393 tem-

1144 2425 1264 2464 pore,
1295 2414 1667 2465 Quadragesimales
1696 2421 1735 2454 et
1763 2416 1811 2454 de
1836 2418 2006 2455 Sanctis.

1198 2476 1448 2515 NICOLAUS
1470 2476 1673 2516 Bariauus
1693 2479 1701 2525 (
1720 2479 1860 2516 vitiose
1879 2479 2106 2524 Bar-sanus)

1144 2537 1426 2586 Placentinus,
1449 2538 1767 2586 Augustinianus
1791 2540 1893 2576 circa
1919 2540 1960 2576 Α.
1989 2539 2103 2576 4490.

1144 2594 1302 2648 scripsit
1328 2599 1504 2637 Causam
1535 2598 1768 2637 Vitaliauam
1793 2599 1842 2636 de
1866 2598 2106 2649 praeceden-

1142 2661 1193 2696 tia
1211 2659 1592 2708 Augustinianorum
1613 2671 1704 2710 prae
1723 2660 2105 2698 Franciscanis.Crc-

1144 2732 1282 2758 monae
1312 2722 1427 2759 4500.
1453 2723 1680 2759 Tractatum
1707 2720 1753 2758 (le
1778 2722 1905 2759 ,lloute
1927 2721 2103 2771 impieta-

1143 2782 1214 2827 tis,
1257 2784 1342 2819 sive
1372 2788 1509 2821 contra
1552 2794 1697 2821 usuras
1736 2794 1962 2821 mensarum
2000 2794 2102 2831 quae

1143 2849 1301 2882 montes
1321 2846 1478 2894 pietatis
1502 2850 1695 2884 vocantur
1716 2875 1723 2881 .
1745 2847 1962 2883 Cremonae
1986 2845 2099 2882 4496.

1142 2910 1182 2942 et
1210 2917 1300 2944 cum
1334 2907 1517 2944 Dorothei
1544 2907 1698 2944 Asciani
1726 2907 1810 2942 sive
1842 2907 1885 2944 1).
1915 2905 2099 2943 Matthiae

1144 2968 1450 3006 Zimmermanni
1495 2969 1590 3006 libro
1625 2967 1673 3005 de
1705 2967 1904 3005 montibus
1943 2969 2099 3014 pietatis

1142 3030 1404 3068 Romanensis
1426 3035 1466 3067 et
1490 3029 1698 3067 Fraucisei
1718 3028 1995 3066 l‘Al‘Al·*AV;l·]
2011 3029 2097 3065 ,14111

1141 3092 1317 3130 Patavini
1348 3091 1546 3129 decisione
1584 3095 1718 3128 contra
1757 3095 1911 3127 montes
1941 3091 2098 3139 pietatis

1141 3153 1242 3202 Lips.
1269 3153 1384 3192 4670.
1405 3152 1440 3190 4.
1467 3150 1833 3201 Quadraqesimule.
1859 3149 2097 3199 Quodlibeti-

1139 3225 1226 3252 cum
1244 3215 1426 3253 LXXVII.
1443 3213 1715 3265 quaestionum
1733 3210 2066 3263 praedicabilium
2086 3242 2094 3251 .

1137 3354 1202 3385 117.
