2517 4009
847 221 1252 275 navssNNAs

59 298 190 344 Quum
222 305 315 334 vero
344 304 378 332 a.
410 292 525 331 ⁴502.
557 290 782 330 Fridericus
827 293 892 331 lll.
922 293 1016 332 Ele-

57 362 143 397 ctor
184 356 378 396 Saxoniae
419 352 677 392 Academiam
723 353 1017 405 Wittebergen-

61 429 146 457 sem
179 417 447 474 instituisset„
479 415 618 454 multis
649 416 833 466 precibus
858 429 878 455 a
912 418 1018 456 Duce

57 479 312 519 Pomeraniae
354 478 517 516 Petrum
565 476 672 515 hunc
702 480 884 516 extorsit.
919 479 1019 517 Wit-

57 541 243 590 tebergae
285 550 356 590 per
399 549 527 577 annos
558 549 635 576 non
669 538 884 578 admodum
917 541 1020 579 mul-

58 606 120 640 tos
149 601 307 648 docuit,
338 604 450 639 tanto
472 601 520 638 ibi
548 600 683 639 favore
710 600 897 640 Friderici
931 602 1019 640 Ele-

56 663 179 702 ctoris
208 666 249 700 et
277 663 441 700 Joannis
473 662 629 709 fratris,
662 666 707 700 ut
746 662 1022 712 praelectioni-

56 725 132 764 bus
162 723 251 774 ejus
281 725 537 762 interessent.
568 725 601 769 a)
632 725 773 762 Mirum
810 730 873 762 est
917 726 1020 764 Scri-

56 791 191 838 ptores
219 785 269 823 de
299 785 513 824 Academia
544 785 703 824 laudata
731 786 835 824 illius
858 797 906 824 ne
933 798 1020 824 ver-

55 847 148 887 bulo
196 847 358 898 quidem
405 849 650 886 meminisse.
695 847 764 886 lllo
813 841 1018 898 tempore,

55 909 300 949 Marschalco
331 913 460 958 teste,
486 908 569 960 jam
593 920 717 947 senex
743 914 852 955 erat3
884 914 1017 948 tamen

59 971 194 1010 nescio
225 982 302 1021 qua
347 970 397 1008 de
426 981 598 1018 caussa,
629 970 723 1008 hinc
753 971 874 1017 abiit,
910 971 1022 1010 Colo-

57 1033 163 1071 niam
203 1032 419 1083 profectus.
465 1032 519 1070 lbi
566 1032 766 1071 fortunam
813 1033 1019 1072 fautricem

58 1105 136 1134 non
181 1094 346 1143 habuit,
390 1106 412 1134 a
456 1095 784 1138 Coloniensibus,
827 1096 1022 1134 bonorum

58 1156 283 1196 studiorum
317 1158 514 1204 inimicis,
539 1157 720 1206 ejectus,
748 1162 851 1195 teste
877 1157 1024 1195 Corne-

58 1219 108 1257 lio
137 1219 308 1270 Agrippa
333 1219 371 1256 in
396 1218 576 1268 Epistola
608 1217 863 1268 Apologetica
885 1218 932 1256 ad
956 1218 1025 1256 Se-

57 1285 198 1320 natum
246 1280 542 1319 Coloniensem.
571 1279 608 1325 b)
640 1280 738 1317 Hinc
768 1280 932 1318 incertis
962 1290 1024 1317 se-

58 1342 178 1381 dibus
207 1345 380 1392 vagatus
423 1345 514 1389 est,
544 1340 651 1379 unde
683 1339 858 1379 Ortwinz'
892 1341 1028 1379 Gratii

59 1401 365 1444 Criticomastiae
405 1400 747 1453 pereyrinationis
791 1402 903 1440 Petri
949 1403 1022 1441 Ra-

57 1463 239 1506 vennatis
271 1463 451 1514 Lugduni
487 1464 602 1502 4544.
634 1462 804 1513 prodiit,
836 1465 873 1500 in
913 1475 1021 1514 quo,

59 1531 164 1567 teste
193 1527 276 1566 Val.
308 1525 466 1565 Andrea
497 1526 534 1562 in
566 1525 664 1563 Bibl.
690 1525 847 1576 Belgica
869 1537 904 1576 p.
932 1525 1023 1564 709.

56 1590 182 1629 multa
226 1589 276 1628 de
318 1587 505 1628 laudibus
550 1588 653 1626 Petri
699 1588 945 1626 Ravennatis
983 1594 1023 1627 et

57 1651 298 1692 Academiae
347 1651 598 1691 Coloniensis
646 1651 921 1690 continentur.
968 1652 1025 1690 De

65 1720 194 1754 morte
226 1714 322 1753 nihil
353 1717 524 1753 constat.

109 1777 296 1816 Memoria
328 1787 428 1816 usus
456 1779 520 1814 est
549 1774 772 1823 artificiali,
805 1774 876 1813 sed
906 1775 1024 1825 plane

58 1838 284 1890 stupenda,
314 1838 434 1888 cujus
463 1838 517 1875 rei
548 1848 595 1875 ex
630 1838 754 1887 ipsius
779 1838 940 1887 scriptis
965 1841 1030 1875 te-

58 1901 244 1940 stimonia
273 1899 472 1939 dederunt
500 1900 579 1938 VV.
626 1899 702 1938 CC.
745 1899 803 1938 Jo.
849 1900 968 1938 Henr.
1000 1910 1022 1938 a

59 1963 199 2003 Seelen
230 1964 268 2001 in
299 1963 467 2002 Selectis
497 1962 682 2000 literariis
706 1974 744 2013 p.
769 1963 858 2000 678.
891 1966 932 2000 et
961 1961 1018 1999 Jo.

57 2026 127 2065 Ge.
175 2025 462 2065 Schelhornius
507 2029 602 2063 tom.
632 2025 687 2062 XI
717 2024 1018 2063 Amoenitatum

58 2089 322 2128 literariarum
366 2099 403 2138 p.
449 2087 511 2126 46.
542 2097 656 2137 seqq.
690 2087 958 2125 Maximiliano
988 2087 1018 2125 Ι.

59 2150 293 2202 Imperatori
324 2150 544 2199 specimina
586 2147 675 2198 ejus
719 2150 773 2187 rei
805 2148 942 2196 dedit,
980 2153 1020 2186 et

63 2212 300 2252 muneribus
328 2212 378 2250 ab
408 2212 493 2261 ipso
521 2215 688 2249 ornatus
712 2203 819 2249 abiit.
842 2211 931 2261 Ipse
961 2222 1022 2249 ra-

56 2274 208 2313 tionem
239 2273 362 2323 hujus
390 2273 606 2311 memoriae
636 2272 752 2311 docet
784 2274 820 2310 in
847 2273 1020 2311 libroin-

56 2337 180 2375 serius
208 2335 435 2384 laudando,
478 2334 547 2373 sed
588 2334 683 2372 mihi
720 2335 807 2373 visa
849 2340 912 2373 est
956 2335 1020 2373 illa

57 2397 190 2449 paullo
219 2397 470 2444 abstrusior,
501 2398 559 2434 sic
590 2401 633 2434 ut
665 2396 797 2435 malim
830 2398 917 2435 sine
950 2396 1014 2435 illa

57 2470 175 2508 esse,
205 2470 325 2510 quam
357 2460 482 2497 tantis
512 2468 575 2495 me
614 2459 724 2495 tricis
768 2459 1019 2508 immergere.

110 2523 224 2562 Nunc
254 2521 400 2571 scripta
432 2519 710 2570 proferemus:

111 2587 148 2624 4.
180 2581 461 2636 Compendium
489 2580 605 2620 Jurz's
636 2579 787 2620 Civilis.
813 2581 1017 2631 Albiburgi

58 2646 381 2700 (Wittebergae)
425 2643 549 2696 pridie
596 2647 722 2681 nonas
765 2642 1018 2693 Septembris

59 2709 175 2750 ⁴503.
208 2709 243 2746 4.

110 2772 149 2811 9..
180 2767 460 2822 Compendium
502 2767 617 2805 Juris
663 2765 879 2806 Canonici:
925 2776 1017 2816 pars

57 2834 176 2885 prior.
213 2830 404 2872 Clausula
448 2828 634 2867 editionis
677 2827 1016 2878 Wittebcrgensis

60 2894 159 2934 haec
183 2898 271 2932 est:
304 2892 545 2943 Impressum
575 2893 635 2928 est
661 2888 730 2927 hoc
762 2888 868 2939 Opus
904 2888 1017 2927 Com-

54 2955 197 3007 pendii
240 2953 360 2993 Juris
403 2952 619 2997 canonici,
667 2950 799 3002 quoad
842 2949 1017 3000 primam

61 3017 146 3068 ejus
170 3019 330 3068 partem
359 3015 399 3054 in
425 3012 703 3065 florentissimo
733 3011 871 3051 Studio
925 3011 1018 3053 Wit-

63 3077 320 3129 tenburyensi
334 3106 342 3125 ‚
371 3080 460 3115 arte
489 3079 525 3114 et
553 3074 755 3113 industria
786 3073 936 3112 honesti
961 3072 1025 3112 vi·

61 3143 104 3182 ri
123 3138 355 3181 Baccalarii
383 3137 603 3189 Wolfyanyz'
621 3135 878 3176 Monacensis.-
901 3136 1016 3174 4504.

119 3301 152 3341 a)
177 3302 234 3332 Nic
258 3297 500 3331 mareschalcus
528 3296 671 3327 Thurius
692 3297 724 3327 in
743 3295 884 3344 praelat.
903 3295 943 3326 ad
964 3303 1026 3326 no-

58 3352 116 3384 stri
141 3347 382 3389 compendium
408 3349 494 3378 suris
510 3345 635 3378 Civllis.

1971 226 2043 264 301

1091 291 1155 331 ⁶20.
1185 291 1348 344 Aprilis.
1382 294 1445 332 fol.
1479 294 1726 344 Lipsiens3m
1757 305 1791 333 a.
1823 295 1940 334 4506.
1975 305 2062 334 me-

1095 359 1222 393 morat
1269 357 1460 394 (ioetzius
1503 355 1552 394 de
1594 356 1836 395 Bibliotheca
1875 357 2061 397 Senatus

1093 417 1312 466 Lipsiensis
1341 429 1428 468 pag.
1463 418 1497 455 4.
1529 428 1632 467 quae
1662 418 1786 457 altera
1819 419 1924 458 illius
1964 431 2058 470 pars

1093 482 1168 515 est.
1200 478 1296 516 Vide
1327 479 1532 518 Leichium
1563 478 1612 517 de
1642 479 1806 530 Origine
1855 482 2059 532 Typogra—

1093 539 1210 589 phiae
1235 541 1454 590 Lipsiensis
1481 553 1516 591 p.
1543 541 1606 579 84.
1629 541 1695 580 86.

1148 602 1184 639 3.
1213 602 1256 638 In
1280 601 1593 640 eonsuetudines
1618 602 1847 641 Feuclorum
1865 603 2060 655 Compen-

1093 661 1226 710 dium,
1258 664 1301 701 D.
1335 665 1601 703 Maximiliano
1632 667 1657 703 l.
1697 665 1856 704 Caesari
1901 666 2060 706 dedica-

1094 728 1195 761 tum.
1230 725 1369 763 Venet.
1404 726 1466 763 fol.
1498 727 1535 763 in
1568 727 1701 765 Tract.
1735 729 1996 767 Tractatuum
2029 733 2056 766 t.

1096 783 1134 821 X
1163 786 1299 824 Colon.
1346 786 1462 825 4567.
1495 788 1530 824 8.
1562 787 1631 825 sed
1678 790 1714 825 in
1761 789 1832 827 hac
1880 789 2056 828 editione

1094 846 1290 885 dedicatio
1315 847 1579 887 desideratur.

1150 908 1186 945 4.
1215 908 1271 946 De
1299 908 1517 960 artificiosa
1542 910 1746 948 memoria.
1773 912 1911 949 Venet.
1940 912 2059 951 4494.

1097 970 1251 1008 Vicent.
1284 971 1400 1009 4600.
1433 972 1511 1010 llas
1539 971 1736 1010 editiones
1774 974 1871 1011 citat
1902 974 2058 1012 Arisius

1100 1044 1136 1069 in
1169 1033 1367 1071 Cremona
1399 1033 1555 1072 literata
1601 1038 1696 1072 tom.
1727 1035 1740 1073 l
1772 1046 1809 1085 p.
1841 1035 1931 1074 356.
1974 1036 2058 1086 Ego

1099 1094 1178 1131 vidi
1209 1094 1426 1133 editionem
1457 1097 1542 1134 sine
1573 1106 1678 1134 anno
1708 1101 1748 1134 et
1779 1097 1862 1136 loco
1893 1098 2059 1148 impres-

1098 1166 1182 1193 sam
1214 1156 1290 1193 litt.
1332 1157 1639 1207 Longobardicis
1668 1158 1692 1195 2
1722 1158 1822 1209 plag.
1855 1159 1891 1196 4.
1927 1158 2059 1198 Editio

1100 1217 1350 1256 Coloniensis
1380 1229 1415 1256 a.
1447 1219 1562 1257 4608.
1593 1220 1627 1257 8.
1661 1220 1767 1258 hunc
1798 1220 1917 1259 habet
1962 1222 2060 1260 titu-

1098 1278 1208 1316 lum:
1239 1277 1452 1319 Phoenice.
1483 1279 1567 1319 sive
1604 1280 1659 1318 ad
1699 1281 1951 1331 artificialem
1979 1294 2057 1320 me-

1099 1340 1269 1378 moriam
1316 1342 1627 1392 comparandam
1673 1342 1805 1382 brevis
1834 1343 1991 1394 quedem
2021 1347 2060 1382 et

1095 1400 1258 1454 facilis,
1288 1402 1356 1441 sed
1397 1414 1442 1440 re
1487 1403 1574 1453 ipsa
1618 1407 1657 1442 et
1684 1416 1762 1443 usu
1801 1404 2059 1456 comprobata

1097 1462 1356 1502 Introductio.

1151 1528 1188 1564 5.
1217 1524 1407 1576 Repetitio
1437 1536 1468 1563 c.
1501 1526 1610 1564 Inter
1638 1525 1741 1575 alia,
1773 1526 1819 1565 de
1855 1539 1955 1566 emu.
1998 1540 2059 1567 ec-

1099 1586 1166 1626 cle.
1199 1587 1276 1637 (de
1307 1588 1530 1626 emunitate
1561 1588 1625 1626 vel
1656 1589 1910 1627 immunitate
1935 1590 2060 1628 eccle-

1101 1650 1279 1698 siarum)
1311 1650 1516 1698 Lubecae,
1547 1649 1653 1700 apud
1685 1651 1831 1690 Lucam
1862 1651 2058 1702 Brandis,

1102 1713 1219 1752 4499.
1250 1712 1314 1750 sol.
1347 1712 1429 1750 Sub
1459 1712 1580 1751 finem
1612 1714 1754 1752 Petrus
1780 1718 1918 1752 noster
1942 1725 2058 1753 voca-

1102 1780 1169 1813 tur
1214 1773 1456 1813 ordinarius
1503 1774 1618 1814 Jure's
1662 1774 1891 1825 Imperz'alz's
1927 1774 2058 1814 almae

1103 1836 1384 1876 Universicatis
1429 1835 1802 1887 Gripeswaldensis.
1833 1838 1976 1876 Notitia
2012 1838 2059 1876 li—

1097 1900 1156 1939 bri
1186 1900 1356 1938 debetur
1384 1899 1417 1937 J.
1451 1900 1493 1937 H.
1516 1911 1538 1938 a
1559 1899 1700 1938 Seelen
1724 1900 1751 1937 l.
1777 1910 1808 1937 c.
1835 1903 1874 1937 et
1899 1901 1936 1936 in
1959 1901 2056 1938 Hist.

1097 1961 1402 2012 Typographiae
1434 1961 1678 1999 Lubecensis
1708 1972 1796 2012 pag.
1822 1961 1885 1999 36.
1910 1962 1992 2000 Sub
2016 1962 2061 2000 fi-

1096 2035 1188 2062 nem
1221 2022 1309 2073 ejus
1341 2028 1476 2062 exstat
1520 2024 1692 2063 Carmen
1724 2023 1764 2061 in
1795 2022 1952 2062 laudem
1982 2025 2059 2063 Lu—

1097 2085 1238 2135 becae,
1270 2097 1349 2136 quo
1379 2097 1525 2136 genere
1547 2086 1745 2125 scribendi
1771 2090 1908 2124 noster
1932 2088 2055 2126 etiam

1097 2149 1252 2200 polluit.

1151 2210 1233 2260 634
1243 2208 1469 2261 lphabetum
1496 2221 1668 2248 aureum
1691 2211 1805 2249 Jurz's
1834 2210 2057 2262 utriusque,

1096 2271 1204 2323 quod
1234 2270 1288 2309 acl
1306 2268 1512 2322 publicam
1541 2270 1879 2309 scholasticorum
1906 2271 2060 2310 utilita-

1095 2337 1168 2371 tem
1186 2344 1234 2371 aa:
1251 2336 1296 2371 ut
1311 2331 1436 2370 multa
1453 2343 1508 2370 eac
1526 2335 1697 2382 tempore
1718 2332 1758 2369 in
1778 2336 1946 2383 utroque
1956 2334 2057 2383 jicre

1095 2399 1176 2433 tum
1191 2393 1430 2446 apponendO,
1449 2397 1529 2431 tum
1541 2393 1821 2444 respondendo,
1841 2397 1922 2431 cnm
1939 2393 2057 2431 etiam

1093 2455 1390 2495 determinando
1425 2455 1655 2493 memoriter
1673 2455 1946 2506 pronunciare
1967 2466 2058 2505 pos-

1094 2523 1204 2566 sent,
1230 2519 1270 2556 z'n
1309 2517 1434 2556 lucem
1459 2516 1606 2562 edidit,
1633 2520 1751 2567 atque
1780 2515 2054 2566 amplissimae

1098 2580 1393 2617 Germanorum
1426 2579 1683 2617 [niver-sitast
1711 2577 1936 2617 Coloniensi
1958 2589 2056 2616 nun-

1093 2641 1266 2691 cupavit.
1291 2639 1534 2678 Gualtherns
1563 2637 1808 2689 Tanyherius
1845 2641 1858 2677 4
1871 2639 1958 2677 507.
1983 2640 2048 2677 fol.

1092 2706 1201 2743 Hanc
1216 2703 1430 2741 editionem
1454 2706 1646 2746 memorat
1669 2702 1726 2738 Jo.
1753 2702 1870 2738 Henr.
1897 2712 1933 2739 a.
1960 2702 2055 2740 See-

1093 2766 1182 2813 len,
1213 2770 1252 2802 et
1280 2763 1458 2814 Kappius
1483 2763 1648 2813 praefat.
1687 2761 1736 2800 ad
1772 2762 1924 2800 Beehrii
1958 2763 2052 2800 Hist.

1091 2826 1447 2877 Meclenburgicam
1468 2836 1553 2875 pag.
1582 2824 1643 2862 46.
1668 2824 1754 2862 Alia
1778 2833 1870 2861 cum
1889 2823 2054 2861 additio-

1093 2889 1209 2927 nibus
1224 2890 1320 2937 Mag.
1337 2887 1501 2925 Joannis
1522 2886 1570 2925 de
1587 2885 1798 2931 GradibuS‚
1815 2891 1855 2923 et
1879 2884 2052 2923 Ortwini

1092 2950 1214 2989 Gratii
1240 2950 1558 2998 Criticomastige
1593 2948 1925 2997 Peregrinationis
1949 2948 2052 2986 Petri

1094 3014 1350 3051 Ravennatis.
1395 3010 1517 3061 Lugd.
1553 3021 1614 3059 ap.
1656 3010 1761 3046 Petr.
1798 3009 2051 3047 Vincentiurn

1096 3074 1212 3113 4544.
1241 3074 1277 3112 8.
1308 3073 1534 3112 Editioncm
1569 3071 1660 3109 anni
1700 3069 1816 3108 4504.
1856 3075 2052 3109 memorat

1096 3136 1297 3185 Lipcnius.
1327 3143 1330 3147 ·

1151 3293 1185 3330 b>
1213 3291 1399 3323 Unschuld.
1424 3290 1659 3322 Nachrichcen
1684 3289 1775 3322 1708.
1801 3301 1832 3332 p.
1857 3289 2057 3324 504.schel-

1088 3343 1226 3374 liornius
1254 3345 1343 3373 tomo
1362 3342 1413 3372 xl.
1438 3339 1533 3380 ρ.16.

1678 3413 1746 3449 197
