2517 4009
860 232 1250 274 NICOLAUS

117 312 229 351 Plura
254 308 484 359 Quodlibeta
503 307 745 359 Theoloyica,
769 311 812 346 ut
832 305 880 344 dc
896 306 1016 345 Cllri-

63 375 112 412 sti
134 373 333 421 adventu,
364 371 412 409 de
443 371 669 422 impletione
712 369 936 417 Les-galium:
966 367 1015 405 de

61 435 247 487 virginali
276 434 492 485 privilegio.
520 434 664 472 llorum
690 437 730 469 et
765 431 1013 480 superiorum

60 497 446 539 Commentariorum
474 497 510 533 in
537 495 746 546 Epitaphio
772 493 932 532 mentio.

115 560 324 599 Tractatus
339 557 386 597 de
399 558 563 597 Animae
587 557 778 596 claustro.
800 557 923 594 Extat
938 555 1013 592 Ma-

59 633 192 662 nuscr.
208 621 349 661 Oxonii
366 622 404 659 in
422 621 659 661 Bibliotheca
671 617 1011 669 Bodlejanatllass.

57 683 178 724 Laud.
203 695 236 723 c.
261 684 328 723 Xl.
351 684 386 722 3.

110 746 166 786 De
185 744 336 786 Visione
360 744 527 785 Divinae
555 743 758 784 Essentt‘ae
787 741 838 781 ab
859 742 1011 781 am'ma-

56 806 129 849 bus
151 808 300 848 sanclis
314 820 339 847 a
360 820 523 861 corpore
542 806 740 859 separatis
757 836 764 853 ‚
786 811 921 844 conti-n
947 808 1011 843 Jo-

54 881 200 910 annem
230 871 355 910 XXII.
387 869 540 920 lncipit.
565 869 636 921 qui
657 868 928 918 elucidantme
951 870 1011 906 ln-

51 936 112 971 ter
131 932 204 971 alia
224 933 424 983 Opuscula
448 933 643 971 Manuscr.
669 933 704 968 in
735 931 828 969 Bibl.
861 931 1011 979 Colleg.

48 995 212 1034 Merton.
237 989 364 1035 OXon.
391 995 432 1033 N.
457 995 722 1034 Ctxxxvit.
743 998 783 1031 et
805 1004 896 1032 cum
922 993 1008 1031 aliis

48 1055 229 1106 ejusdem
253 1056 449 1107 Operibus
476 1057 512 1094 in
540 1055 633 1095 Cod.
655 1057 882 1095 Colbertino
921 1056 1010 1094 1149.

51 1121 155 1156 teste
180 1118 338 1157 Baluzio
359 1119 454 1158 item
480 1119 516 1156 in
538 1118 780 1157 Bibliotheca
801 1119 1010 1165 Minoi-um,

54 1180 178 1218 Toleti
202 1182 398 1219 Manuscr.

109 1239 346 1282 collationes
369 1241 565 1292 quaedam
592 1242 708 1281 Baloo
729 1246 970 1280 memoratae

103 1305 311 1344 Sermones
331 1302 378 1341 de
397 1303 553 1343 Sanctis
571 1333 578 1351 ‚
596 1301 696 1342 liber
712 1315 827 1342 unus.
849 1305 1011 1353 Incipit:

52 1365 100 1418 In
117 1364 265 1404 Baculo
289 1377 373 1404 meo
397 1364 570 1404 transz‘vt
594 1365 830 1404 Fordanem.

102 1428 310 1467 Sermones
338 1426 385 1466 de
407 1430 577 1478 tempore
601 1427 653 1465 lib
691 1429 718 1466 l.
752 1429 907 1477 Incipit.
934 1428 1011 1465 Ho-

49 1501 99 1528 ra
117 1489 303 1541 estjam,
328 1499 398 1527 nos
422 1488 613 1528 clesomno
629 1501 809 1540 surqere.
832 1491 1009 1539 Uterque

49 1550 112 1590 hic
135 1561 368 1590 sermonum
388 1551 486 1590 liber
510 1552 805 1601 Manuscriptus
837 1552 1008 1590 habetur

50 1613 90 1651 in
108 1612 351 1652 Bibliotheca
386 1614 583 1652 Minoi-um
623 1614 770 1662 Toleti,
806 1615 921 1652 litera
957 1615 1007 1652 X.

51 1685 161 1714 num.
194 1675 284 1715 ⁴09.

104 1735 292 1776 Postillae
317 1736 358 1775 iu
382 1735 582 1789 Epistolas
604 1741 640 1776 ec
662 1737 882 1788 Evanqelia
904 1739 1011 1786 Qua-

49 1797 336 1850 draqesimalla
355 1800 495 1838 Venet.
513 1800 629 1838 4500.
646 1801 713 1839 45⁴
726 1801 761 1838 6.
779 1805 819 1838 et
841 1801 956 1839 4583.
973 1802 1008 1838 8.

47 1871 140 1900 cum
164 1861 477 1908 Quaestionibus
502 1862 664 1900 Antonii
688 1864 902 1900 Botontini.

102 1924 282 1963 Meminit
304 1928 346 1962 et
365 1924 559 1963 Labbeus.

102 1986 190 2025 Jam
212 1984 318 2025 dicta
340 1985 389 2024 de
415 1987 568 2037 Lyrano
589 2016 596 2034 ‚
626 1985 867 2025 concludere
889 1986 1008 2036 juvat

51 2045 139 2097 ejus
161 2048 312 2099 elogio,
335 2048 441 2099 quod
465 2060 515 2088 ex
539 2049 665 2086 veteri
691 2047 836 2087 Codice
876 2048 1010 2087 lauda-

54 2114 122 2150 tus
143 2110 395 2150 Reinhardus
420 2111 615 2161 vulgavit.

67 2171 178 2204 Gloria
196 2174 420 2211 Francorum
451 2171 551 2205 decus
572 2172 808 2212 Ecclesiaeque
828 2174 994 2204 Minorum

67 2221 244 2262 Splendida
271 2221 348 2255 lux:
371 2223 480 2254 clarus
505 2224 668 2262 interpres
685 2227 755 2253 erat
778 2222 942 2255 Nicolaus.

66 2273 112 2303 De
132 2274 216 2312 Lyra
237 2271 373 2304 dictus:
401 2274 445 2304 sit
461 2274 494 2303 in
522 2277 694 2304 aeternum
721 2271 929 2303 benedictus.

66 2322 222 2355 mantula
243 2325 436 2356 Francisci:
460 2322 524 2354 fnit
538 2327 576 2354 ut
600 2330 676 2354 rosa
700 2322 818 2354 florida
837 2324 966 2354 curisti

66 2373 183 2404 Vineto
204 2372 352 2405 fructum
375 2372 528 2404 faciendo
545 2372 815 2411 multiplicatum.

67 2420 125 2454 Hic
146 2429 232 2463 opus
254 2424 427 2462 egregium
451 2430 509 2462 pro
534 2422 771 2454 commoditate
789 2421 982 2453 studentum

67 2473 178 2504 Fecit:
201 2471 354 2503 Postillas
377 2479 580 2509 componens
604 2471 752 2502 textibus
767 2475 870 2510 aptas.

68 2522 128 2552 nic
150 2524 245 2552 vetus
263 2523 363 2560 atque
379 2527 503 2551 novum
516 2521 766 2551 Testamentum
786 2521 876 2558 prius
892 2523 1012 2556 atrum,

68 2570 230 2609 Exposuit
245 2593 256 2609 ‚
280 2569 408 2600 clarum
430 2567 572 2600 reddens
592 2571 686 2608 quasi
714 2569 786 2600 luco
805 2577 993 2604 coruscum,

68 2621 190 2659 Aptum
205 2619 333 2654 Latinis
357 2616 436 2649 illud
456 2617 582 2650 faciens
601 2623 633 2650 et
647 2618 801 2649 Hebraeis

68 2670 121 2700 Sic
138 2668 203 2700 duo
226 2669 355 2700 sincere
378 2669 578 2700 munuscula
602 2676 678 2700 cum
697 2668 834 2699 muliere

72 2719 221 2759 paupere
237 2718 396 2749 donavit:
423 2717 595 2757 Templum
621 2717 744 2757 quibus
767 2718 952 2748 aedificavit

70 2770 203 2807 Mystico
220 2775 416 2800 concessum
440 2768 555 2798 nolens
575 2767 751 2798 inhumare
775 2767 948 2797 talentum.

70 2817 256 2850 Adventum
271 2817 413 2856 curisti,
432 2821 563 2857 partum
580 2825 714 2857 quoque
731 2818 878 2855 Virginis
892 2815 1015 2846 almum

71 2870 118 2899 Ex
141 2866 234 2898 libris
256 2869 373 2897 vatum
395 2865 521 2898 dudum
544 2867 662 2906 probat
688 2874 757 2897 esse
783 2865 956 2905 repletum.

72 2919 194 2948 Omnes
219 2915 358 2947 ludaeos
380 2918 549 2947 contraria
572 2916 673 2948 verba
693 2915 832 2948 locutos.

71 2964 236 3005 Reprobat
258 2972 386 2996 errores
409 2964 595 2997 confundes
618 2965 767 2996 funditus
791 2973 916 2996 omnes.

72 3013 133 3046 Sed
155 3014 290 3054 quidam
313 3012 449 3044 Paulus
473 3022 579 3053 nuper
602 3022 783 3045 conversus
821 3014 998 3049 Hebraeus,

74 3064 220 3096 Plurima
244 3062 385 3103 postillis
407 3064 464 3102 qui
488 3063 550 3094 sub
573 3066 681 3103 specie
704 3066 835 3103 pietatis

75 3113 235 3152 Addidit,
259 3112 410 3144 ornando
434 3120 509 3143 cum
543 3112 652 3143 verbis
672 3137 682 3152 ‚
719 3112 774 3143 sed
811 3112 1019 3152 reprobando

75 3165 182 3196 Mente
204 3167 300 3194 tenus
315 3185 325 3200 ,
343 3163 439 3193 'ratiti
463 3160 646 3193 col'undens
670 3161 787 3201 dogma
812 3164 974 3199 numistri.

77 3215 181 3252 Quem
195 3217 306 3244 tamen
322 3212 462 3242 eximius
475 3210 648 3243 Matthias
671 3218 752 3241 voce
768 3211 806 3249 a)
828 3211 1014 3250 Turinum,

75 3264 214 3294 Nomine
240 3261 440 3293 condictus:
465 3263 587 3292 Doctor
610 3260 750 3292 multum
775 3261 996 3298 venerandus,

119 3392 152 3430 a)
176 3394 280 3432 supra
297 3401 372 3432 pag.
396 3391 445 3422 48.
471 3393 686 3423 utr'nnutts
712 3392 859 3431 nou-1119.

1973 239 2048 278 117

1105 305 1227 336 Summi
1255 306 1421 337 Pontificis
1445 303 1600 336 mandato
1623 306 1690 336 vict
1707 329 1716 341 ‚
1741 307 1864 345 apertis

1105 355 1284 394 scripturis
1310 356 1438 386 sanctis
1453 378 1462 391 ,
1482 354 1668 386 rationibus
1690 357 1824 395 insuper
1846 357 1931 396 aptis
1945 380 1953 392 ,

1105 403 1316 435 contundens
1345 407 1451 434 totum
1475 403 1563 442 quod
1586 408 1656 435 ent
1678 406 1725 436 sic
1748 406 1822 437 ficte
1844 405 2002 437 locutum:

1104 456 1220 486 Dictus
1244 461 1386 493 namque
1409 458 1502 492 pater
1524 456 1643 485 Doctor
1665 453 1727 484 suit
1748 459 1847 495 atque
1865 457 2011 487 Minister

1104 506 1264 535 saxoniae
1282 527 1292 542 ‚
1315 503 1454 534 fratrum
1480 512 1583 542 nuper
1605 503 1666 534 sub
1689 508 1777 535 vvstc
1803 506 1980 536 minorum.

1104 557 1196 584 llunc
1212 555 1323 584 vivum
1348 555 1440 590 novi,
1466 562 1525 583 sua
1548 555 1702 593 dogmata
1727 563 1822 593 saepe
1851 558 1978 591 notavi,

1102 606 1170 643 Ego
1193 604 1296 643 patris
1329 605 1412 633 tanti
1437 612 1520 633 nova
1547 611 1603 642 per
1628 608 1731 634 metra
1757 605 1967 643 magnificavi

1102 654 1226 684 Laudes
1250 654 1388 683 eximas
1408 652 1544 690 speciali
1572 655 1720 684 carmine
1744 652 1864 692 dignas
1887 677 1895 692 ‚

1101 701 1240 739 Quando
1265 705 1358 741 pater
1381 700 1490 731 dictu<
1515 701 1575 732 suit
1602 703 1634 731 iu
1663 704 1771 741 Kyritz
1796 704 1994 734 tumulatus.

1101 756 1218 789 Quem,
1244 752 1297 790 pic
1321 751 1455 781 Citristc
1471 774 1478 787 ‚
1507 753 1572 781 tuis
1595 751 1743 787 digneris
1765 757 1906 792 jungere
1925 755 2050 783 sanctis

1100 803 1137 832 Ut
1163 808 1263 840 quem
1280 805 1447 831 aeternam
1474 804 1653 832 Doctorum
1679 801 1761 832 ferre
1790 811 1962 834 coronant.

1100 853 1290 889 Digressum
1318 850 1404 880 l'eci:
1428 852 1495 882 Nuc
1521 851 1560 881 ad
1590 850 1700 881 landes
1727 851 1849 881 Nicolai

1100 903 1143 930 De
1170 902 1250 938 Lyra
1275 899 1417 930 redeam.-
1439 900 1650 938 breviterque
1674 901 1803 938 singula
1826 900 1988 932 claudam.

1099 952 1124 979 0
1149 948 1287 980 celebris
1310 952 1391 987 Lyra
1412 972 1421 986 ,
1452 954 1508 980 tua
1533 953 1716 988 concrepat
1739 958 1778 979 en
1806 950 1873 989 lyra
1899 953 1979 981 mira

1098 1001 1266 1034 Carmina,
1291 999 1474 1029 dulcisonis
1501 999 1623 1030 Mundo
1647 1001 1839 1030 resonantia
1860 1000 2008 1039 plectris.

1100 1051 1125 1079 0
1148 1049 1253 1079 dulcis
1274 1050 1426 1086 Lyricen,
1449 1047 1619 1079 diversum
1647 1049 1758 1080 nobile
1784 1058 1921 1080 carmen

1100 1099 1272 1129 Promsisti
1297 1099 1390 1128 vivus
1414 1102 1447 1128 et
1471 1098 1580 1129 adhuc
1606 1107 1761 1130 resonare
1785 1100 1933 1138 sepultus

1100 1150 1167 1178 Non
1193 1155 1298 1178 cessas
1317 1171 1325 1184 ,
1349 1156 1468 1178 sonum
1491 1148 1571 1179 sacis
1598 1148 1652 1179 hic
1677 1153 1707 1178 et
1724 1149 1846 1188 ubique
1865 1150 2022 1180 locorum.

1098 1200 1155 1228 Est
1177 1200 1245 1228 'l'ua
1264 1197 1394 1237 postilla
1418 1200 1605 1228 veneranda
1629 1198 1843 1229 studentibus
1868 1204 1943 1237 apta

1099 1249 1180 1278 Prae
1204 1249 1334 1278 cunctis
1351 1248 1481 1285 glossis,
1499 1255 1582 1285 quas
1608 1252 1695 1278 totus
1721 1250 1869 1279 eontinet
1885 1249 1989 1285 orbis,

1098 1298 1142 1325 Es
1164 1298 1243 1333 quia
1269 1294 1447 1326 mellifluus
1473 1296 1581 1326 verbis
1604 1305 1768 1336 sensuque
1793 1298 1989 1336 profundus.

1097 1347 1164 1375 Vox
1184 1348 1251 1375 Tua
1277 1354 1341 1375 non
1367 1345 1465 1375 urbes
1489 1346 1594 1375 solum
1618 1347 1683 1385 sed·
1707 1349 1816 1378 verius
1833 1348 1910 1378 orbe

1099 1396 1259 1424 Personat
1285 1396 1318 1425 in
1337 1398 1406 1425 toto
1423 1417 1432 1430 ‚
1458 1395 1596 1425 celebris
1623 1398 1718 1426 Pater
1744 1405 1821 1434 ergo
1840 1398 1960 1427 valeto.

1138 1462 1387 1499 MCOLAUS
1419 1460 1640 1499 Loclcmann
1670 1464 1755 1500 sivo
1787 1462 2036 1510 Lachmann,

1081 1523 1326 1561 Teutonicus
1356 1522 1448 1560 Ord.
1480 1525 1617 1561 Minor.
1647 1525 1683 1561 in
1715 1525 1883 1562 Saxonia
1921 1527 2036 1575 Magi-

1085 1589 1167 1621 ster
1192 1585 1472 1631 Provincialis,
1503 1586 1604 1623 circa
1636 1586 1707 1624 An.
1741 1587 1854 1627 4440.
1885 1593 2039 1638 praeter

1084 1646 1319 1683 Sermonum
1348 1646 1396 1683 de
1428 1651 1604 1697 tempore
1623 1647 1765 1686 librum
1787 1679 1795 1697 ‚
1816 1649 1920 1687 etde
1945 1652 2041 1688 San-

1082 1709 1184 1756 ctis,
1230 1709 1432 1758 aliumque
1480 1709 1762 1757 Quaestionum
1812 1713 2006 1749 variarum
2036 1742 2042 1754 ‚

1084 1772 1245 1821 scripsit
1275 1771 1314 1809 z‘n
1355 1772 1417 1810 IV.
1446 1769 1565 1809 libros
1608 1772 1913 1811 Sententiarum.
1946 1774 2041 1811 Vide

1088 1834 1352 1873 Trithemium
1383 1834 1431 1872 de
1462 1835 1499 1872 S.
1531 1835 1574 1873 E.
1605 1846 1688 1885 cap.
1721 1836 1809 1873 789.
1839 1842 1878 1873 et
1908 1836 1956 1874 de
1987 1838 2043 1875 iu-

1086 1896 1305 1934 minaribus
1334 1897 1567 1935 Germaniae
1597 1908 1679 1947 cap,
1718 1898 1808 1935 ⁴73.
1854 1898 2041 1936 Waddin-

1087 1970 1178 2007 gum
1213 1970 1297 2008 pag.
1330 1959 1419 1997 265.

1138 2015 1388 2056 NICOLAUS
1408 2017 1679 2056 i'llanz'acutius
1698 2049 1705 2063 .
1727 2031 1844 2070 supra
1867 2033 1951 2071 pag.
1977 2024 2034 2059 153.

1086 2078 1216 2128 ibique
1237 2078 1353 2117 dictis
1368 2080 1480 2128 adde,
1500 2083 1536 2118 in
1550 2081 1733 2131 Catalogo
1745 2084 2041 2133 Manuscriptor.

1086 2140 1182 2178 Bibl.
1214 2141 1475 2180 Cottonianae
1501 2154 1536 2193 p.
1563 2143 1626 2181 68.
1661 2146 1865 2183 memorari
1899 2157 2040 2183 versus

1087 2202 1231 2241 Nicolai
1249 2205 1486 2242 Manuacutii
1504 2205 1550 2243 ad
1569 2206 1794 2256 incorrupta
1811 2208 2041 2245 Pontificum

1088 2265 1246 2303 nomina
1271 2267 1543 2305 conservanda
1564 2299 1571 2316 ‚
1592 2279 1640 2304 ne
1662 2269 1844 2307 videlicet
1864 2270 2042 2308 dicamus

1087 2328 1363 2366 Elevtherium
1396 2339 1464 2378 pro
1503 2329 1744 2376 Elevfflero,
1784 2336 1822 2369 et
1854 2333 2038 2370 llilarium

1087 2400 1156 2439 pro
1186 2390 1342 2436 Hilaro,
1368 2394 1408 2426 et
1433 2389 1479 2427 ad
1507 2390 1712 2429 sciendum
1740 2393 1805 2441 qui
1832 2394 1912 2429 sint
1941 2396 2042 2430 anti-

1085 2452 1259 2501 quiores.
1286 2453 1406 2501 Incip.

1142 2522 1253 2552 Primo
1276 2524 1418 2561 papatus
1443 2524 1558 2552 Petrus
1583 2526 1630 2552 est
1656 2524 1687 2552 in
1717 2521 1790 2552 sede
1815 2522 1956 2555 locutus.

1138 2573 1200 2609 Qui
1220 2572 1465 2606 consederunt,
1491 2573 1591 2602 Linus
1618 2571 1792 2610 Clctusque
1816 2572 1960 2604 ruerunt.

1137 2632 1156 2651 '¹‘
1180 2629 1288 2667 Ne'ec.
1311 2628 1577 2667 iilanz'acucius
1598 2631 1821 2668 Canonivus
1848 2632 1938 2679 [tog.
1972 2633 2037 2668 Ι,;ι-

1085 2691 1308 2728 teranensis
1334 2690 1532 2727 Basilio-uo.
1564 2691 1676 2729 Alius
1705 2691 1753 2728 ab
1780 2692 1850 2729 lio‹¹
1880 2699 1943 2730 est
1973 2693 2036 2730 Ni-

1084 2753 1218 2790 colaus
1243 2752 1498 2789 Maniacotius
1528 2753 1724 2790 Diaconus
1749 2755 1806 2790 tit.
1834 2756 1873 2792 S.
1901 2756 2036 2792 {Mum-

1086 2816 1112 2852 ti
1143 2815 1257 2852 cuius
1287 2812 1578 2862 Suffrayaneus
1604 2811 1861 2853 Bibliothecae
1902 2817 2036 2852 inscri-

1086 2882 1198 2927 ptum
1219 2875 1456 2926 opusculum
1477 2879 1587 2913 extat
1612 2877 1648 2913 in
1671 2876 1761 2914 Cod.
1791 2878 1876 2914 2⁸9.
1902 2879 2036 2914 Latino

1089 2940 1260 2977 Venetae
1286 2937 1546 2976 Bibliothecae
1572 2940 1609 2976 S.
1636 2940 1748 2976 Marci
1770 2969 1776 2976 .
1809 2940 1856 2975 ‹le
1880 2952 1956 2990 qno
1981 2943 2034 2977 sic

1087 3001 1222 3038 scribit
1238 3000 1504 3038 doctissimus.
1529 3001 1715 3038 Zanettus
1737 3002 1771 3037 in
1797 3008 2036 3040 conum-nta-

1088 3064 1154 3100 riis
1177 3062 1354 3101 eiusdem
1382 3062 1642 3099 Bibliothecae
1667 3067 1694 3099 t.
1721 3064 1749 3099 ll
1778 3075 1812 3111 p.
1849 3064 1934 3101 ¹28.
1972 3064 2037 3102 Xi-

1085 3124 1188 3162 colai
1221 3123 1462 3162 illant‘coriffl‘
1495 3124 1648 3160 Diaconi
1684 3123 1738 3161 tic.
1766 3125 1926 3163 Damasi
1953 3125 2035 3176 sus-

1081 3187 1300 3238 fraslaneus
1339 3183 1611 3224 Bibliothecae.
1645 3186 1914 3225 Praemiltt'tur
1948 3187 2037 3238 Ispe-

1085 3248 1184 3287 stola
1225 3247 1279 3285 acl
1323 3249 1479 3285 Petrum
1512 3246 1704 3285 Basile'cae
1740 3252 1778 3287 S.
1830 3249 1938 3288 Petri
1965 3251 2038 3290 Ca-

1505 3465 1578 3501 itini
