2517 4009
904 227 1195 268 PE'I'RUS

108 300 212 338 Xlll.
234 296 386 336 Inedita
406 297 454 336 de
475 298 620 347 quibus
639 298 837 349 Launojus
859 311 893 349 p.
915 299 1006 338 479.

56 361 264 398 Tractatus
291 368 412 409 super
440 358 643 397 Boethium
667 359 712 397 de
738 359 1010 399 Consolatione

55 419 356 471 Philosophiae,
386 431 476 458 cum
521 422 761 470 praefatione
805 433 906 472 quae
951 424 1008 459 in-

53 483 170 531 cipit:
196 480 529 520 Revcrendissimi
552 483 692 521 Patres
715 512 722 529 ,
746 482 936 533 Mayistri
960 493 1008 520 ac

53 541 212 580 Domini
237 542 451 581 carissimi.
492 543 596 581 Mihi
638 543 772 582 ardua
816 543 1008 582 scandere

53 603 210 642 volenti.
233 605 453 653 Descriptio
477 604 742 655 imaqinariae
769 605 932 644 visionis
961 604 1007 644 de

54 664 165 703 horto
194 664 454 715 Scripturae,
481 668 517 704 in
550 668 739 716 principio
764 677 884 716 super
909 667 1010 706 Can-

56 726 135 765 tica
177 726 252 764 An.
297 727 414 765 4374.
457 739 547 766 cum
588 728 700 777 longa
741 728 1007 777 praefatione,

54 798 157 837 quae
183 788 219 825 in
245 789 492 838 expositione
517 801 636 839 super
657 790 818 828 Cantica
844 788 1007 838 Argent.

55 849 170 886 4490.
190 848 480 888 desiderantur.
507 851 722 900 Propositio
748 850 850 888 facta
874 861 1007 888 coram

49 910 153 959 Papa
182 909 380 949 adversus
408 911 698 950 Cancellarium
743 912 864 950 Paris.
906 923 1007 961 quae

48 971 213 1021 incipit:
260 971 421 1010 Domine
457 972 537 1011 vim
560 973 707 1024 patior.
738 973 927 1018 Quaestio
957 974 1006 1012 de

47 1032 358 1082 reprehensione
375 1035 478 1073 Petri
500 1035 522 1072 a
543 1035 662 1073 Paulo
688 1035 787 1074 sacta
809 1048 816 1073 :
844 1035 1011 1084 Quaerit

46 1094 73 1132 ὰ
99 1105 161 1132 me
188 1093 366 1134 charitas
403 1099 551 1134 vestra.
582 1097 799 1146 Responsio
836 1099 873 1134 in
918 1098 1008 1136 aula

44 1156 256 1207 Episcopi:
287 1161 425 1195 utrum
452 1157 615 1196 CHristi
646 1156 743 1195 dono
769 1168 913 1206 yerens
936 1169 1008 1208 po-

47 1221 225 1257 testatem
271 1216 494 1256 damnetur.
547 1218 751 1257 Invectiva
787 1217 1008 1256 Ezechielis

44 1284 183 1320 contra
191 1280 342 1320 Pseudo
347 1280 663 1332 praedicatores.
673 1281 882 1319 Sermones
894 1282 1005 1328 varii,

45 1347 90 1381 ut
118 1342 168 1381 de
204 1343 322 1381 vinea
367 1342 522 1380 Domini
553 1340 690 1379 Matth.
722 1343 812 1379 XX.
842 1352 892 1379 ex
927 1352 1006 1391 quo

45 1405 235 1444 nonnulla
278 1404 465 1443 laudatus
496 1402 685 1442 Hardtius
714 1407 809 1440 tom.
842 1404 877 1441 4.
917 1414 1003 1454 pag.

46 1466 134 1504 403.
164 1466 209 1504 In
247 1465 368 1504 verba
400 1463 552 1503 laetare
580 1462 863 1509 Hierusalem,
889 1463 940 1501 id.
967 1476 1002 1514 p.

44 1527 134 1566 404.
181 1527 228 1564 In
259 1527 361 1565 festo
394 1527 434 1565 S.
473 1524 664 1565 Ludovici
681 1554 689 1573 ,
721 1524 862 1564 Caroli
886 1525 1004 1575 Regis

43 1586 204 1628 Siciliae
227 1587 304 1639 fita·
331 1599 418 1639 pag.
456 1588 544 1627 434.
583 1588 723 1626 Sermo
753 1588 791 1624 in
823 1586 1004 1637 Capitulo

41 1652 271 1690 Navarrae:
297 1649 452 1689 veritas
480 1649 527 1688 de
557 1652 672 1688 terra
716 1652 805 1686 orta
853 1652 934 1687 est.-
964 1653 1006 1687 et

43 1712 169 1751 alius:
192 1712 374 1764 Ipsorum
398 1714 458 1750 est
475 1722 644 1762 reanum
668 1710 890 1750 Coelorum.
914 1712 1005 1750 Ser-

44 1785 108 1812 mo
137 1773 184 1812 de
207 1775 249 1814 S.
272 1773 507 1820 Bernardo,
533 1772 639 1811 dedit
661 1773 699 1811 ei
719 1784 789 1811 cor
811 1772 866 1811 ad
883 1784 1005 1824 prae-

43 1839 167 1886 cepta.
197 1836 336 1875 Sermo
368 1839 406 1874 in
437 1835 598 1886 Synodo
627 1835 833 1874 Ambiensi
873 1836 1003 1874 factus

44 1908 136 1937 cum
166 1903 252 1936 erat
276 1898 578 1944 Subdiaconus‚
604 1897 838 1937 Sacerdotes
864 1897 924 1935 tui
946 1897 1005 1934 in-

44 1959 224 1998 duantur
247 1960 463 2012 justitiam.
502 1960 642 1998 Sermo
671 1961 710 1997 in
741 1958 902 2009 Synodo
931 1960 1006 1998 Ec-

43 2022 187 2060 clesiae
219 2023 340 2061 Paris.
371 2022 447 2061 Hic
467 2021 556 2072 jam
586 2021 813 2072 quaeritur.

97 2083 119 2106 ¹*
146 2083 398 2134 Quamquam
431 2084 634 2123 indiculus
659 2085 898 2134 scriptorum
930 2084 1005 2120 viri

44 2144 166 2184 huius
197 2145 302 2184 docti
333 2145 545 2196 diligenter
574 2149 790 2184 contextus
819 2149 880 2183 est
899 2176 910 2193 ,
942 2144 1010 2182 ad—

44 2206 124 2245 huc
168 2211 304 2246 tamen
350 2206 576 2257 supplenda
607 2210 703 2244 sunt
732 2205 927 2256 quaedam
959 2218 1008 2244 ex

40 2269 120 2307 MS.
148 2268 292 2308 Codice
313 2297 321 2316 ,
345 2280 464 2318 quem
488 2269 563 2317 legi
588 2268 686 2305 Bibl.
713 2268 872 2305 Caesar.
913 2266 1009 2304 Vin-

40 2329 182 2368 dobon.
215 2331 257 2368 in
288 2342 369 2380 quo
393 2330 596 2368 orationes
619 2328 817 2379 quaedam
849 2330 885 2366 in
908 2329 1010 2367 Con-

40 2391 128 2429 cilio
151 2391 458 2430 Constantiensi
489 2391 646 2429 habitae
677 2395 904 2429 servantur.
935 2391 1009 2428 Est

41 2453 162 2502 igitur
195 2452 247 2490 ibi
284 2452 525 2503 opusculum
562 2453 827 2501 inscriptum:
867 2452 1009 2490 Sermo

41 2513 90 2551 B.
133 2512 169 2552 F
170 2513 356 2552 raneisci.
402 2514 568 2564 Incipit:
618 2513 863 2564 Quicumque
904 2514 1008 2552 lianc

42 2574 225 2626 reyulam
247 2574 406 2626 sequuti
441 2575 595 2625 suerint
611 2604 620 2621 ‚
641 2586 728 2625 pax
759 2586 880 2625 super
904 2575 1007 2613 illos.

48 2635 172 2674 Verba
192 2636 286 2675 haec
311 2636 403 2675 RR.
427 2636 476 2675 P.
503 2636 550 2674 Ρ.
569 2642 664 2674 sunt
682 2635 862 2687 Apostoli
883 2637 1008 2675 Pauli

43 2697 156 2736 hodie
173 2699 218 2736 in
238 2709 411 2750 persona
431 2698 484 2736 B.
516 2698 551 2736 F
553 2699 730 2737 rancisci
761 2703 836 2737 etc.
861 2699 1008 2744 Quam-

45 2771 168 2809 quam
192 2760 328 2799 Oratio
353 2762 428 2798 ista
453 2765 655 2798 auctorem
683 2772 801 2799 suum
830 2763 866 2798 in
893 2761 1008 2798 titulo

44 2831 122 2858 non
153 2824 343 2861 enunciat
362 2853 373 2872 ‚
406 2834 483 2861 non
517 2823 687 2861 alterum
715 2828 850 2861 tamen
881 2834 902 2861 a
940 2824 1009 2860 Po-

45 2886 106 2921 tro
126 2884 403 2923 Cameracensi
447 2885 549 2924 ferre
578 2884 723 2923 docent
762 2885 881 2923 verba
905 2896 1007 2935 quac

3 2982 7 2986 .
46 2946 150 2984 circa
175 2945 294 2984 finem
319 2946 510 2996 leguntur
531 2945 763 2986 Sermonem
788 2959 906 2998 super
924 2958 1008 2985 ver-

49 3006 106 3045 bis
129 3005 335 3056 Apostoli:
356 3007 606 3059 Quicumque
631 3009 732 3047 hanc
757 3009 937 3058 requiam
952 3020 1007 3047 se-

47 3071 132 3107 cuti
152 3068 305 3119 fuerint
329 3075 399 3107 etc.
428 3069 591 3108 Dudum
622 3072 735 3109 circa
753 3070 1007 3121 principium

47 3129 276 3168 schismatis
305 3141 443 3168 coram
466 3130 574 3169 alma
596 3133 859 3171 universitate
886 3131 1009 3169 studii

50 3190 227 3231 Pisensis
255 3191 446 3231 edidimus
463 3223 472 3239 ,
497 3205 614 3244 quem
643 3205 752 3232 nunc
781 3194 823 3231 in
855 3193 924 3231 hoc
946 3205 1007 3230 sa-

105 3322 140 3362 a)
163 3323 248 3355 Bibl.
271 3326 310 3355 D.
334 3327 384 3355 ιο.
406 3324 577 3362 Fabricii,
604 3324 760 3364 Theologi
783 3324 917 3356 Heimst.
932 3328 1013 3356 tom.

1965 230 2041 268 227

1080 309 1150 336 cro
1175 297 1360 336 Concilio
1383 298 1511 337 denuo
1533 297 1716 349 publicae
1738 298 1913 337 utilitati
1938 299 2044 338 dedi-

1079 371 1168 397 mus
1189 367 1260 397 etc.
1287 360 1555 409 Quamobrem
1583 366 1619 398 et
1649 359 1857 411 quemdam
1888 367 2042 398 tracta-

1081 421 1211 459 tulum
1235 421 1279 458 de
1309 422 1594 472 reformatione
1611 421 1815 459 Ecclesiae
1831 433 1956 472 nuper
1971 433 2045 472 pu-

1081 482 1314 521 blicavimus
1341 484 1518 521 Profecto
1545 487 1759 522 tractatum
1787 483 1892 522 hunc
1915 483 1960 521 de
1982 494 2046 522 re-

1078 544 1317 595 formatione
1342 544 1540 583 Ecclesiae
1562 546 1762 583 sincerum
1789 555 1878 583 esse
1900 545 2040 583 Came-

1082 607 1258 644 racensis
1277 606 1423 644 foetum
1451 617 1567 643 nemo
1592 606 1769 655 ambigit,
1787 607 1955 644 Demum
1981 611 2044 644 est

1083 667 1132 704 ibi
1153 678 1282 705 sermo
1303 669 1406 704 Petri
1432 667 1550 706 huius
1587 667 1629 704 de
1670 666 1850 705 omnibus
1887 668 2041 706 sanctis

1083 728 1242 767 habitus
1268 731 1304 766 iu
1329 730 1449 768 Cone.
1471 729 1769 767 Constantiensi
1795 730 1831 765 in
1856 729 1948 767 iilud
1979 727 2042 768 Si-

1078 802 1202 840 qnum
1235 802 1424 841 maqnum
1442 819 1451 837 ‚
1479 801 1598 840 quem
1639 791 1785 840 pariter
1813 791 2040 837 Fabricius,

1083 852 1144 890 hic
1171 853 1274 890 inter
1297 856 1476 891 caeteros
1507 862 1583 889 non
1610 855 1804 889 recenset.
1827 852 1847 874 ³⁸⁵

1134 913 1156 935 *
1171 913 1256 951 *De
1267 913 1549 951 Ecclesiastica
1561 918 1751 962 potestate
1763 919 1961 951 tractatus
1971 920 2042 952 etc.

1076 975 1208 1025 factus
1228 973 1492 1013 Constantiae
1515 974 1615 1012 A.D.
1634 973 1750 1012 4446.
1781 973 1823 1012 S.
1847 973 1968 1013 Cone.
1989 975 2044 1013 ibi

1080 1037 1282 1074 existente.
1311 1042 1407 1074 erat.
1425 1036 1501 1074 MS.
1514 1036 1694 1074 Venetiis
1717 1037 1752 1073 in
1775 1037 2047 1075 Trivisanax.

1083 1099 1185 1135 cho
1206 1100 1364 1136 Lettera
1384 1098 1485 1136 4704
1520 1103 1560 1135 et
1582 1102 1610 1135 t.
1632 1100 1665 1136 4.
1690 1098 1779 1135 229.
1804 1098 1903 1135 ediz.
1930 1099 2046 1138 4785.

1134 1160 1192 1197 De
1220 1160 1492 1197 emendatione
1515 1159 1715 1198 Ecclesiae
1738 1161 1773 1196 in
1802 1160 1836 1197 4.
1858 1160 1949 1198 Sine
1974 1160 2046 1198 loci

1082 1225 1122 1258 et
1147 1223 1243 1258 anni
1269 1226 1360 1259 nota
1386 1225 1426 1259 et
1451 1222 1487 1257 in
1521 1221 1727 1259 Fasciculo
1760 1232 1834 1258 rcr.
1874 1221 2047 1271 fugiend.

1080 1281 1170 1320 204.
1189 1281 1363 1320 Errores
1387 1289 1512 1320 sectae
1537 1282 1739 1319 hominum
1762 1282 2046 1331 intelli'qentiae

1073 1348 1110 1380 et
1130 1354 1338 1393 processus
1353 1348 1495 1380 contra
1519 1343 1740 1381 Villelmum
1757 1343 1801 1381 de
1819 1343 2047 1382 Hildenltu-

1078 1416 1157 1442 sen.
1183 1405 1226 1442 In
1244 1405 1377 1442 Baluz.
1399 1405 1504 1442 Misc.
1522 1404 1616 1441 edit.
1641 1404 2045 1455 LucensisgLuccheS.)

1131 1466 1324 1504 PETRUS
1353 1464 1568 1516 Alplzonsi,
1601 1477 1650 1503 ex
1680 1465 1859 1503 ,lud-aeus
1889 1466 1937 1503 de
1968 1478 2046 1515 quo

1078 1528 1286 1566 Aibericus
1317 1527 1365 1566 ad
1397 1527 1473 1565 An.
1507 1527 1626 1565 4406.
1652 1538 1738 1577 pag.
1763 1527 1852 1564 206.
1880 1528 2048 1577 scriptor

1077 1589 1327 1640 dialoyorum
1356 1589 1444 1628 Xll.
1476 1600 1566 1626 cum
1596 1589 1730 1639 Moyse
1759 1588 1937 1637 Judaeo,
1968 1589 2049 1626 edi-

1078 1657 1211 1690 torum
1257 1652 1393 1691 Colon.
1441 1651 1557 1690 ⁴536.
1588 1651 1623 1688 8.
1655 1650 1703 1688 de
1734 1650 1882 1700 quibus
1925 1661 2047 1700 supra

1077 1720 1173 1752 tom.
1205 1716 1239 1753 4.
1271 1726 1356 1764 pag.
1410 1713 1474 1751 70.
1525 1713 1634 1751 Idem
1676 1717 1815 1751 auctor
1858 1712 1945 1750 libri
1984 1714 2047 1752 cui

1078 1776 1224 1814 titulus
1268 1774 1488 1826 Disciplina
1533 1772 1768 1821 Clericalis,
1815 1786 1936 1824 quem
1972 1776 2048 1813 Ma-

1078 1848 1211 1875 nuscr.
1258 1841 1452 1875 memorat
1492 1836 1695 1875 Sanderus
1734 1847 1818 1885 pag.
1866 1837 1954 1874 492.
1996 1838 2048 1873 si-

1078 1905 1147 1938 cut
1177 1900 1349 1938 alterum
1396 1911 1484 1950 pag.
1528 1899 1617 1937 205.
1651 1898 1697 1936 de
1725 1896 1974 1935 abumlantia
2004 1898 2046 1934 in

1081 1960 1339 2001 Sermonibus
1369 1961 1423 1999 ad
1449 1972 1599 1999 omnem
1628 1960 1856 1998 materiam.
1883 1959 1978 1997 Vide
2003 1964 2044 1997 et

1081 2024 1344 2062 Trithemium
1377 2034 1462 2073 cap.
1496 2023 1587 2061 356.

1135 2086 1329 2124 PETRUS
1358 2085 1413 2122 De
1442 2083 1677 2123 Alvarottis.
1709 2083 1835 2132 Supra
1867 2083 1895 2120 l.
1930 2082 1991 2120 74.

1134 2148 1330 2186 PETRUS
1353 2146 1400 2185 de
1421 2145 1616 2185 Alvernia
1633 2146 1782 2184 Galliae
1799 2144 2046 2182 siveAruer-

1081 2208 1148 2246 nia
1172 2209 1399 2247 Canonicus
1424 2209 1462 2246 S.
1487 2209 1629 2246 Mariae
1653 2208 1773 2245 Paris.
1799 2210 1839 2244 et
1855 2206 1902 2244 A.
1928 2206 2043 2245 4275.

1081 2271 1529 2315 RectorUniversitatis.
1545 2269 1714 2318 scriptor
1731 2278 1909 2305 summae
1919 2269 2048 2315 Quae-

1083 2331 1252 2370 stionum
1298 2329 1674 2379 Quodlibeticarmn.
1714 2327 1810 2366 Vide
1840 2328 2044 2366 Oudinum

1087 2397 1183 2430 torn.
1214 2394 1236 2430 3
1266 2404 1354 2443 pag.
1386 2393 1475 2430 5⁶27.

1134 2455 1330 2493 PETRUS
1351 2453 1397 2492 de
1415 2453 1608 2492 Alvernia
1625 2482 1633 2496 ,
1659 2453 1759 2491 alter
1777 2480 1784 2497 ,
1799 2450 1894 2489 Ord.
1909 2450 2045 2488 Praed.

1080 2516 1118 2554 S.
1144 2516 1317 2554 Thomae
1341 2515 1585 2565 discipulus,
1612 2516 1807 2551 incertum
1833 2523 1881 2549 an
1908 2511 2042 2550 Claro-

1080 2581 1291 2615 montanus
1307 2578 1425 2614 etiam
1443 2577 1660 2626 Episcopus
1678 2603 1685 2620 ,
1701 2575 1833 2612 clarus
1857 2574 1961 2610 circa
1988 2573 2034 2610 A.

1081 2638 1196 2677 4300.
1226 2639 1274 2676 de
1304 2649 1382 2688 quo
1406 2638 1588 2676 Oudinus
1618 2641 1712 2673 tom.
1750 2635 1785 2673 3.
1818 2645 1904 2684 pag.
1944 2634 2036 2671 5923.

1081 2705 1121 2737 ct
1140 2700 1309 2738 lacobus
1328 2700 1572 2746 Quetiftom.
1592 2700 1624 2736 4.
1648 2709 1734 2747 pag.
1757 2696 1844 2734 489.
1864 2696 2032 2745 Scripsit

1083 2761 1393 2813 supplementum
1414 2760 1547 2812 partis
1569 2759 1708 2797 tertiae
1723 2768 1901 2796 summae
1930 2755 2043 2793 Theo-

1086 2823 1209 2874 loyiae
1225 2825 1266 2863 S.
1288 2823 1464 2871 Tltomae,
1482 2834 1572 2861 cum
1591 2821 1765 2859 Thomae.
1783 2829 1938 2857 summa
1957 2829 2043 2855 sae-

1083 2888 1171 2936 pius
1199 2886 1349 2924 editum
1368 2888 1403 2931 a)
1424 2890 1464 2923 et
1493 2896 1542 2922 ex
1567 2881 1851 2920 commentario
1875 2879 1973 2916 Petri
2002 2881 2039 2915 in

1081 2953 1268 2997 quartum
1288 2948 1587 2987 Sententiarum
1605 2948 1851 2992 excerptum.
1879 2938 2043 2990 Supple-

1081 3012 1251 3047 mentum
1277 3007 1560 3048 Commentarii
1587 3007 1624 3043 S.
1650 3004 1678 3041 T
1679 3003 1814 3041 homae
1839 3001 1877 3038 in
1894 2999 2041 3038 librum

1083 3071 1240 3109 tertium
1264 3069 1489 3109 Aristotelis
1520 3067 1564 3106 (le
1591 3065 1704 3106 Coelo
1735 3068 1771 3102 ct
1800 3062 1944 3101 Mundo
1964 3094 1972 3110 ‚
2005 3067 2042 3101 et

1081 3133 1405 3170 commentarium
1456 3130 1494 3167 in
1536 3131 1739 3179 quartum.
1784 3124 2041 3174 Quaestiones

1082 3205 1201 3244 super
1228 3194 1293 3231 IV.
1317 3192 1439 3231 libros
1464 3191 1508 3230 dc
1537 3188 1649 3229 Coelo
1675 3191 1711 3226 ct
1733 3185 1890 3226 Mundo,
1912 3187 2040 3236 Super

1076 3326 1107 3356 Ξῖ.
1135 3333 1209 3364 pag.
1230 3324 1282 3355 86.
