<?xml version="1.0" encoding="UTF-8"?>
<!DOCTYPE html PUBLIC "-//W3C//DTD XHTML 1.0 Transitional//EN"
    "http://www.w3.org/TR/xhtml1/DTD/xhtml1-transitional.dtd">
<html xmlns="http://www.w3.org/1999/xhtml" xml:lang="en" lang="en">
 <head>
  <title>
</title>
<meta http-equiv="Content-Type" content="text/html;charset=utf-8" />
  <meta name='ocr-system' content='tesseract 3.04.00' />
  <meta name='ocr-capabilities' content='ocr_page ocr_carea ocr_par ocr_line ocrx_word'/>
</head>
<body>
  <div class='ocr_page' id='page_1' title='image "./bibliothecalatin05fabruoft/bibliothecalatin05fabruoft_0651.png"; bbox 0 0 2517 4009; ppageno 0'>
   <div class='ocr_carea' id='block_1_1' title="bbox 1114 291 1163 330">
    <p class='ocr_par' dir='ltr' id='par_1_1' title="bbox 1114 291 1163 330">
     <span class='ocr_line' id='line_1_1' title="bbox 1114 291 1163 330; baseline 0 0"><span class='ocrx_word' id='word_1_1' title='bbox 1114 291 1163 330; x_wconf 88' lang='lat'>111</span> 
     </span>
    </p>
   </div>
   <div class='ocr_carea' id='block_1_2' title="bbox 434 376 1844 448">
    <p class='ocr_par' dir='ltr' id='par_1_2' title="bbox 434 376 1844 448">
     <span class='ocr_line' id='line_1_2' title="bbox 434 376 1844 448; baseline 0.005 -7"><span class='ocrx_word' id='word_1_2' title='bbox 434 376 1074 448; x_wconf 86' lang='lat' dir='ltr'>DIOMEDIS</span> <span class='ocrx_word' id='word_1_3' title='bbox 1154 380 1844 448; x_wconf 82' lang='lat' dir='ltr'><strong>CARAFFAE</strong></span> 
     </span>
    </p>
   </div>
   <div class='ocr_carea' id='block_1_3' title="bbox 885 494 1393 559">
    <p class='ocr_par' dir='ltr' id='par_1_3' title="bbox 885 494 1393 559">
     <span class='ocr_line' id='line_1_3' title="bbox 885 494 1393 559; baseline -0.002 -18"><span class='ocrx_word' id='word_1_4' title='bbox 885 498 1084 542; x_wconf 83' lang='lat' dir='ltr'>Comitis</span> <span class='ocrx_word' id='word_1_5' title='bbox 1118 494 1393 559; x_wconf 82' lang='lat' dir='ltr'>Magdaloni</span> 
     </span>
    </p>
   </div>
   <div class='ocr_carea' id='block_1_4' title="bbox 1121 594 1162 628">
    <p class='ocr_par' dir='ltr' id='par_1_4' title="bbox 1121 594 1162 628">
     <span class='ocr_line' id='line_1_4' title="bbox 1121 594 1162 628; baseline -0.024 0"><span class='ocrx_word' id='word_1_6' title='bbox 1121 594 1162 628; x_wconf 79' lang='lat' dir='ltr'>ei.</span> 
     </span>
    </p>
   </div>
   <div class='ocr_carea' id='block_1_5' title="bbox 494 676 1778 743">
    <p class='ocr_par' dir='ltr' id='par_1_5' title="bbox 494 676 1778 743">
     <span class='ocr_line' id='line_1_5' title="bbox 494 676 1778 743; baseline 0.001 -21"><span class='ocrx_word' id='word_1_7' title='bbox 494 676 781 724; x_wconf 85' lang='lat' dir='ltr'>Ferdiuandi</span> <span class='ocrx_word' id='word_1_8' title='bbox 810 681 843 724; x_wconf 91' lang='grc' dir='ltr'>Ι.</span> <span class='ocrx_word' id='word_1_9' title='bbox 872 679 1072 743; x_wconf 83' lang='lat' dir='ltr'>Apuliae</span> <span class='ocrx_word' id='word_1_10' title='bbox 1096 682 1235 743; x_wconf 85' lang='lat' dir='ltr'>Regis</span> <span class='ocrx_word' id='word_1_11' title='bbox 1263 678 1324 725; x_wconf 83' lang='lat' dir='ltr'>ab</span> <span class='ocrx_word' id='word_1_12' title='bbox 1353 680 1531 724; x_wconf 87' lang='lat' dir='ltr'>intimis</span> <span class='ocrx_word' id='word_1_13' title='bbox 1559 678 1778 724; x_wconf 79' lang='lat' dir='ltr'>Consiliis</span> 
     </span>
    </p>
   </div>
   <div class='ocr_carea' id='block_1_6' title="bbox 179 780 2082 829">
    <p class='ocr_par' dir='ltr' id='par_1_6' title="bbox 179 780 2082 829">
     <span class='ocr_line' id='line_1_6' title="bbox 179 780 2082 829; baseline 0.002 -5"><span class='ocrx_word' id='word_1_14' title='bbox 179 780 278 824; x_wconf 85' lang='lat' dir='ltr'>DE</span> <span class='ocrx_word' id='word_1_15' title='bbox 324 780 749 828; x_wconf 86' lang='lat' dir='ltr'>REGENTIS</span> <span class='ocrx_word' id='word_1_16' title='bbox 796 784 888 827; x_wconf 89' lang='lat' dir='ltr'>ET</span> <span class='ocrx_word' id='word_1_17' title='bbox 935 783 1139 829; x_wconf 89' lang='lat' dir='ltr'>BONI</span> <span class='ocrx_word' id='word_1_18' title='bbox 1191 780 1636 825; x_wconf 87' lang='lat' dir='ltr'>PRINCIPIS</span> <span class='ocrx_word' id='word_1_19' title='bbox 1687 781 2082 827; x_wconf 83' lang='lat' dir='ltr'>OFFICIIS.</span> 
     </span>
    </p>
   </div>
   <div class='ocr_carea' id='block_1_7' title="bbox 951 871 1310 893">
    <p class='ocr_par' dir='ltr' id='par_1_7' title="bbox 951 871 1310 893">
     <span class='ocr_line' id='line_1_7' title="bbox 951 871 1310 893; baseline 0.003 -1"><span class='ocrx_word' id='word_1_20' title='bbox 951 871 1310 893; x_wconf 35' lang='lat' dir='ltr'>——Qoae—</span> 
     </span>
    </p>
   </div>
   <div class='ocr_carea' id='block_1_8' title="bbox 587 942 1687 987">
    <p class='ocr_par' dir='ltr' id='par_1_8' title="bbox 587 942 1687 987">
     <span class='ocr_line' id='line_1_8' title="bbox 587 942 1687 987; baseline 0.003 -3"><span class='ocrx_word' id='word_1_21' title='bbox 587 945 838 986; x_wconf 79' lang='lat' dir='ltr'>ELIONORA</span> <span class='ocrx_word' id='word_1_22' title='bbox 870 942 1128 985; x_wconf 74' lang='lat' dir='ltr'><strong>ARAGOMA</strong></span> <span class='ocrx_word' id='word_1_23' title='bbox 1160 942 1443 983; x_wconf 83' lang='lat' dir='ltr'>FERRARIAE</span> <span class='ocrx_word' id='word_1_24' title='bbox 1474 945 1687 987; x_wconf 86' lang='lat' dir='ltr'>DUCISSA</span> 
     </span>
    </p>
   </div>
   <div class='ocr_carea' id='block_1_9' title="bbox 367 1043 1898 1158">
    <p class='ocr_par' dir='ltr' id='par_1_9' title="bbox 367 1043 1898 1158">
     <span class='ocr_line' id='line_1_9' title="bbox 367 1043 1898 1100; baseline 0.001 -14"><span class='ocrx_word' id='word_1_25' title='bbox 367 1044 604 1099; x_wconf 73' lang='lat' dir='ltr'>Maym&#39;ficO,</span> <span class='ocrx_word' id='word_1_26' title='bbox 631 1051 668 1087; x_wconf 83' lang='lat' dir='ltr'>et</span> <span class='ocrx_word' id='word_1_27' title='bbox 687 1045 927 1100; x_wconf 75' lang='lat' dir='ltr'>amplissimo</span> <span class='ocrx_word' id='word_1_28' title='bbox 952 1045 1039 1084; x_wconf 80' lang='lat' dir='ltr'>viro</span> <span class='ocrx_word' id='word_1_29' title='bbox 1065 1043 1240 1083; x_wconf 83' lang='lat' dir='ltr'><em>Diomedi</em></span> <span class='ocrx_word' id='word_1_30' title='bbox 1265 1045 1455 1098; x_wconf 80' lang='lat' dir='ltr'>Caraffae</span> <span class='ocrx_word' id='word_1_31' title='bbox 1480 1044 1622 1087; x_wconf 75' lang='lat' dir='ltr'>Comitz·</span> <span class='ocrx_word' id='word_1_32' title='bbox 1644 1045 1869 1099; x_wconf 72' lang='lat' dir='ltr'>Maqdulom</span> <span class='ocrx_word' id='word_1_33' title='bbox 1890 1080 1898 1099; x_wconf 91' lang='lat'>,</span> 
     </span>
     <span class='ocr_line' id='line_1_10' title="bbox 797 1116 1464 1158; baseline -0.001 0"><span class='ocrx_word' id='word_1_34' title='bbox 797 1122 835 1158; x_wconf 84' lang='lat' dir='ltr'>et</span> <span class='ocrx_word' id='word_1_35' title='bbox 858 1116 1096 1158; x_wconf 75' lang='lat' dir='ltr'>Conse&#39;lz&#39;arz&#39;o</span> <span class='ocrx_word' id='word_1_36' title='bbox 1119 1121 1269 1156; x_wconf 80' lang='lat' dir='ltr'>secreto</span> <span class='ocrx_word' id='word_1_37' title='bbox 1289 1118 1330 1157; x_wconf 88' lang='lat' dir='ltr'>S.</span> <span class='ocrx_word' id='word_1_38' title='bbox 1349 1117 1393 1156; x_wconf 88' lang='lat' dir='ltr'>P.</span> <span class='ocrx_word' id='word_1_39' title='bbox 1420 1118 1464 1157; x_wconf 87' lang='lat' dir='ltr'>D.</span> 
     </span>
    </p>
   </div>
   <div class='ocr_carea' id='block_1_10' title="bbox 753 1220 1495 1275">
    <p class='ocr_par' dir='ltr' id='par_1_10' title="bbox 753 1220 1495 1275">
     <span class='ocr_line' id='line_1_11' title="bbox 753 1220 1495 1275; baseline 0 -14"><span class='ocrx_word' id='word_1_40' title='bbox 753 1224 947 1275; x_wconf 75' lang='lat' dir='ltr'>(AUCTOR</span> <span class='ocrx_word' id='word_1_41' title='bbox 1003 1227 1190 1259; x_wconf 65' lang='lat' dir='ltr'>mensu</span> <span class='ocrx_word' id='word_1_42' title='bbox 1248 1220 1495 1271; x_wconf 64' lang='lat' dir='ltr'>summis).</span> 
     </span>
    </p>
   </div>
   <div class='ocr_carea' id='block_1_11' title="bbox 124 1321 1093 2673">
    <p class='ocr_par' dir='ltr' id='par_1_11' title="bbox 124 1321 1093 2673">
     <span class='ocr_line' id='line_1_12' title="bbox 186 1321 1091 1416; baseline -0.001 -12"><span class='ocrx_word' id='word_1_43' title='bbox 186 1321 321 1404; x_wconf 79' lang='lat' dir='ltr'>Cum</span> <span class='ocrx_word' id='word_1_44' title='bbox 346 1364 532 1404; x_wconf 88' lang='lat' dir='ltr'>omnibus</span> <span class='ocrx_word' id='word_1_45' title='bbox 556 1363 759 1404; x_wconf 86' lang='lat' dir='ltr'>abundare</span> <span class='ocrx_word' id='word_1_46' title='bbox 789 1369 828 1404; x_wconf 91' lang='lat' dir='ltr'>te</span> <span class='ocrx_word' id='word_1_47' title='bbox 853 1376 1012 1416; x_wconf 84' lang='lat' dir='ltr'>semper</span> <span class='ocrx_word' id='word_1_48' title='bbox 1029 1365 1091 1415; x_wconf 90' lang='lat' dir='ltr'>ju-</span> 
     </span>
     <span class='ocr_line' id='line_1_13' title="bbox 135 1425 1093 1478; baseline 0 -14"><span class='ocrx_word' id='word_1_49' title='bbox 135 1425 366 1475; x_wconf 88' lang='lat' dir='ltr'>dicaverim,</span> <span class='ocrx_word' id='word_1_50' title='bbox 404 1427 621 1478; x_wconf 76' lang='lat' dir='ltr'>Magnifice,</span> <span class='ocrx_word' id='word_1_51' title='bbox 663 1432 704 1466; x_wconf 88' lang='lat' dir='ltr'>et</span> <span class='ocrx_word' id='word_1_52' title='bbox 744 1427 990 1478; x_wconf 81' lang='lat' dir='ltr'>amplissime</span> <span class='ocrx_word' id='word_1_53' title='bbox 1032 1428 1093 1465; x_wconf 91' lang='lat' dir='ltr'>vir</span> 
     </span>
     <span class='ocr_line' id='line_1_14' title="bbox 124 1488 1091 1541; baseline 0.001 -14"><span class='ocrx_word' id='word_1_54' title='bbox 124 1488 319 1531; x_wconf 79' lang='lat' dir='ltr'>Diomede</span> <span class='ocrx_word' id='word_1_55' title='bbox 341 1501 350 1535; x_wconf 90' lang='grc'>;</span> <span class='ocrx_word' id='word_1_56' title='bbox 376 1495 462 1530; x_wconf 88' lang='lat' dir='ltr'>tum</span> <span class='ocrx_word' id='word_1_57' title='bbox 492 1501 585 1528; x_wconf 82' lang='lat' dir='ltr'>vero</span> <span class='ocrx_word' id='word_1_58' title='bbox 608 1489 680 1529; x_wconf 88' lang='lat' dir='ltr'>boc</span> <span class='ocrx_word' id='word_1_59' title='bbox 712 1492 748 1528; x_wconf 92' lang='lat' dir='ltr'>in</span> <span class='ocrx_word' id='word_1_60' title='bbox 771 1495 809 1528; x_wconf 91' lang='lat' dir='ltr'>te</span> <span class='ocrx_word' id='word_1_61' title='bbox 835 1490 1091 1541; x_wconf 80' lang='lat' dir='ltr'>praecipuum</span> 
     </span>
     <span class='ocr_line' id='line_1_15' title="bbox 130 1551 1090 1604; baseline 0 -15"><span class='ocrx_word' id='word_1_62' title='bbox 130 1561 220 1590; x_wconf 88' lang='lat' dir='ltr'>esse</span> <span class='ocrx_word' id='word_1_63' title='bbox 266 1553 432 1603; x_wconf 83' lang='lat' dir='ltr'>cognovi</span> <span class='ocrx_word' id='word_1_64' title='bbox 478 1551 580 1604; x_wconf 92' lang='lat' dir='ltr'>quod</span> <span class='ocrx_word' id='word_1_65' title='bbox 626 1553 841 1591; x_wconf 79' lang='lat' dir='ltr'>maximam</span> <span class='ocrx_word' id='word_1_66' title='bbox 889 1551 1009 1590; x_wconf 81' lang='lat' dir='ltr'>habes</span> <span class='ocrx_word' id='word_1_67' title='bbox 1054 1553 1090 1589; x_wconf 92' lang='lat' dir='ltr'>in</span> 
     </span>
     <span class='ocr_line' id='line_1_16' title="bbox 131 1613 1093 1666; baseline 0 -13"><span class='ocrx_word' id='word_1_68' title='bbox 131 1624 267 1653; x_wconf 88' lang='lat' dir='ltr'>amore</span> <span class='ocrx_word' id='word_1_69' title='bbox 307 1615 602 1654; x_wconf 81' lang='lat' dir='ltr'>constantiam:</span> <span class='ocrx_word' id='word_1_70' title='bbox 646 1613 750 1666; x_wconf 91' lang='lat' dir='ltr'>quod</span> <span class='ocrx_word' id='word_1_71' title='bbox 796 1613 957 1666; x_wconf 86' lang='lat' dir='ltr'>quidem</span> <span class='ocrx_word' id='word_1_72' title='bbox 1002 1615 1093 1653; x_wconf 82' lang='lat' dir='ltr'>licet</span> 
     </span>
     <span class='ocr_line' id='line_1_17' title="bbox 131 1675 1093 1728; baseline 0.001 -13"><span class='ocrx_word' id='word_1_73' title='bbox 131 1675 338 1727; x_wconf 80' lang='lat' dir='ltr'><strong>plurimis,</strong></span> <span class='ocrx_word' id='word_1_74' title='bbox 397 1677 793 1728; x_wconf 86' lang='lat' dir='ltr'>evidentissimisque</span> <span class='ocrx_word' id='word_1_75' title='bbox 845 1678 1093 1728; x_wconf 67' lang='lat' dir='ltr'>argumentis</span> 
     </span>
     <span class='ocr_line' id='line_1_18' title="bbox 131 1742 1092 1790; baseline 0.002 -13"><span class='ocrx_word' id='word_1_76' title='bbox 131 1749 321 1790; x_wconf 82' lang='lat' dir='ltr'>persaepe</span> <span class='ocrx_word' id='word_1_77' title='bbox 361 1744 478 1778; x_wconf 87' lang='lat' dir='ltr'>antea</span> <span class='ocrx_word' id='word_1_78' title='bbox 524 1742 824 1790; x_wconf 80' lang='lat' dir='ltr'>perpexissem3</span> <span class='ocrx_word' id='word_1_79' title='bbox 869 1745 1001 1779; x_wconf 83' lang='lat' dir='ltr'>tamen</span> <span class='ocrx_word' id='word_1_80' title='bbox 1047 1752 1092 1779; x_wconf 90' lang='lat' dir='ltr'>eo</span> 
     </span>
     <span class='ocr_line' id='line_1_19' title="bbox 131 1801 1092 1854; baseline 0.003 -15"><span class='ocrx_word' id='word_1_81' title='bbox 131 1801 273 1850; x_wconf 84' lang='lat' dir='ltr'>libello,</span> <span class='ocrx_word' id='word_1_82' title='bbox 303 1814 421 1853; x_wconf 86' lang='lat' dir='ltr'>quem</span> <span class='ocrx_word' id='word_1_83' title='bbox 452 1801 500 1841; x_wconf 91' lang='lat' dir='ltr'>de</span> <span class='ocrx_word' id='word_1_84' title='bbox 531 1803 667 1854; x_wconf 79' lang='lat' dir='ltr'>Regis,</span> <span class='ocrx_word' id='word_1_85' title='bbox 699 1808 738 1841; x_wconf 83' lang='lat' dir='ltr'>et</span> <span class='ocrx_word' id='word_1_86' title='bbox 768 1803 856 1842; x_wconf 89' lang='lat' dir='ltr'>boni</span> <span class='ocrx_word' id='word_1_87' title='bbox 902 1804 1092 1854; x_wconf 82' lang='lat' dir='ltr'>Principis</span> 
     </span>
     <span class='ocr_line' id='line_1_20' title="bbox 131 1864 1088 1916; baseline 0.003 -14"><span class='ocrx_word' id='word_1_88' title='bbox 131 1864 257 1913; x_wconf 68' lang='lat' dir='ltr'>officio</span> <span class='ocrx_word' id='word_1_89' title='bbox 287 1866 466 1916; x_wconf 81' lang='lat' dir='ltr'>proxime</span> <span class='ocrx_word' id='word_1_90' title='bbox 496 1864 543 1904; x_wconf 87' lang='lat' dir='ltr'>ad</span> <span class='ocrx_word' id='word_1_91' title='bbox 577 1877 638 1904; x_wconf 90' lang='lat' dir='ltr'>me</span> <span class='ocrx_word' id='word_1_92' title='bbox 670 1867 824 1915; x_wconf 87' lang='lat' dir='ltr'>misisti,</span> <span class='ocrx_word' id='word_1_93' title='bbox 857 1868 913 1906; x_wconf 92' lang='lat' dir='ltr'>sic</span> <span class='ocrx_word' id='word_1_94' title='bbox 958 1878 1020 1905; x_wconf 88' lang='lat' dir='ltr'>me</span> <span class='ocrx_word' id='word_1_95' title='bbox 1051 1868 1088 1905; x_wconf 89' lang='lat' dir='ltr'>in</span> 
     </span>
     <span class='ocr_line' id='line_1_21' title="bbox 131 1927 1088 1981; baseline 0.004 -16"><span class='ocrx_word' id='word_1_96' title='bbox 131 1928 330 1966; x_wconf 88' lang='lat' dir='ltr'>sententia</span> <span class='ocrx_word' id='word_1_97' title='bbox 360 1927 618 1975; x_wconf 77' lang='lat' dir='ltr'>confirmasti,</span> <span class='ocrx_word' id='word_1_98' title='bbox 656 1936 699 1968; x_wconf 84' lang='lat' dir='ltr'>ut</span> <span class='ocrx_word' id='word_1_99' title='bbox 732 1930 839 1968; x_wconf 89' lang='lat' dir='ltr'>nulla</span> <span class='ocrx_word' id='word_1_100' title='bbox 884 1941 932 1968; x_wconf 85' lang='lat' dir='ltr'>ex</span> <span class='ocrx_word' id='word_1_101' title='bbox 978 1935 1088 1981; x_wconf 83' lang='lat' dir='ltr'>parte</span> 
     </span>
     <span class='ocr_line' id='line_1_22' title="bbox 131 1990 1088 2043; baseline 0.003 -15"><span class='ocrx_word' id='word_1_102' title='bbox 131 1990 166 2029; x_wconf 93' lang='lat' dir='ltr'>id</span> <span class='ocrx_word' id='word_1_103' title='bbox 199 1990 292 2029; x_wconf 87' lang='lat' dir='ltr'>mibi</span> <span class='ocrx_word' id='word_1_104' title='bbox 338 1991 567 2040; x_wconf 78' lang='lat' dir='ltr'>obscurum,</span> <span class='ocrx_word' id='word_1_105' title='bbox 611 1997 680 2032; x_wconf 87' lang='lat' dir='ltr'>aut</span> <span class='ocrx_word' id='word_1_106' title='bbox 724 1993 952 2043; x_wconf 81' lang='lat' dir='ltr'>ambiguum</span> <span class='ocrx_word' id='word_1_107' title='bbox 998 2003 1088 2031; x_wconf 88' lang='lat' dir='ltr'>esse</span> 
     </span>
     <span class='ocr_line' id='line_1_23' title="bbox 130 2054 1087 2107; baseline 0.002 -15"><span class='ocrx_word' id='word_1_108' title='bbox 130 2054 266 2106; x_wconf 85' lang='lat' dir='ltr'>possit.</span> <span class='ocrx_word' id='word_1_109' title='bbox 297 2054 392 2093; x_wconf 80' lang='lat' dir='ltr'>Nam</span> <span class='ocrx_word' id='word_1_110' title='bbox 423 2065 514 2093; x_wconf 90' lang='lat' dir='ltr'>cum</span> <span class='ocrx_word' id='word_1_111' title='bbox 548 2055 584 2093; x_wconf 92' lang='lat' dir='ltr'>in</span> <span class='ocrx_word' id='word_1_112' title='bbox 615 2056 738 2107; x_wconf 84' lang='lat' dir='ltr'>patria</span> <span class='ocrx_word' id='word_1_113' title='bbox 772 2055 992 2107; x_wconf 82' lang='lat' dir='ltr'>juvenilem</span> <span class='ocrx_word' id='word_1_114' title='bbox 1024 2067 1087 2094; x_wconf 86' lang='lat' dir='ltr'>ae-</span> 
     </span>
     <span class='ocr_line' id='line_1_24' title="bbox 129 2117 1087 2167; baseline 0.002 -12"><span class='ocrx_word' id='word_1_115' title='bbox 129 2120 250 2156; x_wconf 81' lang='lat' dir='ltr'>tatem</span> <span class='ocrx_word' id='word_1_116' title='bbox 284 2128 410 2156; x_wconf 88' lang='lat' dir='ltr'>meam</span> <span class='ocrx_word' id='word_1_117' title='bbox 441 2117 612 2167; x_wconf 86' lang='lat' dir='ltr'>erudire,</span> <span class='ocrx_word' id='word_1_118' title='bbox 642 2123 681 2156; x_wconf 87' lang='lat' dir='ltr'>et</span> <span class='ocrx_word' id='word_1_119' title='bbox 711 2117 756 2157; x_wconf 90' lang='lat' dir='ltr'>ad</span> <span class='ocrx_word' id='word_1_120' title='bbox 785 2118 977 2158; x_wconf 90' lang='lat' dir='ltr'>bonorum</span> <span class='ocrx_word' id='word_1_121' title='bbox 1005 2130 1087 2158; x_wconf 88' lang='lat' dir='ltr'>mo-</span> 
     </span>
     <span class='ocr_line' id='line_1_25' title="bbox 127 2179 1086 2232; baseline 0.002 -13"><span class='ocrx_word' id='word_1_122' title='bbox 127 2191 215 2220; x_wconf 88' lang='lat' dir='ltr'>rum</span> <span class='ocrx_word' id='word_1_123' title='bbox 246 2179 494 2232; x_wconf 76' lang='lat' dir='ltr'>disciplinam</span> <span class='ocrx_word' id='word_1_124' title='bbox 527 2186 565 2219; x_wconf 88' lang='lat' dir='ltr'>te</span> <span class='ocrx_word' id='word_1_125' title='bbox 596 2181 689 2220; x_wconf 77' lang='lat' dir='ltr'>mihi</span> <span class='ocrx_word' id='word_1_126' title='bbox 721 2182 879 2232; x_wconf 87' lang='lat' dir='ltr'>ducem,</span> <span class='ocrx_word' id='word_1_127' title='bbox 906 2182 1086 2221; x_wconf 89' lang='lat' dir='ltr'>consilia-</span> 
     </span>
     <span class='ocr_line' id='line_1_26' title="bbox 128 2245 1081 2296; baseline 0.002 -14"><span class='ocrx_word' id='word_1_128' title='bbox 128 2247 275 2291; x_wconf 82' lang='lat' dir='ltr'>torem,</span> <span class='ocrx_word' id='word_1_129' title='bbox 319 2248 358 2282; x_wconf 84' lang='lat' dir='ltr'>et</span> <span class='ocrx_word' id='word_1_130' title='bbox 403 2248 596 2282; x_wconf 84' lang='lat' dir='ltr'>rectorem</span> <span class='ocrx_word' id='word_1_131' title='bbox 642 2245 830 2296; x_wconf 81' lang='lat' dir='ltr'>praebere</span> <span class='ocrx_word' id='word_1_132' title='bbox 876 2257 1081 2296; x_wconf 87' lang='lat' dir='ltr'>nunquam</span> 
     </span>
     <span class='ocr_line' id='line_1_27' title="bbox 127 2306 1083 2359; baseline 0.001 -13"><span class='ocrx_word' id='word_1_133' title='bbox 127 2306 352 2355; x_wconf 81' lang='lat' dir='ltr'>destiteris3</span> <span class='ocrx_word' id='word_1_134' title='bbox 383 2317 490 2345; x_wconf 90' lang='lat' dir='ltr'>nunc</span> <span class='ocrx_word' id='word_1_135' title='bbox 519 2307 743 2346; x_wconf 82' lang='lat' dir='ltr'>scribendis</span> <span class='ocrx_word' id='word_1_136' title='bbox 767 2307 813 2346; x_wconf 87' lang='lat' dir='ltr'>ad</span> <span class='ocrx_word' id='word_1_137' title='bbox 840 2320 902 2346; x_wconf 89' lang='lat' dir='ltr'>me</span> <span class='ocrx_word' id='word_1_138' title='bbox 928 2320 1083 2359; x_wconf 81' lang='lat' dir='ltr'>praece-</span> 
     </span>
     <span class='ocr_line' id='line_1_28' title="bbox 129 2368 1083 2421; baseline 0.002 -13"><span class='ocrx_word' id='word_1_139' title='bbox 129 2370 206 2420; x_wconf 90' lang='lat' dir='ltr'>ptis</span> <span class='ocrx_word' id='word_1_140' title='bbox 234 2369 314 2408; x_wconf 87' lang='lat' dir='ltr'>tuis</span> <span class='ocrx_word' id='word_1_141' title='bbox 345 2369 457 2408; x_wconf 83' lang='lat' dir='ltr'>facile</span> <span class='ocrx_word' id='word_1_142' title='bbox 498 2368 722 2419; x_wconf 74' lang='lat' dir='ltr'>declarasti,</span> <span class='ocrx_word' id='word_1_143' title='bbox 770 2382 845 2409; x_wconf 91' lang='lat' dir='ltr'>non</span> <span class='ocrx_word' id='word_1_144' title='bbox 895 2373 1083 2421; x_wconf 87' lang='lat' dir='ltr'>temporis</span> 
     </span>
     <span class='ocr_line' id='line_1_29' title="bbox 128 2432 1083 2485; baseline 0.002 -14"><span class='ocrx_word' id='word_1_145' title='bbox 128 2432 266 2483; x_wconf 85' lang='lat' dir='ltr'>spatio,</span> <span class='ocrx_word' id='word_1_146' title='bbox 299 2444 374 2470; x_wconf 90' lang='lat' dir='ltr'>non</span> <span class='ocrx_word' id='word_1_147' title='bbox 407 2432 581 2471; x_wconf 88' lang='lat' dir='ltr'>locorum</span> <span class='ocrx_word' id='word_1_148' title='bbox 613 2433 823 2472; x_wconf 84' lang='lat' dir='ltr'>intervallo</span> <span class='ocrx_word' id='word_1_149' title='bbox 852 2438 961 2473; x_wconf 86' lang='lat' dir='ltr'>tuam</span> <span class='ocrx_word' id='word_1_150' title='bbox 992 2445 1083 2485; x_wconf 84' lang='lat' dir='ltr'>erga</span> 
     </span>
     <span class='ocr_line' id='line_1_30' title="bbox 130 2495 1086 2547; baseline 0.003 -13"><span class='ocrx_word' id='word_1_151' title='bbox 130 2507 191 2534; x_wconf 91' lang='lat' dir='ltr'>me</span> <span class='ocrx_word' id='word_1_152' title='bbox 221 2495 539 2534; x_wconf 81' lang='lat' dir='ltr'>benevolentiam</span> <span class='ocrx_word' id='word_1_153' title='bbox 572 2495 648 2534; x_wconf 85' lang='lat' dir='ltr'>ulla</span> <span class='ocrx_word' id='word_1_154' title='bbox 686 2507 735 2534; x_wconf 82' lang='lat' dir='ltr'>ex</span> <span class='ocrx_word' id='word_1_155' title='bbox 781 2501 889 2547; x_wconf 84' lang='lat' dir='ltr'>parte</span> <span class='ocrx_word' id='word_1_156' title='bbox 933 2497 1086 2537; x_wconf 86' lang='lat' dir='ltr'>labefa-</span> 
     </span>
     <span class='ocr_line' id='line_1_31' title="bbox 126 2559 1081 2610; baseline 0.003 -14"><span class='ocrx_word' id='word_1_157' title='bbox 126 2562 289 2605; x_wconf 90' lang='lat' dir='ltr'>ctatam,</span> <span class='ocrx_word' id='word_1_158' title='bbox 318 2562 387 2596; x_wconf 89' lang='lat' dir='ltr'>aut</span> <span class='ocrx_word' id='word_1_159' title='bbox 413 2559 662 2596; x_wconf 85' lang='lat' dir='ltr'>imminutam</span> <span class='ocrx_word' id='word_1_160' title='bbox 689 2569 790 2596; x_wconf 87' lang='lat' dir='ltr'>esse.</span> <span class='ocrx_word' id='word_1_161' title='bbox 816 2559 952 2610; x_wconf 77' lang='lat' dir='ltr'>Neque</span> <span class='ocrx_word' id='word_1_162' title='bbox 976 2562 1081 2599; x_wconf 90' lang='lat' dir='ltr'>enim</span> 
     </span>
     <span class='ocr_line' id='line_1_32' title="bbox 127 2620 1083 2673; baseline 0.002 -13"><span class='ocrx_word' id='word_1_163' title='bbox 127 2625 257 2673; x_wconf 86' lang='lat' dir='ltr'>potest</span> <span class='ocrx_word' id='word_1_164' title='bbox 287 2620 380 2659; x_wconf 86' lang='lat' dir='ltr'>mihi</span> <span class='ocrx_word' id='word_1_165' title='bbox 412 2633 487 2659; x_wconf 93' lang='lat' dir='ltr'>non</span> <span class='ocrx_word' id='word_1_166' title='bbox 520 2621 616 2659; x_wconf 88' lang='lat' dir='ltr'>satis</span> <span class='ocrx_word' id='word_1_167' title='bbox 647 2627 852 2671; x_wconf 85' lang='lat' dir='ltr'>spectatus</span> <span class='ocrx_word' id='word_1_168' title='bbox 882 2634 971 2661; x_wconf 83' lang='lat' dir='ltr'>esse</span> <span class='ocrx_word' id='word_1_169' title='bbox 1001 2625 1083 2662; x_wconf 87' lang='lat' dir='ltr'>ani—</span> 
     </span>
    </p>
   </div>
   <div class='ocr_carea' id='block_1_12' title="bbox 70 2682 1080 2736">
    <p class='ocr_par' dir='ltr' id='par_1_12' title="bbox 70 2682 1080 2736">
     <span class='ocr_line' id='line_1_33' title="bbox 70 2682 1080 2736; baseline 0.002 -13"><span class='ocrx_word' id='word_1_170' title='bbox 70 2682 73 2683; x_wconf 59' lang='grc'>’</span> <span class='ocrx_word' id='word_1_171' title='bbox 128 2695 228 2732; x_wconf 80' lang='lat' dir='ltr'>muS,</span> <span class='ocrx_word' id='word_1_172' title='bbox 259 2685 326 2734; x_wconf 90' lang='lat' dir='ltr'>qui</span> <span class='ocrx_word' id='word_1_173' title='bbox 363 2688 473 2722; x_wconf 87' lang='lat' dir='ltr'>tanta</span> <span class='ocrx_word' id='word_1_174' title='bbox 502 2694 609 2730; x_wconf 85' lang='lat' dir='ltr'>cura,</span> <span class='ocrx_word' id='word_1_175' title='bbox 652 2689 842 2736; x_wconf 84' lang='lat' dir='ltr'>tantaque</span> <span class='ocrx_word' id='word_1_176' title='bbox 886 2685 1080 2725; x_wconf 85' lang='lat' dir='ltr'>industria</span> 
     </span>
    </p>
   </div>
   <div class='ocr_carea' id='block_1_13' title="bbox 121 2745 1079 3425">
    <p class='ocr_par' dir='ltr' id='par_1_13' title="bbox 121 2745 1079 3425">
     <span class='ocr_line' id='line_1_34' title="bbox 127 2745 1079 2798; baseline 0.004 -14"><span class='ocrx_word' id='word_1_177' title='bbox 127 2757 194 2798; x_wconf 86' lang='lat' dir='ltr'>pro</span> <span class='ocrx_word' id='word_1_178' title='bbox 229 2757 316 2785; x_wconf 86' lang='lat' dir='ltr'>mea</span> <span class='ocrx_word' id='word_1_179' title='bbox 359 2745 562 2797; x_wconf 84' lang='lat' dir='ltr'>dignitate,</span> <span class='ocrx_word' id='word_1_180' title='bbox 606 2746 853 2798; x_wconf 71' lang='lat' dir='ltr'>utilitateque</span> <span class='ocrx_word' id='word_1_181' title='bbox 891 2747 1079 2798; x_wconf 81' lang='lat' dir='ltr'>laborare,</span> 
     </span>
     <span class='ocr_line' id='line_1_35' title="bbox 125 2808 1079 2860; baseline 0.003 -14"><span class='ocrx_word' id='word_1_182' title='bbox 125 2814 165 2846; x_wconf 88' lang='lat' dir='ltr'>et</span> <span class='ocrx_word' id='word_1_183' title='bbox 194 2808 398 2860; x_wconf 84' lang='lat' dir='ltr'>invigilare</span> <span class='ocrx_word' id='word_1_184' title='bbox 429 2808 639 2848; x_wconf 86' lang='lat' dir='ltr'>studuerit.</span> <span class='ocrx_word' id='word_1_185' title='bbox 681 2810 770 2859; x_wconf 87' lang='lat' dir='ltr'>Legi</span> <span class='ocrx_word' id='word_1_186' title='bbox 803 2811 933 2860; x_wconf 72' lang='lat' dir='ltr'>itaque,</span> <span class='ocrx_word' id='word_1_187' title='bbox 958 2811 1079 2849; x_wconf 79' lang='lat' dir='ltr'>liben-</span> 
     </span>
     <span class='ocr_line' id='line_1_36' title="bbox 124 2871 1075 2925; baseline 0.004 -16"><span class='ocrx_word' id='word_1_188' title='bbox 124 2872 281 2910; x_wconf 85' lang='lat' dir='ltr'>tissime</span> <span class='ocrx_word' id='word_1_189' title='bbox 311 2883 354 2911; x_wconf 85' lang='lat' dir='ltr'>ea</span> <span class='ocrx_word' id='word_1_190' title='bbox 386 2871 434 2910; x_wconf 81' lang='lat' dir='ltr'>de</span> <span class='ocrx_word' id='word_1_191' title='bbox 458 2883 595 2911; x_wconf 85' lang='lat' dir='ltr'>caussa</span> <span class='ocrx_word' id='word_1_192' title='bbox 624 2871 798 2911; x_wconf 86' lang='lat' dir='ltr'>libellum</span> <span class='ocrx_word' id='word_1_193' title='bbox 822 2874 950 2924; x_wconf 91' lang='lat' dir='ltr'>ipsum</span> <span class='ocrx_word' id='word_1_194' title='bbox 974 2874 1075 2925; x_wconf 88' lang='lat' dir='ltr'>quod</span> 
     </span>
     <span class='ocr_line' id='line_1_37' title="bbox 123 2933 1078 2988; baseline 0.002 -16"><span class='ocrx_word' id='word_1_195' title='bbox 123 2944 215 2973; x_wconf 90' lang='lat' dir='ltr'>cum</span> <span class='ocrx_word' id='word_1_196' title='bbox 247 2944 323 2972; x_wconf 88' lang='lat' dir='ltr'>non</span> <span class='ocrx_word' id='word_1_197' title='bbox 354 2934 480 2973; x_wconf 87' lang='lat' dir='ltr'>dicam</span> <span class='ocrx_word' id='word_1_198' title='bbox 514 2945 599 2972; x_wconf 83' lang='lat' dir='ltr'>meo</span> <span class='ocrx_word' id='word_1_199' title='bbox 624 2933 785 2984; x_wconf 89' lang='lat' dir='ltr'>judicio,</span> <span class='ocrx_word' id='word_1_200' title='bbox 823 2935 950 2988; x_wconf 88' lang='lat' dir='ltr'>(quod</span> <span class='ocrx_word' id='word_1_201' title='bbox 997 2939 1078 2977; x_wconf 79' lang='lat' dir='ltr'>exi-</span> 
     </span>
     <span class='ocr_line' id='line_1_38' title="bbox 123 2995 1077 3049; baseline 0.002 -13"><span class='ocrx_word' id='word_1_202' title='bbox 123 3007 245 3048; x_wconf 82' lang='lat' dir='ltr'>guum</span> <span class='ocrx_word' id='word_1_203' title='bbox 276 2999 364 3046; x_wconf 78' lang='lat' dir='ltr'>est)</span> <span class='ocrx_word' id='word_1_204' title='bbox 394 2996 462 3035; x_wconf 80' lang='lat' dir='ltr'>sed</span> <span class='ocrx_word' id='word_1_205' title='bbox 503 2997 638 3047; x_wconf 81' lang='lat' dir='ltr'>inclyti</span> <span class='ocrx_word' id='word_1_206' title='bbox 682 2995 861 3049; x_wconf 82' lang='lat' dir='ltr'>conjugis</span> <span class='ocrx_word' id='word_1_207' title='bbox 905 3000 995 3045; x_wconf 88' lang='lat' dir='ltr'>mei,</span> <span class='ocrx_word' id='word_1_208' title='bbox 1037 3005 1077 3039; x_wconf 72' lang='lat' dir='ltr'>et</span> 
     </span>
     <span class='ocr_line' id='line_1_39' title="bbox 123 3058 1075 3111; baseline 0.003 -13"><span class='ocrx_word' id='word_1_209' title='bbox 123 3059 314 3106; x_wconf 87' lang='lat' dir='ltr'>omnium,</span> <span class='ocrx_word' id='word_1_210' title='bbox 345 3060 410 3110; x_wconf 90' lang='lat' dir='ltr'>qui</span> <span class='ocrx_word' id='word_1_211' title='bbox 441 3059 488 3097; x_wconf 86' lang='lat' dir='ltr'>de</span> <span class='ocrx_word' id='word_1_212' title='bbox 511 3063 591 3098; x_wconf 84' lang='lat' dir='ltr'>tam</span> <span class='ocrx_word' id='word_1_213' title='bbox 621 3058 756 3098; x_wconf 83' lang='lat' dir='ltr'>arduis</span> <span class='ocrx_word' id='word_1_214' title='bbox 779 3062 944 3111; x_wconf 81' lang='lat' dir='ltr'>negotiis</span> <span class='ocrx_word' id='word_1_215' title='bbox 976 3062 1075 3101; x_wconf 84' lang='lat' dir='ltr'>serre</span> 
     </span>
     <span class='ocr_line' id='line_1_40' title="bbox 123 3123 1075 3174; baseline 0.005 -14"><span class='ocrx_word' id='word_1_216' title='bbox 123 3123 363 3161; x_wconf 82' lang='lat' dir='ltr'>sententiam</span> <span class='ocrx_word' id='word_1_217' title='bbox 391 3128 576 3174; x_wconf 88' lang='lat' dir='ltr'>possunt:</span> <span class='ocrx_word' id='word_1_218' title='bbox 602 3124 786 3163; x_wconf 90' lang='lat' dir='ltr'>omnibus</span> <span class='ocrx_word' id='word_1_219' title='bbox 813 3127 989 3164; x_wconf 81' lang='lat' dir='ltr'>numeris</span> <span class='ocrx_word' id='word_1_220' title='bbox 1010 3127 1075 3166; x_wconf 78' lang='lat' dir='ltr'>ab-</span> 
     </span>
     <span class='ocr_line' id='line_1_41' title="bbox 124 3183 1074 3238; baseline 0.005 -16"><span class='ocrx_word' id='word_1_221' title='bbox 124 3183 280 3223; x_wconf 83' lang='lat' dir='ltr'>solutus</span> <span class='ocrx_word' id='word_1_222' title='bbox 322 3184 516 3232; x_wconf 87' lang='lat' dir='ltr'>videatur,</span> <span class='ocrx_word' id='word_1_223' title='bbox 563 3187 596 3224; x_wconf 91' lang='lat' dir='ltr'>ei</span> <span class='ocrx_word' id='word_1_224' title='bbox 645 3186 815 3225; x_wconf 87' lang='lat' dir='ltr'>multum</span> <span class='ocrx_word' id='word_1_225' title='bbox 861 3187 964 3238; x_wconf 85' lang='lat' dir='ltr'>apud</span> <span class='ocrx_word' id='word_1_226' title='bbox 1013 3200 1074 3227; x_wconf 90' lang='lat' dir='ltr'>me</span> 
     </span>
     <span class='ocr_line' id='line_1_42' title="bbox 123 3247 1074 3302; baseline 0.007 -18"><span class='ocrx_word' id='word_1_227' title='bbox 123 3247 272 3297; x_wconf 86' lang='lat' dir='ltr'>gratiae</span> <span class='ocrx_word' id='word_1_228' title='bbox 301 3259 411 3287; x_wconf 89' lang='lat' dir='ltr'>amor</span> <span class='ocrx_word' id='word_1_229' title='bbox 442 3249 478 3286; x_wconf 91' lang='lat' dir='ltr'>in</span> <span class='ocrx_word' id='word_1_230' title='bbox 505 3259 567 3287; x_wconf 88' lang='lat' dir='ltr'>me</span> <span class='ocrx_word' id='word_1_231' title='bbox 593 3253 686 3288; x_wconf 88' lang='lat' dir='ltr'>tuus</span> <span class='ocrx_word' id='word_1_232' title='bbox 710 3249 917 3300; x_wconf 81' lang='lat' dir='ltr'>adjicebat.</span> <span class='ocrx_word' id='word_1_233' title='bbox 940 3251 1074 3302; x_wconf 85' lang='lat' dir='ltr'>Neque</span> 
     </span>
     <span class='ocr_line' id='line_1_43' title="bbox 121 3312 1075 3364; baseline 0.006 -17"><span class='ocrx_word' id='word_1_234' title='bbox 121 3318 193 3360; x_wconf 87' lang='lat' dir='ltr'>ego</span> <span class='ocrx_word' id='word_1_235' title='bbox 213 3319 309 3350; x_wconf 88' lang='lat' dir='ltr'>sane</span> <span class='ocrx_word' id='word_1_236' title='bbox 329 3314 367 3350; x_wconf 88' lang='lat' dir='ltr'>te</span> <span class='ocrx_word' id='word_1_237' title='bbox 391 3312 650 3363; x_wconf 79' lang='lat' dir='ltr'>arrogantiae,</span> <span class='ocrx_word' id='word_1_238' title='bbox 673 3316 715 3352; x_wconf 90' lang='lat' dir='ltr'>ut</span> <span class='ocrx_word' id='word_1_239' title='bbox 745 3314 936 3364; x_wconf 89' lang='lat' dir='ltr'>suspicari</span> <span class='ocrx_word' id='word_1_240' title='bbox 967 3314 1075 3353; x_wconf 86' lang='lat' dir='ltr'>vide-</span> 
     </span>
     <span class='ocr_line' id='line_1_44' title="bbox 121 3367 1072 3425; baseline 0.007 -16"><span class='ocrx_word' id='word_1_241' title='bbox 121 3367 251 3421; x_wconf 78' lang='lat' dir='ltr'>baris,</span> <span class='ocrx_word' id='word_1_242' title='bbox 293 3373 556 3414; x_wconf 88' lang='lat' dir='ltr'>condemnavi</span> <span class='ocrx_word' id='word_1_243' title='bbox 599 3374 700 3425; x_wconf 86' lang='lat' dir='ltr'>quod</span> <span class='ocrx_word' id='word_1_244' title='bbox 747 3386 831 3414; x_wconf 78' lang='lat' dir='ltr'>eam</span> <span class='ocrx_word' id='word_1_245' title='bbox 878 3376 1072 3416; x_wconf 89' lang='lat' dir='ltr'>scribendi</span> 
     </span>
    </p>
   </div>
   <div class='ocr_carea' id='block_1_14' title="bbox 1147 1365 2124 3436">
    <p class='ocr_par' dir='ltr' id='par_1_14' title="bbox 1147 1365 2124 3436">
     <span class='ocr_line' id='line_1_45' title="bbox 1166 1365 2124 1421; baseline 0.007 -19"><span class='ocrx_word' id='word_1_246' title='bbox 1166 1365 1371 1404; x_wconf 78' lang='lat' dir='ltr'>materiam</span> <span class='ocrx_word' id='word_1_247' title='bbox 1403 1368 1669 1418; x_wconf 86' lang='lat' dir='ltr'>sumpsisses,</span> <span class='ocrx_word' id='word_1_248' title='bbox 1699 1369 1736 1407; x_wconf 90' lang='lat' dir='ltr'>in</span> <span class='ocrx_word' id='word_1_249' title='bbox 1769 1380 1844 1420; x_wconf 88' lang='lat' dir='ltr'>qua</span> <span class='ocrx_word' id='word_1_250' title='bbox 1883 1374 2038 1421; x_wconf 89' lang='lat' dir='ltr'>praeter</span> <span class='ocrx_word' id='word_1_251' title='bbox 2067 1370 2124 1408; x_wconf 90' lang='lat' dir='ltr'>in·</span> 
     </span>
     <span class='ocr_line' id='line_1_46' title="bbox 1166 1427 2123 1483; baseline 0.009 -20"><span class='ocrx_word' id='word_1_252' title='bbox 1166 1427 1267 1476; x_wconf 85' lang='lat' dir='ltr'>genii</span> <span class='ocrx_word' id='word_1_253' title='bbox 1299 1428 1354 1466; x_wconf 90' lang='lat' dir='ltr'>tui</span> <span class='ocrx_word' id='word_1_254' title='bbox 1385 1439 1567 1476; x_wconf 82' lang='lat' dir='ltr'>acumen,</span> <span class='ocrx_word' id='word_1_255' title='bbox 1598 1431 1919 1483; x_wconf 79' lang='lat' dir='ltr'>singularemque</span> <span class='ocrx_word' id='word_1_256' title='bbox 1952 1431 2123 1483; x_wconf 80' lang='lat' dir='ltr'>pruden-</span> 
     </span>
     <span class='ocr_line' id='line_1_47' title="bbox 1168 1489 2122 1546; baseline 0.008 -20"><span class='ocrx_word' id='word_1_257' title='bbox 1168 1489 1261 1527; x_wconf 88' lang='lat' dir='ltr'>tiam</span> <span class='ocrx_word' id='word_1_258' title='bbox 1293 1491 1411 1528; x_wconf 78' lang='lat' dir='ltr'>etiam</span> <span class='ocrx_word' id='word_1_259' title='bbox 1443 1503 1554 1540; x_wconf 85' lang='lat' dir='ltr'>usus,</span> <span class='ocrx_word' id='word_1_260' title='bbox 1600 1494 1665 1543; x_wconf 90' lang='lat' dir='ltr'>qui</span> <span class='ocrx_word' id='word_1_261' title='bbox 1713 1495 1900 1544; x_wconf 78' lang='lat' dir='ltr'>magister</span> <span class='ocrx_word' id='word_1_262' title='bbox 1938 1495 2122 1546; x_wconf 84' lang='lat' dir='ltr'>egregius</span> 
     </span>
     <span class='ocr_line' id='line_1_48' title="bbox 1168 1550 2121 1608; baseline 0.009 -20"><span class='ocrx_word' id='word_1_263' title='bbox 1168 1550 1300 1590; x_wconf 88' lang='lat' dir='ltr'>baberi</span> <span class='ocrx_word' id='word_1_264' title='bbox 1327 1553 1440 1600; x_wconf 88' lang='lat' dir='ltr'>solet,</span> <span class='ocrx_word' id='word_1_265' title='bbox 1457 1558 1495 1592; x_wconf 88' lang='lat' dir='ltr'>te</span> <span class='ocrx_word' id='word_1_266' title='bbox 1519 1554 1719 1595; x_wconf 89' lang='lat' dir='ltr'>doctorem</span> <span class='ocrx_word' id='word_1_267' title='bbox 1742 1559 1934 1608; x_wconf 83' lang='lat' dir='ltr'>optimum</span> <span class='ocrx_word' id='word_1_268' title='bbox 1958 1557 2121 1597; x_wconf 85' lang='lat' dir='ltr'>reddere</span> 
     </span>
     <span class='ocr_line' id='line_1_49' title="bbox 1167 1615 2121 1673; baseline 0.008 -22"><span class='ocrx_word' id='word_1_269' title='bbox 1167 1615 1390 1664; x_wconf 81' lang='lat' dir='ltr'>potuisset:</span> <span class='ocrx_word' id='word_1_270' title='bbox 1417 1619 1648 1667; x_wconf 84' lang='lat' dir='ltr'>praesertim</span> <span class='ocrx_word' id='word_1_271' title='bbox 1674 1630 1765 1658; x_wconf 89' lang='lat' dir='ltr'>cum</span> <span class='ocrx_word' id='word_1_272' title='bbox 1791 1620 1893 1669; x_wconf 90' lang='lat' dir='ltr'>apud</span> <span class='ocrx_word' id='word_1_273' title='bbox 1925 1620 2121 1673; x_wconf 78' lang='lat' dir='ltr'>gloriosis·</span> 
     </span>
     <span class='ocr_line' id='line_1_50' title="bbox 1168 1677 2119 1734; baseline 0.007 -19"><span class='ocrx_word' id='word_1_274' title='bbox 1168 1677 1312 1716; x_wconf 89' lang='lat' dir='ltr'>simum</span> <span class='ocrx_word' id='word_1_275' title='bbox 1345 1682 1384 1716; x_wconf 84' lang='lat' dir='ltr'>et</span> <span class='ocrx_word' id='word_1_276' title='bbox 1416 1681 1599 1719; x_wconf 86' lang='lat' dir='ltr'>maximis</span> <span class='ocrx_word' id='word_1_277' title='bbox 1630 1682 1749 1722; x_wconf 88' lang='lat' dir='ltr'>rebus</span> <span class='ocrx_word' id='word_1_278' title='bbox 1778 1685 1914 1734; x_wconf 81' lang='lat' dir='ltr'>gestis,</span> <span class='ocrx_word' id='word_1_279' title='bbox 1949 1683 2119 1723; x_wconf 85' lang='lat' dir='ltr'>clarissi-</span> 
     </span>
     <span class='ocr_line' id='line_1_51' title="bbox 1168 1747 2119 1792; baseline 0.006 -14"><span class='ocrx_word' id='word_1_280' title='bbox 1168 1752 1276 1779; x_wconf 89' lang='lat' dir='ltr'>mum</span> <span class='ocrx_word' id='word_1_281' title='bbox 1304 1747 1506 1792; x_wconf 88' lang='lat' dir='ltr'>parentem</span> <span class='ocrx_word' id='word_1_282' title='bbox 1533 1755 1665 1783; x_wconf 87' lang='lat' dir='ltr'>meum</span> <span class='ocrx_word' id='word_1_283' title='bbox 1691 1747 1951 1786; x_wconf 84' lang='lat' dir='ltr'>exercitatum</span> <span class='ocrx_word' id='word_1_284' title='bbox 1976 1751 2013 1784; x_wconf 85' lang='lat' dir='ltr'>te</span> <span class='ocrx_word' id='word_1_285' title='bbox 2031 1757 2119 1785; x_wconf 89' lang='lat' dir='ltr'>esse</span> 
     </span>
     <span class='ocr_line' id='line_1_52' title="bbox 1164 1805 2116 1859; baseline 0.007 -19"><span class='ocrx_word' id='word_1_286' title='bbox 1164 1808 1204 1840; x_wconf 84' lang='lat' dir='ltr'>et</span> <span class='ocrx_word' id='word_1_287' title='bbox 1234 1808 1276 1842; x_wconf 92' lang='lat' dir='ltr'>tu</span> <span class='ocrx_word' id='word_1_288' title='bbox 1308 1805 1390 1854; x_wconf 85' lang='lat' dir='ltr'>ipse</span> <span class='ocrx_word' id='word_1_289' title='bbox 1423 1805 1592 1854; x_wconf 84' lang='lat' dir='ltr'>fatearis,</span> <span class='ocrx_word' id='word_1_290' title='bbox 1622 1812 1661 1846; x_wconf 87' lang='lat' dir='ltr'>et</span> <span class='ocrx_word' id='word_1_291' title='bbox 1692 1820 1763 1859; x_wconf 87' lang='lat' dir='ltr'>ego</span> <span class='ocrx_word' id='word_1_292' title='bbox 1794 1820 1869 1847; x_wconf 90' lang='lat' dir='ltr'>non</span> <span class='ocrx_word' id='word_1_293' title='bbox 1914 1810 2116 1859; x_wconf 86' lang='lat' dir='ltr'>ignorem:</span> 
     </span>
     <span class='ocr_line' id='line_1_53' title="bbox 1163 1869 2120 1922; baseline 0.006 -18"><span class='ocrx_word' id='word_1_294' title='bbox 1163 1877 1282 1916; x_wconf 87' lang='lat' dir='ltr'>quem</span> <span class='ocrx_word' id='word_1_295' title='bbox 1313 1872 1353 1905; x_wconf 89' lang='lat' dir='ltr'>et</span> <span class='ocrx_word' id='word_1_296' title='bbox 1383 1869 1735 1919; x_wconf 88' lang='lat' dir='ltr'>sapientissimum,</span> <span class='ocrx_word' id='word_1_297' title='bbox 1775 1876 1814 1909; x_wconf 79' lang='lat' dir='ltr'>et</span> <span class='ocrx_word' id='word_1_298' title='bbox 1844 1871 2004 1922; x_wconf 84' lang='lat' dir='ltr'>regendi</span> <span class='ocrx_word' id='word_1_299' title='bbox 2047 1872 2120 1910; x_wconf 84' lang='lat' dir='ltr'>im-</span> 
     </span>
     <span class='ocr_line' id='line_1_54' title="bbox 1162 1930 2115 1979; baseline 0.005 -12"><span class='ocrx_word' id='word_1_300' title='bbox 1162 1931 1256 1979; x_wconf 90' lang='lat' dir='ltr'>perii</span> <span class='ocrx_word' id='word_1_301' title='bbox 1301 1930 1453 1970; x_wconf 86' lang='lat' dir='ltr'>artibus</span> <span class='ocrx_word' id='word_1_302' title='bbox 1499 1933 1855 1973; x_wconf 80' lang='lat' dir='ltr'>instructissimum</span> <span class='ocrx_word' id='word_1_303' title='bbox 1901 1945 1990 1974; x_wconf 86' lang='lat' dir='ltr'>esse</span> <span class='ocrx_word' id='word_1_304' title='bbox 2040 1944 2115 1972; x_wconf 90' lang='lat' dir='ltr'>non</span> 
     </span>
     <span class='ocr_line' id='line_1_55' title="bbox 1164 1992 2116 2047; baseline 0.006 -17"><span class='ocrx_word' id='word_1_305' title='bbox 1164 1992 1278 2031; x_wconf 86' lang='lat' dir='ltr'>modo</span> <span class='ocrx_word' id='word_1_306' title='bbox 1309 1994 1428 2033; x_wconf 85' lang='lat' dir='ltr'>Italae</span> <span class='ocrx_word' id='word_1_307' title='bbox 1457 2001 1598 2045; x_wconf 77' lang='lat' dir='ltr'>gentes</span> <span class='ocrx_word' id='word_1_308' title='bbox 1628 1996 1874 2047; x_wconf 82' lang='lat' dir='ltr'>praedicant3</span> <span class='ocrx_word' id='word_1_309' title='bbox 1905 1996 1973 2036; x_wconf 90' lang='lat' dir='ltr'>sed</span> <span class='ocrx_word' id='word_1_310' title='bbox 2008 2002 2116 2036; x_wconf 88' lang='lat' dir='ltr'>tanta</span> 
     </span>
     <span class='ocr_line' id='line_1_56' title="bbox 1161 2056 2117 2111; baseline 0.003 -16"><span class='ocrx_word' id='word_1_311' title='bbox 1161 2056 1392 2096; x_wconf 74' lang='lat' dir='ltr'>diversitate</span> <span class='ocrx_word' id='word_1_312' title='bbox 1430 2064 1677 2098; x_wconf 86' lang='lat' dir='ltr'>caeterarum</span> <span class='ocrx_word' id='word_1_313' title='bbox 1724 2061 2015 2111; x_wconf 86' lang='lat' dir='ltr'>provinciarum</span> <span class='ocrx_word' id='word_1_314' title='bbox 2060 2059 2117 2098; x_wconf 92' lang='lat' dir='ltr'>di-</span> 
     </span>
     <span class='ocr_line' id='line_1_57' title="bbox 1161 2122 2117 2173; baseline 0.003 -14"><span class='ocrx_word' id='word_1_315' title='bbox 1161 2125 1289 2160; x_wconf 81' lang='lat' dir='ltr'>screta</span> <span class='ocrx_word' id='word_1_316' title='bbox 1320 2122 1497 2161; x_wconf 90' lang='lat' dir='ltr'>omnium</span> <span class='ocrx_word' id='word_1_317' title='bbox 1532 2122 1677 2173; x_wconf 86' lang='lat' dir='ltr'>judicia</span> <span class='ocrx_word' id='word_1_318' title='bbox 1725 2124 1994 2162; x_wconf 85' lang='lat' dir='ltr'>consentiunt.</span> <span class='ocrx_word' id='word_1_319' title='bbox 2039 2123 2117 2162; x_wconf 80' lang='lat' dir='ltr'>Nec</span> 
     </span>
     <span class='ocr_line' id='line_1_58' title="bbox 1161 2185 2112 2238; baseline 0.002 -15"><span class='ocrx_word' id='word_1_320' title='bbox 1161 2196 1222 2223; x_wconf 87' lang='lat' dir='ltr'>me</span> <span class='ocrx_word' id='word_1_321' title='bbox 1253 2185 1411 2232; x_wconf 72' lang='lat' dir='ltr'>latebat,</span> <span class='ocrx_word' id='word_1_322' title='bbox 1442 2191 1510 2225; x_wconf 88' lang='lat' dir='ltr'>aut</span> <span class='ocrx_word' id='word_1_323' title='bbox 1540 2185 1644 2237; x_wconf 88' lang='lat' dir='ltr'>quod</span> <span class='ocrx_word' id='word_1_324' title='bbox 1675 2186 1750 2226; x_wconf 90' lang='lat' dir='ltr'>dici</span> <span class='ocrx_word' id='word_1_325' title='bbox 1781 2187 1896 2233; x_wconf 89' lang='lat' dir='ltr'>solet,</span> <span class='ocrx_word' id='word_1_326' title='bbox 1920 2187 2112 2238; x_wconf 84' lang='lat' dir='ltr'>optimum</span> 
     </span>
     <span class='ocr_line' id='line_1_59' title="bbox 1158 2249 2116 2302; baseline 0.003 -16"><span class='ocrx_word' id='word_1_327' title='bbox 1158 2261 1360 2301; x_wconf 80' lang='lat' dir='ltr'>quemque</span> <span class='ocrx_word' id='word_1_328' title='bbox 1404 2260 1500 2289; x_wconf 87' lang='lat' dir='ltr'>suae</span> <span class='ocrx_word' id='word_1_329' title='bbox 1545 2250 1641 2288; x_wconf 86' lang='lat' dir='ltr'>artis</span> <span class='ocrx_word' id='word_1_330' title='bbox 1686 2249 2002 2302; x_wconf 84' lang='lat' dir='ltr'>disputatorem:</span> <span class='ocrx_word' id='word_1_331' title='bbox 2047 2254 2116 2290; x_wconf 88' lang='lat' dir='ltr'>aut</span> 
     </span>
     <span class='ocr_line' id='line_1_60' title="bbox 1157 2313 2114 2366; baseline 0.003 -16"><span class='ocrx_word' id='word_1_332' title='bbox 1157 2313 1396 2352; x_wconf 84' lang='lat' dir='ltr'>Graecorum</span> <span class='ocrx_word' id='word_1_333' title='bbox 1442 2313 1722 2364; x_wconf 86' lang='lat' dir='ltr'>proverbium:</span> <span class='ocrx_word' id='word_1_334' title='bbox 1771 2313 1896 2359; x_wconf 88' lang='lat' dir='ltr'>Quam</span> <span class='ocrx_word' id='word_1_335' title='bbox 1942 2316 2114 2366; x_wconf 87' lang='lat' dir='ltr'>quisque</span> 
     </span>
     <span class='ocr_line' id='line_1_61' title="bbox 1160 2377 2109 2423; baseline 0.002 -8"><span class='ocrx_word' id='word_1_336' title='bbox 1160 2377 1268 2415; x_wconf 87' lang='lat' dir='ltr'>novit</span> <span class='ocrx_word' id='word_1_337' title='bbox 1314 2381 1467 2423; x_wconf 81' lang='lat' dir='ltr'>artem,</span> <span class='ocrx_word' id='word_1_338' title='bbox 1512 2377 1547 2414; x_wconf 90' lang='lat' dir='ltr'>in</span> <span class='ocrx_word' id='word_1_339' title='bbox 1583 2377 1655 2416; x_wconf 87' lang='lat' dir='ltr'>bac</span> <span class='ocrx_word' id='word_1_340' title='bbox 1699 2388 1741 2415; x_wconf 88' lang='lat' dir='ltr'>se</span> <span class='ocrx_word' id='word_1_341' title='bbox 1787 2383 1985 2417; x_wconf 83' lang='lat' dir='ltr'>exerceat.</span> <span class='ocrx_word' id='word_1_342' title='bbox 2034 2379 2109 2418; x_wconf 89' lang='lat' dir='ltr'>Sed</span> 
     </span>
     <span class='ocr_line' id='line_1_62' title="bbox 1159 2439 2109 2491; baseline 0.002 -13"><span class='ocrx_word' id='word_1_343' title='bbox 1159 2440 1331 2491; x_wconf 75' lang='lat' dir='ltr'>proiecto</span> <span class='ocrx_word' id='word_1_344' title='bbox 1369 2450 1458 2478; x_wconf 89' lang='lat' dir='ltr'>cum</span> <span class='ocrx_word' id='word_1_345' title='bbox 1504 2439 1623 2479; x_wconf 90' lang='lat' dir='ltr'>libelli</span> <span class='ocrx_word' id='word_1_346' title='bbox 1668 2441 1792 2491; x_wconf 82' lang='lat' dir='ltr'>ipsius</span> <span class='ocrx_word' id='word_1_347' title='bbox 1833 2441 2109 2481; x_wconf 82' lang='lat' dir='ltr'>excellentiam</span> 
     </span>
     <span class='ocr_line' id='line_1_63' title="bbox 1159 2492 2112 2555; baseline 0.002 -14"><span class='ocrx_word' id='word_1_348' title='bbox 1159 2514 1313 2542; x_wconf 80' lang='lat' dir='ltr'>mecum</span> <span class='ocrx_word' id='word_1_349' title='bbox 1345 2504 1476 2541; x_wconf 80' lang='lat' dir='ltr'>animo</span> <span class='ocrx_word' id='word_1_350' title='bbox 1499 2492 1757 2554; x_wconf 81' lang='lat' dir='ltr'>contemplor,</span> <span class='ocrx_word' id='word_1_351' title='bbox 1781 2503 1874 2555; x_wconf 85' lang='lat' dir='ltr'>quid</span> <span class='ocrx_word' id='word_1_352' title='bbox 1902 2505 1938 2542; x_wconf 89' lang='lat' dir='ltr'>in</span> <span class='ocrx_word' id='word_1_353' title='bbox 1965 2516 2009 2543; x_wconf 88' lang='lat' dir='ltr'>eo</span> <span class='ocrx_word' id='word_1_354' title='bbox 2037 2505 2112 2555; x_wconf 88' lang='lat' dir='ltr'>pri-</span> 
     </span>
     <span class='ocr_line' id='line_1_64' title="bbox 1158 2564 2108 2613; baseline 0.002 -10"><span class='ocrx_word' id='word_1_355' title='bbox 1158 2577 1265 2604; x_wconf 85' lang='lat' dir='ltr'>mum</span> <span class='ocrx_word' id='word_1_356' title='bbox 1310 2564 1479 2613; x_wconf 77' lang='lat' dir='ltr'>laudem,</span> <span class='ocrx_word' id='word_1_357' title='bbox 1527 2568 1684 2605; x_wconf 88' lang='lat' dir='ltr'>nescio:</span> <span class='ocrx_word' id='word_1_358' title='bbox 1729 2569 2014 2612; x_wconf 84' lang='lat' dir='ltr'>inventionem,</span> <span class='ocrx_word' id='word_1_359' title='bbox 2060 2578 2108 2606; x_wconf 91' lang='lat' dir='ltr'>an</span> 
     </span>
     <span class='ocr_line' id='line_1_65' title="bbox 1155 2627 2109 2680; baseline 0.003 -15"><span class='ocrx_word' id='word_1_360' title='bbox 1155 2627 1480 2679; x_wconf 80' lang='lat' dir='ltr'>dispositionem,</span> <span class='ocrx_word' id='word_1_361' title='bbox 1531 2640 1578 2668; x_wconf 92' lang='lat' dir='ltr'>an</span> <span class='ocrx_word' id='word_1_362' title='bbox 1632 2630 1852 2680; x_wconf 80' lang='lat' dir='ltr'>explicandi</span> <span class='ocrx_word' id='word_1_363' title='bbox 1903 2631 2109 2669; x_wconf 76' lang='lat' dir='ltr'>rationem,</span> 
     </span>
     <span class='ocr_line' id='line_1_66' title="bbox 1155 2691 2107 2744; baseline 0.002 -15"><span class='ocrx_word' id='word_1_364' title='bbox 1155 2691 1249 2729; x_wconf 82' lang='lat' dir='ltr'>Nam</span> <span class='ocrx_word' id='word_1_365' title='bbox 1283 2691 1318 2728; x_wconf 90' lang='lat' dir='ltr'>in</span> <span class='ocrx_word' id='word_1_366' title='bbox 1350 2691 1611 2742; x_wconf 82' lang='lat' dir='ltr'>excogitando</span> <span class='ocrx_word' id='word_1_367' title='bbox 1642 2704 1820 2737; x_wconf 82' lang='lat' dir='ltr'>munere,</span> <span class='ocrx_word' id='word_1_368' title='bbox 1867 2693 1968 2744; x_wconf 86' lang='lat' dir='ltr'>quod</span> <span class='ocrx_word' id='word_1_369' title='bbox 2015 2693 2107 2732; x_wconf 78' lang='lat' dir='ltr'>milii</span> 
     </span>
     <span class='ocr_line' id='line_1_67' title="bbox 1154 2753 2107 2807; baseline 0.002 -14"><span class='ocrx_word' id='word_1_370' title='bbox 1154 2753 1451 2793; x_wconf 81' lang='lat' dir='ltr'>accomodatum</span> <span class='ocrx_word' id='word_1_371' title='bbox 1483 2765 1552 2805; x_wconf 85' lang='lat' dir='ltr'>pro</span> <span class='ocrx_word' id='word_1_372' title='bbox 1582 2760 1647 2795; x_wconf 88' lang='lat' dir='ltr'>tua</span> <span class='ocrx_word' id='word_1_373' title='bbox 1692 2767 1782 2807; x_wconf 82' lang='lat' dir='ltr'>erga</span> <span class='ocrx_word' id='word_1_374' title='bbox 1828 2768 1889 2795; x_wconf 89' lang='lat' dir='ltr'>me</span> <span class='ocrx_word' id='word_1_375' title='bbox 1935 2756 2020 2805; x_wconf 76' lang='lat' dir='ltr'>tide,</span> <span class='ocrx_word' id='word_1_376' title='bbox 2064 2767 2107 2795; x_wconf 82' lang='lat' dir='ltr'>ac</span> 
     </span>
     <span class='ocr_line' id='line_1_68' title="bbox 1152 2816 2108 2868; baseline 0.002 -13"><span class='ocrx_word' id='word_1_377' title='bbox 1152 2816 1394 2867; x_wconf 84' lang='lat' dir='ltr'>benignitate</span> <span class='ocrx_word' id='word_1_378' title='bbox 1421 2818 1612 2866; x_wconf 67' lang='lat' dir='ltr'>mitteres,</span> <span class='ocrx_word' id='word_1_379' title='bbox 1637 2818 1886 2868; x_wconf 84' lang='lat' dir='ltr'>prudentiam</span> <span class='ocrx_word' id='word_1_380' title='bbox 1909 2824 2016 2858; x_wconf 83' lang='lat' dir='ltr'>tuam</span> <span class='ocrx_word' id='word_1_381' title='bbox 2039 2820 2108 2857; x_wconf 91' lang='lat' dir='ltr'>mi·</span> 
     </span>
     <span class='ocr_line' id='line_1_69' title="bbox 1152 2879 2106 2932; baseline 0.002 -14"><span class='ocrx_word' id='word_1_382' title='bbox 1152 2879 1258 2918; x_wconf 84' lang='lat' dir='ltr'>rislce</span> <span class='ocrx_word' id='word_1_383' title='bbox 1284 2891 1371 2918; x_wconf 93' lang='lat' dir='ltr'>sum</span> <span class='ocrx_word' id='word_1_384' title='bbox 1403 2879 1621 2919; x_wconf 83' lang='lat' dir='ltr'>admirata:</span> <span class='ocrx_word' id='word_1_385' title='bbox 1648 2893 1723 2919; x_wconf 88' lang='lat' dir='ltr'>non</span> <span class='ocrx_word' id='word_1_386' title='bbox 1751 2882 1878 2921; x_wconf 92' lang='lat' dir='ltr'>solum</span> <span class='ocrx_word' id='word_1_387' title='bbox 1903 2883 1994 2932; x_wconf 88' lang='lat' dir='ltr'>quia</span> <span class='ocrx_word' id='word_1_388' title='bbox 2022 2883 2106 2928; x_wconf 83' lang='lat' dir='ltr'>iter,</span> 
     </span>
     <span class='ocr_line' id='line_1_70' title="bbox 1151 2941 2105 2992; baseline 0.005 -12"><span class='ocrx_word' id='word_1_389' title='bbox 1151 2941 1254 2992; x_wconf 88' lang='lat' dir='ltr'>quod</span> <span class='ocrx_word' id='word_1_390' title='bbox 1277 2941 1358 2991; x_wconf 87' lang='lat' dir='ltr'>jam</span> <span class='ocrx_word' id='word_1_391' title='bbox 1392 2943 1537 2980; x_wconf 83' lang='lat' dir='ltr'>totiens</span> <span class='ocrx_word' id='word_1_392' title='bbox 1574 2944 1814 2991; x_wconf 75' lang='lat' dir='ltr'>conieceres,</span> <span class='ocrx_word' id='word_1_393' title='bbox 1860 2945 1953 2984; x_wconf 82' lang='lat' dir='ltr'>mihi</span> <span class='ocrx_word' id='word_1_394' title='bbox 2001 2956 2105 2985; x_wconf 88' lang='lat' dir='ltr'>nunc</span> 
     </span>
     <span class='ocr_line' id='line_1_71' title="bbox 1152 3004 2104 3055; baseline 0.006 -14"><span class='ocrx_word' id='word_1_395' title='bbox 1152 3005 1321 3054; x_wconf 82' lang='lat' dir='ltr'>primum</span> <span class='ocrx_word' id='word_1_396' title='bbox 1354 3004 1587 3055; x_wconf 84' lang='lat' dir='ltr'>ingredienti</span> <span class='ocrx_word' id='word_1_397' title='bbox 1617 3006 1892 3046; x_wconf 84' lang='lat' dir='ltr'>demonstrare</span> <span class='ocrx_word' id='word_1_398' title='bbox 1916 3007 2074 3047; x_wconf 79' lang='lat' dir='ltr'>voluisti</span> <span class='ocrx_word' id='word_1_399' title='bbox 2096 3021 2104 3047; x_wconf 88' lang='lat'>:</span> 
     </span>
     <span class='ocr_line' id='line_1_72' title="bbox 1150 3066 2103 3121; baseline 0.005 -17"><span class='ocrx_word' id='word_1_400' title='bbox 1150 3066 1217 3104; x_wconf 76' lang='lat' dir='ltr'>sed</span> <span class='ocrx_word' id='word_1_401' title='bbox 1241 3066 1342 3117; x_wconf 82' lang='lat' dir='ltr'>qnod</span> <span class='ocrx_word' id='word_1_402' title='bbox 1369 3069 1590 3107; x_wconf 86' lang='lat' dir='ltr'>rectissime</span> <span class='ocrx_word' id='word_1_403' title='bbox 1615 3074 1797 3118; x_wconf 79' lang='lat' dir='ltr'>gustasse.</span> <span class='ocrx_word' id='word_1_404' title='bbox 1821 3070 1978 3118; x_wconf 80' lang='lat' dir='ltr'>videris,</span> <span class='ocrx_word' id='word_1_405' title='bbox 2000 3070 2103 3121; x_wconf 88' lang='lat' dir='ltr'>qnod</span> 
     </span>
     <span class='ocr_line' id='line_1_73' title="bbox 1149 3129 2103 3180; baseline 0.006 -14"><span class='ocrx_word' id='word_1_406' title='bbox 1149 3130 1347 3180; x_wconf 81' lang='lat' dir='ltr'>privatum</span> <span class='ocrx_word' id='word_1_407' title='bbox 1381 3129 1578 3169; x_wconf 81' lang='lat' dir='ltr'>bominem</span> <span class='ocrx_word' id='word_1_408' title='bbox 1610 3131 1775 3171; x_wconf 84' lang='lat' dir='ltr'>doceat:</span> <span class='ocrx_word' id='word_1_409' title='bbox 1805 3132 1852 3172; x_wconf 84' lang='lat' dir='ltr'>ab</span> <span class='ocrx_word' id='word_1_410' title='bbox 1890 3145 1935 3169; x_wconf 77' lang='lat' dir='ltr'>eo</span> <span class='ocrx_word' id='word_1_411' title='bbox 1979 3145 2103 3172; x_wconf 86' lang='lat' dir='ltr'>unum</span> 
     </span>
     <span class='ocr_line' id='line_1_74' title="bbox 1149 3192 2105 3247; baseline 0.005 -18"><span class='ocrx_word' id='word_1_412' title='bbox 1149 3196 1304 3230; x_wconf 83' lang='lat' dir='ltr'>tantum</span> <span class='ocrx_word' id='word_1_413' title='bbox 1338 3192 1535 3231; x_wconf 83' lang='lat' dir='ltr'>bominem</span> <span class='ocrx_word' id='word_1_414' title='bbox 1568 3193 1744 3244; x_wconf 83' lang='lat' dir='ltr'>adjuvari</span> <span class='ocrx_word' id='word_1_415' title='bbox 1767 3209 1774 3234; x_wconf 93' lang='lat'>:</span> <span class='ocrx_word' id='word_1_416' title='bbox 1802 3197 1868 3247; x_wconf 85' lang='lat' dir='ltr'>qni</span> <span class='ocrx_word' id='word_1_417' title='bbox 1895 3208 1988 3234; x_wconf 68' lang='lat' dir='ltr'>vei-0</span> <span class='ocrx_word' id='word_1_418' title='bbox 2012 3207 2105 3235; x_wconf 91' lang='lat' dir='ltr'>con-</span> 
     </span>
     <span class='ocr_line' id='line_1_75' title="bbox 1148 3253 2102 3309; baseline 0.005 -17"><span class='ocrx_word' id='word_1_419' title='bbox 1148 3253 1314 3293; x_wconf 90' lang='lat' dir='ltr'>sulendo</span> <span class='ocrx_word' id='word_1_420' title='bbox 1344 3253 1676 3306; x_wconf 81' lang='lat' dir='ltr'>admonendoque</span> <span class='ocrx_word' id='word_1_421' title='bbox 1707 3257 1853 3298; x_wconf 89' lang='lat' dir='ltr'>bonum</span> <span class='ocrx_word' id='word_1_422' title='bbox 1886 3260 2102 3309; x_wconf 85' lang='lat' dir='ltr'>principem</span> 
     </span>
     <span class='ocr_line' id='line_1_76' title="bbox 1147 3316 2103 3371; baseline 0.006 -16"><span class='ocrx_word' id='word_1_423' title='bbox 1147 3317 1355 3356; x_wconf 79' lang='lat' dir='ltr'>effecisset.</span> <span class='ocrx_word' id='word_1_424' title='bbox 1388 3316 1492 3357; x_wconf 86' lang='lat' dir='ltr'>hunc</span> <span class='ocrx_word' id='word_1_425' title='bbox 1524 3329 1599 3356; x_wconf 89' lang='lat' dir='ltr'>non</span> <span class='ocrx_word' id='word_1_426' title='bbox 1631 3320 1793 3371; x_wconf 84' lang='lat' dir='ltr'>principi</span> <span class='ocrx_word' id='word_1_427' title='bbox 1824 3321 1919 3369; x_wconf 87' lang='lat' dir='ltr'>soli,</span> <span class='ocrx_word' id='word_1_428' title='bbox 1948 3320 2016 3361; x_wconf 86' lang='lat' dir='ltr'>sed</span> <span class='ocrx_word' id='word_1_429' title='bbox 2064 3325 2103 3361; x_wconf 76' lang='lat' dir='ltr'>ot</span> 
     </span>
     <span class='ocr_line' id='line_1_77' title="bbox 1148 3378 2100 3436; baseline 0.004 -19"><span class='ocrx_word' id='word_1_430' title='bbox 1148 3378 1317 3419; x_wconf 82' lang='lat' dir='ltr'>subditis</span> <span class='ocrx_word' id='word_1_431' title='bbox 1348 3391 1422 3419; x_wconf 89' lang='lat' dir='ltr'>una</span> <span class='ocrx_word' id='word_1_432' title='bbox 1465 3391 1581 3432; x_wconf 84' lang='lat' dir='ltr'>opera</span> <span class='ocrx_word' id='word_1_433' title='bbox 1615 3393 1851 3434; x_wconf 80' lang='lat' dir='ltr'>magnopere</span> <span class='ocrx_word' id='word_1_434' title='bbox 1898 3383 2100 3436; x_wconf 86' lang='lat' dir='ltr'>prodesse.</span> 
     </span>
    </p>
   </div>
  </div>
 </body>
</html>
