2517 4009
619 210 701 249 DE
751 213 1128 253 PRINCIPIS
1174 214 1508 255 OFFICIIS

63 299 156 328 cum
180 286 228 326 de
255 279 407 336 imperii
439 286 547 321 statu
577 284 784 322 consilium
826 286 1023 336 agitatur,

67 350 190 389 videri
217 357 518 397 nonnumquam
566 345 663 385 adeo
708 349 1023 398 circumspecta,

65 417 106 452 et
129 422 299 451 excussa
324 421 413 448 esse
442 410 588 456 omnia,
618 414 662 448 ut
693 410 786 449 nibil
822 417 1024 461 praeterea

65 473 341 528 quaerendum
369 474 433 518 sit,
454 484 532 523 quo
559 477 690 511 tamen
708 478 883 524 tempora
903 475 1024 524 pluri-

67 550 132 578 ma
150 535 408 590 providenda,
433 540 472 573 et
495 536 672 574 cavenda
691 538 906 587 supersint.
924 539 1020 576 Nam

66 611 158 641 cum
189 599 310 638 rebus
352 598 431 637 tuis
469 599 574 636 omni
619 610 668 638 ex
714 605 824 650 parte
867 599 1023 638 abunde

67 661 345 713 prospexeris:
378 660 506 711 (quod
552 665 684 700 tannen
732 673 947 712 magnum,
978 673 1024 700 ac

66 721 319 777 perdifficile)
358 727 454 762 tunc
503 723 551 762 de
594 729 842 763 caeterorum
889 725 1023 763 Italiae

69 787 318 838 principum,
362 787 840 838 Rerumquepublicarum
890 792 1024 826 statu:

70 855 149 890 tam
174 861 276 901 quos
302 849 368 888 tibi
389 881 398 899 ,
424 851 455 889 si
483 852 654 899 eveniat,
679 852 827 891 auxilio
869 852 1025 891 futuros

66 924 230 966 speres;
255 925 374 965 quam
397 913 445 953 de
468 926 637 965 quorum
663 926 752 965 erga
780 919 817 953 te
845 915 1026 954 volunta-

68 981 107 1016 te
139 975 323 1016 dubites:
356 978 475 1016 immo
505 979 625 1016 etiarn
656 978 704 1016 de
740 978 812 1025 his,
848 981 913 1029 qui
955 991 1026 1018 nec

67 1040 211 1087 amici,
242 1052 316 1080 nec
363 1043 509 1080 inimici
556 1047 675 1090 sunt,
714 1043 1023 1082 consultandum

68 1104 170 1152 erit;
194 1103 268 1144 boc
300 1106 405 1144 enim
443 1106 692 1156 exploratum
733 1107 878 1146 babeas
922 1111 960 1144 et
988 1107 1023 1144 in

65 1167 176 1206 Italia
194 1197 204 1213 ‚
228 1172 267 1206 et
291 1168 394 1218 apud
435 1175 594 1209 exteras
621 1172 821 1218 nationes3
854 1172 957 1209 sicut
987 1174 1025 1208 et

67 1229 105 1267 in
137 1229 221 1280 ipso
242 1242 363 1280 regno
388 1236 455 1271 tuo
480 1238 562 1270 tres
580 1262 589 1279 ‚
611 1244 711 1283 quas
737 1234 850 1272 retuli
877 1235 1025 1272 animo-

65 1302 155 1330 rum
187 1293 401 1332 varietates
432 1296 612 1345 reperiri:
635 1297 756 1334 totius
780 1301 913 1335 autem
947 1296 1025 1333 sere

65 1354 171 1393 orbis
209 1356 362 1406 Reges,
402 1358 648 1408 populosque
697 1358 734 1395 in
779 1357 1024 1409 gubernandi

65 1421 197 1458 status
221 1419 283 1458 sui
313 1419 667 1460 deliberationibus
706 1420 911 1459 commoda
953 1431 1023 1458 sua

65 1481 206 1532 sequi:
228 1485 268 1520 et
288 1493 332 1521 ea
354 1488 434 1522 tam
457 1484 634 1533 generis,
659 1495 779 1533 quam
803 1483 1022 1530 affinitatis,

65 1548 106 1582 et
150 1544 344 1583 amicitiae
385 1545 558 1585 vinculis
602 1550 842 1595 anteponere
885 1545 1026 1583 solere.

65 1606 195 1653 Quare
217 1606 253 1645 hi
283 1607 351 1646 tibi
378 1607 502 1658 pluris
524 1608 675 1647 facendi
701 1613 832 1655 erunt,
854 1619 1022 1658 quorum

65 1669 221 1709 fortuna
244 1681 335 1710 cum
361 1675 429 1710 tua
453 1671 666 1721 conjuncta
692 1673 777 1709 est!
812 1682 930 1721 quam
958 1671 1024 1721 qui

65 1732 133 1771 tibi
159 1737 228 1771 aut
249 1735 483 1784 cognatione
504 1739 574 1772 aut
593 1734 666 1772 alia
689 1734 832 1783 quavis
855 1734 1025 1771 necessi-

65 1793 149 1834 tudi
173 1807 222 1834 ne
243 1795 418 1834 devincti
444 1803 539 1836 sunt
570 1798 800 1846 praesertim
829 1798 858 1834 si
885 1796 931 1835 ad
958 1807 1026 1834 eos

65 1858 198 1908 aliqua
224 1870 273 1897 ex
297 1859 588 1898 calamitatibus
610 1861 689 1899 tuis
714 1863 953 1911 perventura
976 1861 1027 1898 sit

65 1920 229 1960 utilitas.

119 1983 220 2022 Cum
245 1987 380 2021 autem
407 1983 508 2022 duae
538 1984 700 2022 omnino
739 1985 846 2034 regni
888 1983 1026 2022 tuendi

66 2045 243 2084 rat-iones
268 2046 377 2094 sint3
403 2046 550 2084 amoris
577 2058 653 2085 una
674 2078 682 2093 ,
706 2047 827 2085 altera
851 2047 1022 2085 timoris:

66 2119 144 2146 non
167 2107 296 2147 solum
319 2107 554 2157 honestius,
582 2121 627 2148 ac
664 2109 922 2155 laudabilius;
955 2107 1024 2146 sed

64 2171 182 2209 etiam
209 2169 256 2210 ad
281 2172 586 2222 perpetuitatem
611 2172 763 2211 firmius
782 2178 843 2211 est
863 2174 913 2211 ita
931 2183 1022 2210 curn

65 2231 236 2272 subditis
275 2245 404 2284 agere,
441 2238 484 2273 ut
523 2239 561 2272 te.
602 2234 765 2285 diligere
804 2240 1021 2285 cogantur:

65 2294 169 2346 quod
195 2294 356 2346 quidem
378 2297 527 2335 volenti
555 2297 784 2336 facillimum
820 2302 893 2336 est.
925 2298 1021 2335 Nam

65 2357 170 2408 quod
214 2356 328 2409 ajunt
363 2359 568 2407 nonnulli,
607 2365 788 2409 oportere
834 2359 1022 2397 omnibus

65 2420 112 2459 iis
151 2419 294 2471 largiri,
323 2431 492 2471 quorum
533 2421 852 2460 benevolentiam
885 2422 1020 2461 venari

65 2481 261 2531 stud0353
294 2482 328 2520 id
366 2483 507 2521 falsum
539 2488 612 2521 est.
639 2485 746 2522 Licet
770 2487 875 2522 enim
901 2484 1020 2522 bene-

65 2544 160 2584 ficos
184 2556 274 2584 esse
300 2546 498 2596 principes
523 2545 688 2585 deceat:
729 2558 847 2597 saepe
885 2551 1017 2586 tamen

64 2606 111 2646 ad
137 2618 313 2646 amorem
340 2609 438 2647 satis
473 2613 558 2655 est,
585 2609 615 2647 si
642 2610 789 2648 civium
821 2609 920 2648 bona
952 2621 1021 2661 per

65 2671 244 2718 vim,aut
266 2669 448 2722 injuriam
474 2682 548 2709 non
567 2672 801 2722 eripiantur.
817 2671 925 2717 Quos
945 2672 1020 2710 cir-

64 2743 109 2772 ca
130 2734 162 2771 si
190 2733 288 2772 forte
309 2733 509 2780 acciderit,
536 2738 579 2772 ut
616 2738 807 2772 consueta
841 2735 1018 2784 vectiga—

65 2794 175 2847 liatl)
190 2796 392 2845 subitis,et
413 2797 623 2848 insperatis
640 2796 840 2835 sumtibus
859 2797 1018 2834 minime

66 2858 279 2907 sufficiant,
303 2864 343 2898 et
371 2870 417 2898 ea
447 2859 495 2897 de
524 2869 665 2897 caussa
695 2858 741 2897 ad
768 2858 1017 2897 subditorum

65 2930 162 2971 opes
189 2920 484 2972 contugondum
516 2922 590 2966 sit;
619 2920 748 2958 danda
778 2921 852 2957 erit
872 2931 1017 2969 opera,

65 2986 110 3021 ut
139 2993 216 3022 non
247 2983 481 3024 voluntate.
511 2983 578 3021 sed
607 2983 872 3025 necessitate,
903 2987 943 3019 et
969 2984 1019 3019 ir-

67 3046 187 3085 ritum
208 3057 367 3098 quoque
391 3046 436 3085 ad
456 3046 646 3086 auxilium
670 3044 887 3091 rogandum
912 3045 1019 3081 veni-

67 3119 109 3146 re
154 3109 370 3159 principem
402 3109 646 3155 intelligant:
687 3109 738 3146 At
784 3108 814 3145 si
862 3107 1019 3157 quando

0 3194 8 3230 5
67 3170 287 3210 mulctandi
305 3177 422 3211 erunt
438 3172 571 3222 aliqui,
593 3171 804 3209 ostendere
825 3169 1019 3219 oportebit

66 3232 287 3274 servandae
307 3233 486 3286 justitiae
506 3236 630 3286 gratia
658 3233 692 3272 id
721 3234 816 3281 lieri,
847 3243 923 3271 non
956 3243 1021 3282 pe-

148 3357 196 3412 (I)
221 3351 264 3401 οἶῖ
275 3372 368 3409 σρον.

1983 214 2058 255 6-ἰ9

1097 288 1238 325 cuniae
1267 287 1470 326 aviditate.
1510 289 1607 327 Nam
1651 300 1743 327 cum
1791 288 1904 339 pauci
1952 290 2058 335 sint,

1098 350 1242 400 quibus
1265 351 1409 389 auferri
1436 351 1534 389 bona
1560 352 1776 401 contingat,
1801 349 1904 400 apud
1927 354 2059 389 caete-

1099 423 1163 450 ros
1193 418 1324 451 tamen
1351 425 1394 451 ea
1422 425 1485 451 res
1510 414 1640 451 odiosa
1668 424 1757 451 esse
1786 414 2007 451 consuevit.

1154 476 1230 515 Sed
1254 487 1344 515 cum
1373 478 1496 515 multa
1528 476 1573 514 ad
1596 476 1856 527 colligendam
1891 476 2062 514 benevo-

1099 540 1261 578 lentiam
1295 539 1474 587 valeant3
1507 540 1612 578 nulla
1645 544 1706 577 est
1752 540 1926 590 profecto
1970 539 2061 577 faci-

1098 601 1168 639 lior
1194 603 1302 648 ratio,
1325 613 1444 652 quam
1471 602 1728 640 subditorum
1749 601 2061 640 necessitatibus

1099 663 1319 714 providere,
1345 669 1385 701 et
1411 665 1447 701 in
1480 666 1620 714 primis
1641 676 1784 703 cavere
1811 677 1859 703 ne
1887 665 2061 715 frugum,

1099 731 1139 764 et
1168 738 1347 765 annonae
1379 729 1543 777 penuria
1577 728 1822 776 invalescat3
1858 728 1889 766 si
1913 729 2061 765 instare

1101 789 1313 835 videbitur,
1343 789 1391 827 ab
1408 790 1534 827 aliens
1556 790 1782 840 regionibus
1806 791 1951 841 quovis
1978 801 2059 828 mo-

1101 853 1150 892 do
1181 851 1424 902 procuranda
1450 854 1524 890 erit
1550 853 1603 889 rei
1631 853 1912 891 frumentariae
1935 854 2060 903 copia.

1101 915 1197 954 haec
1211 917 1316 953 enim
1339 916 1593 965 potissimum
1614 926 1733 954 causa
1751 921 1824 963 est,
1843 917 1932 965 quia
1951 916 2062 965 plebs

1101 984 1170 1018 aut
1191 979 1302 1023 bene,
1327 979 1357 1016 si
1383 978 1484 1016 adsit
1504 989 1512 1023 ;
1535 983 1596 1016 ast
1625 978 1737 1025 male,
1770 980 1801 1016 si
1833 991 1908 1016 non
1931 978 2060 1026 adsit,

1100 1052 1236 1080 secum
1263 1041 1321 1091 agi
1355 1040 1566 1091 praedicat.
1616 1041 1880 1087 Quamobrem
1923 1052 2059 1079 eorum

1101 1116 1176 1142 non
1201 1115 1318 1143 secus
1341 1115 1385 1141 ac
1409 1104 1576 1142 tiliorum
1597 1117 1688 1143 cura
1713 1103 1964 1153 suscipienda
1981 1110 2058 1142 est:

1100 1169 1349 1218 praesertim,
1390 1168 1480 1217 quia
1522 1170 1552 1206 si
1591 1168 1711 1207 rebus
1736 1168 1782 1206 ad
1812 1169 1958 1206 victum
1995 1178 2063 1205 ne-

1098 1232 1283 1269 cessariis
1315 1230 1552 1277 abundant,
1581 1231 1675 1268 nibil
1713 1231 1800 1269 mali
1842 1230 2062 1268 versabunt

1099 1295 1242 1337 animo,
1260 1295 1528 1343 etquominus
1547 1295 1736 1344 pecuniae
1754 1294 1791 1331 in
1810 1297 2058 1332 commeatus

1101 1355 1371 1406 profuderint;
1403 1367 1448 1393 eo
1469 1358 1679 1407 copiosiuS,
1704 1357 1733 1393 si
1770 1355 1929 1406 quando
1960 1365 2059 1394 usus

1098 1419 1291 1464 evenerit,
1315 1418 1381 1455 tibi
1403 1418 1618 1457 subvenire
1643 1423 1842 1468 poterunt.
1875 1419 1953 1457 Nec
1980 1416 2058 1455 ullo

1100 1480 1215 1518 modo
1239 1480 1553 1519 commitendam
1577 1486 1665 1527 est,
1701 1485 1744 1519 ut
1774 1480 1821 1518 de
1843 1481 1946 1529 Rege
1989 1489 2061 1517 suo

1103 1544 1215 1593 queri
1239 1543 1407 1581 valeant.
1426 1544 1561 1582 Solent
1577 1545 1683 1582 enim
1708 1543 1959 1594 querelarum
1979 1541 2059 1591 ple-

1101 1606 1139 1643 ni
1169 1617 1375 1644 sermones
1397 1606 1442 1644 ad
1469 1617 1531 1644 res
1557 1617 1681 1644 novas
1707 1604 1925 1644 moliendas
1951 1605 2055 1642 viam

1101 1668 1348 1718 patefacere:
1379 1680 1479 1719 quas
1501 1681 1591 1707 cum
1619 1667 1777 1719 aggredi
1799 1670 2055 1713 statuerunt,

1099 1731 1320 1780 periculoso
1349 1742 1508 1781 semper
1538 1733 1678 1769 itinere
1699 1734 1958 1781 grassantur,
1985 1738 2056 1766 nec

1101 1804 1289 1844 umquam
1316 1796 1401 1832 sine
1427 1805 1567 1843 magna
1586 1805 1717 1833 rerum
1745 1791 2057 1844 perturbatione,

1100 1860 1139 1894 et
1170 1857 1317 1904 ingenti
1349 1857 1555 1907 dispendio
1575 1868 1710 1895 eorum
1733 1856 1941 1895 conatibus
1963 1854 2058 1892 resi·

1101 1920 1149 1956 sti
1183 1924 1338 1969 potest3
1369 1931 1460 1958 cum
1493 1920 1644 1969 absque
1692 1920 1862 1957 maxima
1907 1918 2055 1968 Regum

1096 1979 1250 2030 jactura
1282 1982 1427 2021 subditi
1474 1983 1601 2032 perire
1648 1985 1863 2031 nequeant.
1894 1979 1934 2018 ld
1966 1989 2058 2029 ergo

1103 2054 1150 2080 ne
1180 2043 1359 2082 accidat:
1391 2049 1545 2083 attente
1578 2043 1869 2094 providendum
1901 2046 1983 2089 est,
2016 2044 2059 2079 ut

1100 2116 1217 2144 suum
1250 2107 1420 2156 quisque
1444 2108 1646 2157 negotium
1672 2110 1762 2155 agat
1779 2137 1788 2154 ,
1813 2116 1885 2143 nec
1910 2115 2060 2142 novan-

1099 2167 1160 2206 dis
1190 2169 1310 2207 rebus
1340 2181 1478 2207 ansam
1513 2170 1632 2208 ullam
1665 2169 1818 2207 habeat.
1858 2167 1971 2206 Plura
2016 2169 2060 2205 ut

1099 2230 1171 2269 bac
1200 2231 1247 2269 de
1279 2243 1320 2270 re
1351 2232 1630 2282 loqueremur,
1673 2231 1852 2282 producti
1884 2240 2056 2269 sumus:

1097 2293 1203 2343 quod
1238 2294 1329 2332 licet
1361 2297 1396 2331 in
1430 2295 1583 2340 fronte,
1617 2305 1691 2331 non
1724 2294 1855 2343 magni
1888 2293 2057 2331 sortasse

1098 2355 1306 2407 ponderis,
1337 2369 1356 2395 a
1388 2357 1626 2407 quibusdam
1667 2355 1898 2405 judicetur,
1933 2354 2057 2392 maxi-

1097 2430 1249 2457 morum
1282 2423 1415 2457 tamen
1448 2425 1627 2458 motuum
1658 2417 1776 2456 cardo
1807 2419 1844 2455 in
1876 2428 1920 2455 ea
1970 2427 2056 2466 per-

1095 2493 1212 2532 saepe
1243 2485 1425 2521 vertitur.

1149 2546 1188 2583 Si
1221 2556 1314 2582 vero
1346 2557 1412 2595 pro
1444 2544 1591 2584 tuendo
1622 2549 1729 2583 statu
1761 2542 1901 2582 exules
1931 2541 2052 2591 aliqui

1095 2607 1183 2645 facti
1217 2608 1389 2646 tuerint:
1421 2607 1537 2655 dics,
1569 2613 1786 2657 noctesque
1816 2605 1866 2645 ab
1894 2605 1954 2644 eis
1990 2614 2055 2642 ca-

1094 2670 1267 2709 vendum
1299 2672 1402 2720 erit,
1434 2682 1505 2709 nec
1536 2682 1726 2721 umquam
1758 2668 1981 2718 suspitione
2008 2666 2052 2704 li-

1092 2733 1162 2771 ber
1195 2735 1352 2772 animus
1385 2745 1475 2772 esse
1520 2733 1703 2772 debebit:
1746 2731 1961 2782 quoniam,
2007 2732 2052 2766 ut

1091 2807 1250 2846 semper
1279 2798 1409 2835 visum
1441 2801 1529 2844 est,
1559 2801 1599 2834 et
1631 2797 1666 2833 in
1699 2795 1784 2833 dies
1811 2794 1948 2843 magis,
1967 2802 2049 2829 ma-

1090 2859 1229 2908 gisque
1258 2861 1531 2906 cognoscitur:
1564 2860 1584 2895 ii
1617 2857 1776 2896 assidue.
1808 2855 2045 2905 invigilant,

1092 2931 1165 2957 nec
1196 2932 1384 2970 umquam
1418 2921 1596 2959 meditari
1628 2919 1847 2965 desinunt,
1878 2929 1954 2966 qua
1988 2927 2047 2954 ra-

1093 2983 1198 3019 tione
1245 2983 1494 3021 adversarios
1543 2982 1757 3028 invadere,
1803 2985 1842 3017 et
1891 2979 2046 3017 taedere

1093 3050 1261 3095 queant:
1298 3057 1402 3083 nune
1433 3057 1567 3083 eorum
1600 3045 1906 3092 gubernationes
1943 3041 2049 3079 calu·

1095 3106 1308 3150 mutando,
1340 3119 1444 3145 nune
1473 3109 1584 3145 cives
1615 3108 1767 3151 aiiij-'nis
1806 3105 2050 3154 pollicitatio-

1065 3172 1068 3179 '
1095 3171 1212 3209 nibus
1242 3171 1513 3208 sollicitando:
1546 3182 1646 3220 quae
1677 3171 1706 3206 si
1733 3168 2047 3217 contempseris,

1096 3233 1230 3272 faciles
1262 3233 1322 3271 liis
1353 3233 1470 3271 rebus
1501 3232 1650 3271 aditum
1675 3232 1914 3282 pau-facies,
1945 3239 2045 3280 quas

1095 3301 1209 3336 antea
1258 3308 1306 3334 ne
1349 3298 1567 3346 cogitasses
1610 3295 1798 3345 qui‹lein·,
1845 3299 1885 3331 et
1928 3303 2047 3342 saepe

1094 3360 1308 3406 contingit,
1341 3364 1383 3397 ut
1413 3370 1514 3408 quae
1544 3364 1693 3397 temere
1723 3360 1917 3395 attentata
1939 3360 2048 3404 sunt,

1679 3423 1754 3460 ²233
