2517 4009
888 237 917 273 R
938 234 973 274 Ο
993 234 1022 272 Β
1043 237 1072 274 E
1099 237 1128 274 11
1153 235 1183 273 Τ
1208 233 1237 273 U
1262 235 1287 273 S

1122 305 1310 358 pendium
1328 304 1536 343 redactum
1560 306 1695 343 Latmo
1716 306 1837 344 vertit
1854 336 1862 355 ‚
1881 306 1984 356 quod
2012 315 2100 357 pro-

9 336 12 346 .
92 309 191 349 Urbe
221 307 380 347 condita
412 316 539 356 usquc
569 304 616 343 ad
650 309 826 356 tempora
857 307 1054 345 Constan-

90 372 183 419 tini,
214 372 281 420 qui
312 369 408 408 liber
438 369 498 407 bis
527 368 641 405 adest
673 370 709 406 in
729 369 822 407 Bibl.
850 369 1052 408 Vaticana.

89 434 206 471 Bern.
235 433 283 470 de
309 431 559 470 Montfaucon
591 431 687 470 Bibl.
722 432 1052 472 Bibliothecarum

87 494 196 534 MSS.
235 505 320 544 pag.
359 493 423 531 21.
461 492 525 530 86.
573 493 835 533 Casaubonus
879 494 1053 542 fatetur,

89 567 181 596 eum
211 555 284 593 sibi
317 556 353 592 in
380 554 642 593 recensendis
678 554 878 595 Historiae
922 556 1057 607 Augu-

89 624 175 658 stae
198 616 470 668 Scriptoribus
496 617 618 656 fuisse
644 629 719 655 non
745 619 944 665 inutilem,
965 619 1057 669 quia

89 681 173 732 ipsa
202 691 339 718 eorum
372 678 495 717 verba
526 691 814 731 nonnunquam
840 681 1018 719 retinuit.

141 741 407 782 ROBERTUS
447 741 698 790 Ranucczus,
740 743 824 781 sive
866 742 1057 792 Rinucci,

93 804 211 844 nobili
237 807 355 855 gente
388 803 612 843 Florentina
643 809 772 853 ortus,
798 804 941 843 ibidem
964 805 1059 844 Ord.

87 865 405 906 Praedicatorum
427 866 503 905 sub
521 867 676 905 initium
697 867 820 906 seculi
837 868 942 906 XVI.
960 869 1058 906 scri-

88 929 168 978 psit
191 925 488 978 Eaposz'cionem
505 928 546 965 in
564 927 790 967 Aristotelis
807 928 1054 968 Rhetoricam

86 989 403 1030 etDz'aleecicam.
434 992 515 1029 jac.
541 992 686 1037 Quetif.
713 992 761 1030 de
785 993 1055 1042 scriptoribus

84 1053 178 1092 Ord.
203 1053 525 1092 Praedicatorum
551 1058 645 1092 tom.
670 1055 716 1092 11.
737 1066 771 1105 p.
791 1055 852 1094 30.
870 1056 1055 1093 Poccian-

86 1116 128 1154 tii
159 1116 283 1155 Catal.
316 1116 561 1166 Scriptorum
604 1117 924 1155 Florentinorum
964 1128 1052 1167 pag.

87 1177 174 1217 157.
201 1178 331 1217 Julius
357 1179 473 1228 Niger
496 1178 545 1216 de
567 1179 836 1229 Scriptoribus
852 1179 1053 1217 »Florenti—

87 1240 148 1278 nis
173 1251 209 1289 p.
236 1239 324 1277 186.
350 1234 486 1277 Ambr.
512 1239 562 1277 ab
581 1239 788 1278 Altamura
812 1253 847 1290 p.
874 1241 979 1279 228..

136 1299 403 1339 ROBERTUS
424 1298 644 1347 staulinus,
685 1306 714 1339 t.
747 1302 808 1339 [V.
841 1303 931 1340 406.

135 1360 404 1400 ROBERTUS
428 1362 470 1401 S.
500 1361 670 1412 Remaeyiz·
697 1363 734 1400 in
765 1361 935 1401 dioecesi
981 1364 1051 1402 Re·

84 1423 211 1462 mensi
244 1422 489 1470 monachus,
518 1422 611 1462 Ord.
657 1424 696 1463 S.
740 1424 968 1473 Benedicti,
1012 1425 1050 1462 in

45 1506 49 1510 ·
84 1481 571 1537 quibusdam'C0dicibus
600 1487 709 1526 MSS.
739 1487 859 1526 etiam
904 1485 1053 1526 Rober-

85 1551 149 1588 tus
176 1547 224 1588 de
252 1549 380 1589 Monte
407 1547 583 1596 dicitur,
613 1550 686 1588 fuit
715 1549 753 1587 in
772 1549 948 1589 Concilio
966 1548 1053 1588 Cla-

87 1615 322 1650 romontano
350 1622 384 1650 a.
417 1610 532 1650 1095.
564 1616 606 1649 et
633 1611 838 1662 deinceps.
882 1612 919 1649 in
958 1613 1054 1650 Ter—

83 1684 169 1712 ram
198 1673 395 1712 Sanctam
426 1673 632 1723 profectus
674 1677 750 1712 est.
795 1674 963 1723 Scripsit
1004 1672 1052 1712 de

88 1733 411 1775 Christianorum
447 1733 684 1786 Principum
708 1735 750 1774 in
771 1735 934 1787 Syriam
958 1746 1055 1786 pro-

85 1795 279 1848 fectione,
308 1808 344 1836 a.
375 1797 618 1837 1095-1099.
649 1796 797 1836 Prodiit
828 1798 952 1848 primo
991 1808 1054 1836 se-

87 1859 255 1908 paratim
285 1860 394 1910 typis
423 1860 627 1909 antiquis,
653 1861 739 1898 sine
765 1860 967 1897 mentione
984 1870 1055 1898 an-

88 1920 127 1958 ni
156 1924 197 1958 et
224 1919 323 1968 loci,
349 1924 389 1959 et
418 1920 535 1959 Basil.
568 1922 682 1960 1533.
713 1920 857 1959 deinde
879 1921 917 1958 in
945 1922 985 1960 S.
1008 1922 1051 1960 R.

89 1981 278 2020 German.
307 1982 475 2022 Reuberi
506 1994 546 2033 p.
575 1981 666 2023 217.
695 1987 736 2021 et
766 1983 804 2021 in
826 1983 960 2022 Gestis
983 1983 1052 2021 Dei

87 2054 158 2093 per
185 2043 358 2081 Francos
387 2047 482 2083 tom.
514 2045 541 2083 1.
572 2056 610 2094 p.
654 2045 717 2083 30.
762 2043 1055 2083 Annotationes

90 2105 208 2154 Casp.
239 2104 388 2143 Barthii
415 2100 457 2143 'in
495 2106 668 2145 eundem
715 2105 908 2144 exhibent
952 2107 1055 2145 Reli-

91 2166 208 2216 quiae
239 2166 548 2213 Ludewigianae
578 2171 674 2206 tom.
718 2168 783 2206 111.
827 2179 865 2218 p.
911 2169 974 2206 48.
1016 2169 1056 2207 ls

97 2227 285 2267 Barthius
313 2240 350 2278 p.
383 2229 446 2267 49.
475 2228 661 2268 editionis
694 2230 938 2268 Pistorianae
976 2241 1057 2268 me-

91 2284 237 2336 minit,
282 2291 515 2338 (memoria,
559 2291 704 2339 credo,
752 2292 915 2342 lapsus3
960 2303 1052 2331 nam

88 2350 379 2390 Reuberianam
409 2351 542 2390 dice-re
571 2353 711 2401 voluit)
736 2364 856 2404 quam
880 2351 965 2392 ideo
997 2353 1057 2391 ni-

91 2411 148 2451 hil
187 2411 422 2452 censendam
465 2411 648 2461 judicat,
703 2413 810 2464 quod
850 2418 1054 2454 auctorem

91 2473 281 2524 corriyit,
311 2471 385 2512 ubi
410 2485 466 2512 eoe
509 2484 581 2513 suo
628 2474 662 2513 is
704 2487 801 2514 aevo
847 2475 1055 2527 loquitur,

91 2534 321 2586 inducitque
348 2533 483 2586 futiles
514 2534 691 2574 melioris
734 2535 960 2576 Latinitatis
1003 2536 1056 2575 lo-

89 2595 252 2648 quelas,
282 2608 385 2648 quas
415 2595 562 2636 talibus
589 2597 773 2637 intrusus
801 2598 938 2636 merito
967 2598 1057 2636 hor-

90 2669 239 2698 remus.
270 2659 367 2698 Vide
393 2659 578 2699 Vossium
605 2659 654 2698 de
681 2661 822 2698 Histor.
850 2660 1000 2698 Latinis
1019 2671 1054 2710 p.

91 2719 182 2759 102.
211 2721 392 2760 Caveum
408 2733 444 2770 p.
463 2721 554 2761 558.
576 2721 792 2760 Ordcricus
808 2721 948 2759 Vitalis
967 2725 1054 2759 tum

88 2783 299 2822 veritatem
332 2784 370 2821 in
401 2783 466 2822 illo
496 2782 660 2831 laudat,
691 2787 731 2821 et
756 2793 874 2832 saepo
922 2782 1052 2831 ipsum

89 2845 369 2895 transcripsit,
410 2849 455 2884 ut
498 2844 686 2884 observat
727 2846 810 2883 Jac.
855 2844 889 2882 lc
935 2844 1055 2893 Long.

88 2905 187 2944 Bibl.
219 2905 407 2946 historica
437 2906 588 2945 Galliae
620 2918 656 2957 p.
690 2906 779 2945 343.
825 2904 938 2944 Adde
976 2906 1056 2945 Ou-

88 2964 228 3006 dinum
259 2971 368 3006 tomo
396 2968 445 3006 II.
474 2979 512 3017 p.
543 2968 632 3007 861.

138 3027 405 3067 ROBERTUS
421 3028 668 3077 Retenensis‚
686 3030 776 3077 (non
796 3028 1025 3067 Ketenenst's
1044 3059 1052 3076 ‚

87 3092 132 3126 ut
160 3087 322 3137 quidam
353 3089 476 3128 Codd.
507 3090 616 3128 MSS.
660 3089 763 3140 apud
810 3090 1054 3128 Montfauco-

90 3149 213 3197 nium)
243 3148 424 3201 Anglus,
466 3156 675 3201 peragrata
721 3151 871 3199 Gallia,
917 3151 1055 3200 ltalia,

86 3210 306 3259 Dalmatia,
341 3211 505 3251 Graecia
552 3217 592 3251 ct
621 3213 767 3263 Syria,
809 3212 971 3251 demum
1018 3214 1054 3251 in

95 3271 283 3323 Hispania
317 3272 453 3312 sedem
487 3273 597 3320 fixit,
628 3275 894 3327 pampelonac
924 3273 1061 3313 Archi-

97 3333 292 3374 diaconus
321 3341 518 3376 mortuus.
551 3335 789 3375 Alcoranum
817 3335 853 3373 in
876 3335 1062 3386 Compen-

2023 234 2099 273 407

1130 367 1202 406 diit
1233 368 1364 407 Norib.
1399 367 1514 406 4543.
1543 369 1579 406 in
1625 367 1902 407 Mabumeiicis
1931 369 2099 407 Biblian-

1127 428 1185 467 dri
1217 434 1323 468 tomo
1356 430 1381 468 1.
1413 430 1528 468 Basil.
1561 430 1678 469 1511.
1726 430 1842 477 1550,
1889 429 2097 482 Praefatio

1128 492 1214 543 ejus
1240 490 1295 529 ad
1313 490 1554 529 Alcoranum
1583 492 1629 530 ad
1679 493 1837 531 Pittrum
1883 492 2100 532 Venerabi-

1130 553 1233 599 lcm,
1263 553 1458 592 Abbatcm
1505 554 1838 604 Cluniacenscm⁷
1882 559 2015 593 exstat
2059 556 2096 592 in

1140 614 1384 653 Bibliotheca
1415 615 1684 654 Cluniacensi.
1715 617 1769 654 De
1799 616 1871 655 bac
1917 617 2098 655 versione

1141 687 1217 713 non
1252 676 1466 715 admodum
1504 676 1604 715 bone
1644 677 1796 727 judicat
1836 679 2007 717 lluetius
2050 678 2099 717 de

1131 739 1249 778 claris
1280 738 1570 789 interpretibus
1602 751 1637 789 p.
1674 740 1761 778 111.
1793 740 1912 778 Gesta
1948 739 1994 778 de
2034 741 2098 779 Je-

1134 800 1313 839 rusalem
1344 801 1473 839 eidem
1506 801 1796 840 tribuitC0d0x
1816 803 2032 841 Vaticanus
2058 804 2095 841 in

1133 863 1229 902 Bibl.
1261 863 1375 902 MSS.
1405 863 1691 901 Montefalconii
1735 875 1771 913 p.
1814 863 1878 902 74.
1927 864 1974 902 dc
2017 877 2096 915 quo

1132 924 1345 976 dispiciant
1368 924 1527 963 eruditi.
1562 924 1758 964 Chronica
1797 927 2094 965 Saracenorum

1134 987 1205 1037 ipsi
1235 986 1520 1025 adscribuntur
1553 987 1589 1024 in
1636 987 1733 1026 Bibl.
1774 989 1891 1037 Regis
1934 989 2095 1028 Galliae.

1130 1048 1242 1086 Adde
1271 1048 1471 1088 Oudinum
1505 1054 1601 1087 tom.
1632 1050 1677 1088 11.
1710 1062 1745 1100 p.
1777 1051 1893 1089 1160.

1184 1111 1453 1150 ROBERTUS
1482 1109 1732 1150 Ribwerbius
1748 1143 1758 1160 ,
1776 1112 1856 1151 vid.
1873 1124 1992 1164 supra
2010 1113 2097 1153 Kil-

1134 1170 1326 1211 warbz'us.

1181 1234 1445 1273 ROBERTUS
1478 1235 1666 1280 nicheus,
1718 1237 1915 1276 Lelandus
1961 1238 2096 1276 Latine

1128 1294 1317 1333 Divite'um
1363 1302 1502 1343 vocat,
1546 1298 1867 1345 Abindonensis,
1913 1299 2090 1338 Oxoniae

1128 1356 1253 1395 literis
1282 1369 1441 1407 operam
1473 1363 1626 1403 navat,
1673 1360 1836 1398 Romam
1882 1362 2092 1411 aliquoties

1126 1421 1166 1454 et
1196 1418 1234 1455 in
1264 1418 1430 1457 Galliam
1463 1419 1625 1457 fratrem
1651 1425 1840 1459 secutus:
1869 1422 1966 1460 alias
1996 1424 2095 1460 Pon-

1127 1479 1269 1517 taniaci
1299 1479 1520 1518 monachus
1549 1480 1643 1519 Ord.
1675 1482 1966 1521 Cisterciensis.
1998 1484 2094 1522 Vos-

1127 1540 1211 1579 sius
1241 1552 1277 1591 p.
1310 1539 1399 1579 171.
1428 1541 1538 1579 Vixit
1566 1552 1601 1580 a.
1633 1542 1749 1580 1318.
1781 1546 1821 1580 et
1851 1545 2010 1593 scripsit
2036 1543 2095 1582 Vi-

1129 1606 1208 1641 tam
1237 1604 1277 1643 S.
1305 1602 1527 1653 Edmunff,
1571 1604 1868 1654 Archiepiscopi
1921 1606 2099 1644 Cantua-

1126 1665 1295 1713 riensis,
1327 1665 1375 1703 de
1405 1677 1484 1716 quo
1513 1666 1726 1705 evolvatur
1752 1667 1939 1712 Caveus‚
1962 1673 2003 1704 et
2025 1669 2094 1706 Fa-

1128 1727 1275 1766 bricius
1305 1732 1441 1765 noster
1471 1733 1565 1766 tom.
1596 1729 1643 1766 ll.
1687 1739 1774 1779 pag.
1815 1728 1918 1774 495.)
1966 1730 2099 1769 fratris

1127 1789 1215 1835 sui,
1244 1800 1347 1838 quae
1379 1788 1548 1827 habetur
1590 1789 1693 1840 apud
1739 1790 1902 1829 Surium
1951 1791 1990 1828 d.
2034 1793 2097 1829 16.

1131 1850 1227 1887 Nov.
1259 1850 1314 1888 De
1336 1849 1596 1889 translatione
1613 1851 1796 1902 ejusdem
1815 1882 1824 1899 ‚
1843 1857 1882 1890 et
1898 1852 2100 1903 Eaeeyesin

1127 1910 1167 1949 in
1197 1911 1393 1950 Canonem
1424 1913 1464 1951 S.
1494 1911 1719 1963 Auqusuni.
1763 1914 1933 1953 Balaeus
1980 1916 2097 1954 Cent.

1128 1973 1194 2011 111.
1224 1972 1287 2011 97.
1318 1974 1385 2024 qui
1416 1978 1456 2011 et
1474 1975 1575 2012 XIV.
1595 1976 1658 2013 98.
1678 1973 1890 2015 Robertum
1917 1978 2097 2028 Ryyqum

1131 2041 1352 2083 memorat,
1383 2037 1676 2076 Cancellarium
1714 2040 1983 2078 oxoniensem
2030 2051 2093 2078 an.

1131 2097 1249 2136 1398.
1266 2098 1422 2136 Pitseus
1443 2110 1476 2136 c.
1497 2099 1586 2137 344.
1616 2099 1800 2139 Oudinus
1822 2106 1851 2138 t.
1870 2102 1933 2139 111.
1952 2114 1988 2152 p.
2007 2103 2097 2140 218.

1184 2159 1450 2199 ROBERTUS
1474 2159 1735 2211 Rinystedus‘,
1779 2162 1961 2213 Anglu5‚
2002 2164 2098 2202 scri—

1137 2221 1217 2271 psit
1249 2220 1429 2260 Glossam
1446 2222 1529 2261 sive
1545 2223 1859 2263 Commentarios
1883 2236 2004 2277 super
2022 2228 2100 2265 Da-

1131 2282 1236 2322 vidis
1268 2283 1461 2323 Psalmos.
1493 2285 1548 2322 De
1579 2285 1742 2334 reliquis
1787 2286 1882 2325 nihil
1927 2294 2098 2327 constat.

1130 2345 1288 2384 Pitseus
1319 2345 1500 2396 Append.
1530 2346 1643 2385 Cent.
1675 2347 1736 2384 IV.
1770 2349 1832 2386 15.

1187 2407 1453 2447 ROBERTUS
1484 2407 1531 2446 de
1559 2409 1762 2457 Romana,
1794 2411 1992 2450 Diaconos
2030 2413 2099 2451 Sa-

1132 2470 1348 2518 ponariae‚
1379 2471 1480 2508 vixit
1509 2481 1540 2508 a.
1575 2471 1690 2509 1162.
1721 2476 1759 2508 et
1791 2474 1951 2522 scripsit
1981 2473 2100 2512 Gesta

1138 2529 1177 2568 S.
1210 2531 1396 2580 Laverii‚
1428 2543 1529 2581 quae
1560 2531 1682 2570 edidit
1727 2533 1918 2583 Ughollus
1963 2534 2097 2574 ltaliae

1135 2590 1279 2629 Sacrae
1311 2596 1406 2631 tom.
1437 2593 1534 2630 Vlll.
1567 2604 1653 2643 pag.
1685 2593 1773 2632 681.
1805 2594 1896 2632 odit.
1931 2598 2096 2646 prioris,

1131 2663 1167 2701 p.
1199 2650 1288 2689 488.
1319 2652 1414 2690 edit.
1447 2657 1594 2702 poster.

1182 2712 1447 2753 ROBERTUS
1477 2716 1605 2763 Rose,
1635 2717 1786 2764 Rosus,
1820 2718 1984 2766 nessus,
2017 2720 2098 2758 An-

1129 2773 1249 2824 glus,
1283 2776 1503 2815 monachus
1550 2778 1844 2818 Carmelitanus
1881 2781 1916 2818 in
1957 2793 2098 2820 coeno-

1139 2836 1201 2874 bio
1230 2837 1504 2885 Neiwicensi,
1547 2840 1691 2878 Doctor
1733 2840 1956 2892 'theologus
1993 2844 2098 2883 Oxo-

1134 2899 1309 2946 niensis,
1341 2904 1381 2937 ot
1411 2901 1645 2940 Conventus
1674 2903 1732 2941 sui
1766 2904 1890 2948 Prior,
1919 2904 2013 2942 obiit
2029 2916 2093 2944 an.

1130 2960 1232 2998 1120
1264 2961 1429 3011 Scripsit
1460 2961 1499 3000 in
1529 2962 1721 3004 Genesin.
1771 2964 1989 3013 Eatodum,
2028 2968 2096 3005 Le-

1127 3021 1287 3060 viticum
1304 3054 1314 3070 ,
1345 3021 1661 3062 Ecclesiasticum
1681 3057 1688 3065 .
1716 3025 1838 3075 Epist.
1870 3027 1925 3065 ad
1943 3028 2066 3066 Titum
2087 3059 2094 3069 ,

1130 3084 1341 3122 Sermones
1366 3096 1440 3136 per
1462 3097 1636 3135 atinum,
1655 3088 1847 3127 Lecturas
1870 3089 2095 3141 Theoloyiae

1129 3144 1176 3184 (le
1203 3146 1362 3184 naturis
1390 3146 1636 3186 animalium.
1683 3151 1882 3190 Lelandus
1923 3163 1959 3191 c.
2001 3152 2093 3192 520.

1130 3207 1298 3246 Balacus
1327 3208 1441 3247 Cent.
1473 3210 1553 3248 Vll.
1585 3212 1646 3250 59.
1679 3213 1834 3253 Pitseus
1862 3225 1896 3253 c.
1915 3214 2004 3254 772.
2025 3217 2093 3254 Pc-

1136 3271 1182 3308 tri
1214 3271 1320 3309 Lucii
1351 3271 1447 3310 Bibl.
1478 3273 1744 3315 Carmelitana
1775 3287 1812 3326 p.
1842 3277 1906 3315 71.

1188 3332 1450 3372 RORERTUS
1475 3335 1608 3373 notwh
1629 3368 1634 3375 .
1654 3338 1865 3378 llibernus.
1886 3342 1982 3379 vixit
2003 3346 2086 3390 post
