2517 4009
953 161 1263 207 STEPHANUS

100 249 296 287 Germani
324 247 375 285 de
407 243 557 291 Pratis,
578 242 687 281 teste
708 242 829 279 Bern.
853 241 902 279 de
931 238 1067 277 Mont-

101 312 249 348 faucon
277 310 384 347 Bibl.
414 306 529 344 MSS.
561 316 658 353 pag.
693 304 811 342 1137.
841 303 956 341 Adde
987 301 1071 338 Ou-

101 376 248 412 dinum
274 373 391 410 tomo
422 371 473 408 11.
505 382 545 418 p.
577 370 669 407 881.

156 434 462 473 STEPHANUS
502 433 784 477 Herrandus,
824 429 1071 468 Halbersta-

103 498 245 536 densis
263 498 507 543 Episcopus.
538 495 641 531 Vide
674 502 798 541 supra
828 493 954 528 Tomo
995 490 1067 525 III.

102 570 141 606 p.
173 558 266 598 225.
289 559 439 605 quibus
455 558 545 603 jam
565 556 776 601 addimus,
795 552 1068 591 conferendas

101 630 194 658 esse
235 621 492 659 Leuckfeldii
532 619 787 666 Antiquitat,
826 615 1070 654 Halbersta-

100 685 251 722 denses
281 695 319 732 p.
350 684 432 722 534
463 694 574 731 seqq.
610 683 833 722 Sermones
862 680 954 726 ejus
978 688 1066 715 me-

102 746 269 784 morant
298 747 483 784 Annales
513 747 784 783 Corbeienses
813 754 838 781 a
877 743 1067 779 Paullino

100 809 206 847 editi
235 820 274 856 p.
305 809 399 847 503.
420 810 614 858 Epistola
632 810 832 845 adversus
854 806 1067 842 Schisma-

104 871 211 908 ticos
242 881 315 918 pro
346 871 547 918 Gregorio
577 871 667 907 VII.
689 870 845 917 legitur
865 870 909 906 in
928 868 1067 904 Variis

101 934 382 972 Monumentis
418 935 562 972 contra
603 934 898 971 Schismaticos
928 943 953 969 a
994 932 1068 969 Se-

101 995 209 1033 bast.
224 996 484 1043 Tegnagelio
510 996 743 1044 Ingolstad.
766 995 883 1033 1612.
903 994 1041 1031 editis.

158 1058 464 1096 STEPHANUS
493 1060 758 1107 Hardz'nyus,
780 1059 958 1104 Anglus,
981 1056 1068 1102 pri—

102 1130 220 1157 mum
263 1121 490 1158 monachus
532 1121 627 1159 Ord.
676 1122 714 1157 S.
756 1120 984 1166 Benedicti,
1025 1120 1068 1155 in

103 1184 312 1220 conventu
341 1185 674 1230 Schirburnensi,
716 1183 1067 1230 congregationis

102 1245 405 1294 Cluniacensis‚
435 1247 669 1283 studiorum
710 1256 857 1282 caussa
896 1247 941 1282 in
971 1246 1068 1282 Sco-

101 1307 225 1354 tiam,
256 1307 455 1355 Galliam,
486 1308 656 1345 Italiam
676 1307 719 1345 et
740 1309 916 1344 Romam
936 1317 1066 1354 usque

100 1370 299 1417 perrexit.
329 1371 428 1408 Post
456 1370 638 1408 reditum
659 1371 739 1407 fuit
761 1371 944 1417 primum
978 1380 1069 1407 mo—

99 1436 256 1473 nachus
286 1438 329 1474 et
350 1437 545 1484 Subprior
564 1437 750 1474 coenobii
778 1437 1068 1478 Molismensis,

108 1499 392 1547 Lingonensis
405 1501 623 1548 DioecesiS,
637 1501 786 1538 deinde
801 1499 973 1538 Cisterc.
986 1511 1071 1538 una

104 1572 200 1599 cum
229 1565 325 1601 aliis
352 1565 529 1602 fundare
558 1565 708 1613 coepit,
739 1564 907 1601 demum
929 1565 1069 1602 Abbas

102 1625 291 1671 ejusdem
318 1628 398 1664 loci
427 1627 579 1665 tertius
599 1628 698 1674 fuit,
737 1626 779 1664 et
802 1627 920 1664 1135.
952 1627 1068 1666 obiit.

100 1688 203 1735 Ejus
233 1689 355 1726 sunt:

211 1751 247 1788 1.
284 1751 446 1791 Charta
490 1752 743 1799 Charitatz‘s,
786 1753 827 1788 h.
857 1762 891 1789 e.
923 1754 1070 1799 primae

101 1814 432 1854 constitutiones
460 1816 628 1854 Ordinis
651 1817 958 1863 cisterciensis,
978 1827 1069 1863 quae

104 1880 277 1917 exstant
305 1882 414 1928 apud
432 1883 646 1929 Angelum
674 1883 887 1929 Maurique
917 1884 1068 1921 Annal.

102 1941 273 1979 Cisterc.
303 1944 405 1981 tom.
437 1944 468 1980 Ι.
499 1945 552 1981 ad
574 1955 609 1981 a.
644 1944 762 1981 1119.
792 1945 835 1981 et
864 1945 909 1981 in
930 1945 1070 1982 Meno-

105 2007 220 2052 logio
251 2006 518 2045 cisterciensi
548 2008 587 2044 d.
619 2007 644 2044 5
673 2008 754 2044 Jul.

215 2069 254 2105 2.
286 2070 502 2117 Epistolae
545 2071 667 2116 duae,
709 2070 819 2106 inter
859 2069 1069 2116 Epistolas

112 2130 152 2167 S.
183 2130 383 2169 Bernardi
411 2143 451 2169 n.
482 2131 547 2170 45.

210 2193 248 2230 3.
273 2193 420 2232 Sermo
434 2195 601 2233 habitus
614 2196 660 2233 in
681 2195 793 2234 obitu
812 2196 856 2234 S.
871 2195 1072 2242 Acherici,

103 2255 335 2294 decessoris
348 2260 415 2295 sui
428 2259 537 2306 apud
559 2260 774 2306 Maurique
794 2260 821 2295 l.
842 2268 876 2295 c.
892 2268 928 2294 a.
949 2257 1068 2295 1109.

211 2320 250 2355 4.
284 2320 430 2357 Sermo
458 2320 630 2358 habitus
661 2331 686 2357 a
728 2321 848 2357 1113.
890 2330 985 2357 cum
1030 2321 1069 2356 S.

103 2380 361 2420 Bernardum
385 2393 481 2420 cum
519 2384 701 2430 triginta
737 2386 860 2421 sociis
903 2386 1075 2422 venien-

104 2445 192 2482 tem
222 2445 370 2484 habitu
400 2446 567 2483 Ordinis
597 2447 890 2484 Cisterciensis
919 2449 1071 2495 induit,

102 2509 213 2555 apud
239 2509 494 2547 Bernardum
522 2511 684 2547 Britum
715 2512 787 2547 lib.
819 2510 849 2546 I.
879 2521 969 2558 cap.
1004 2512 1071 2549 22.

211 2570 248 2608 5.
278 2571 610 2610 Eoehortatz'ones
632 2572 833 2620 privatae
855 2573 909 2609 ad
929 2572 1073 2610 Mona-

104 2633 199 2672 ohos
228 2635 327 2671 sunt
356 2636 423 2673 ine.
434 2636 552 2673 ditae.

219 2697 257 2733 6.
298 2698 443 2735 Eidem
486 2699 616 2744 vulgo
657 2696 907 2734 adscribitur
947 2697 1072 2735 Liber

109 2751 268 2789 Usuum
294 2752 574 2792 seussz‘tuum
602 2751 769 2789 ordinis
814 2750 1073 2789 cistercien-

101 2813 176 2851 82⁸8.
206 2814 336 2851 Paris.
360 2814 479 2852 1628.
510 2814 552 2851 et
582 2814 683 2850 alibi
702 2813 853 2850 editus.

159 2876 332 2913 Librum
353 2876 401 2915 de
424 2876 594 2914 exordio
614 2875 792 2913 coenobii
820 2874 1075 2912 Cisteroien-

107 2939 170 2977 sis
197 2938 293 2975 huic
333 2939 474 2975 nostro
516 2948 672 2985 quoque
711 2937 859 2975 tribuit
891 2937 1072 2986 Caveus,

108 3002 181 3038 sed
208 3001 372 3038 meliori
398 3001 492 3046 jure
522 3001 666 3038 Abbati
695 3000 803 3037 Boni
832 2999 978 3037 Fontis
999 3001 1074 3038 ad-

113 3063 349 3099 scribimus.
381 3063 512 3099 donec
540 3063 714 3099 meliora
744 3062 979 3099 doceamur.

189 3123 295 3159 Vide
325 3123 554 3160 Lelandum
584 3134 619 3160 c.
653 3124 742 3160 143.
764 3124 949 3160 Balaeum
969 3124 1074 3162 Cen-

108 3188 190 3225 tur.
223 3187 273 3222 11.
306 3187 370 3225 62.
400 3188 588 3226 Pitseum
614 3199 648 3226 c.
682 3189 773 3225 190.
804 3189 896 3226 Car.
917 3190 968 3227 de
998 3191 1073 3227 Vi-

107 3249 182 3286 sch
232 3249 426 3287 Biblioth.
471 3250 620 3298 Script.
674 3251 844 3289 Cisterc.
900 3263 938 3298 p.
977 3252 1073 3288 300.

105 3314 363 3352 Ludovicum
377 3310 592 3364 2Jacobum
625 3315 674 3352 de
705 3315 829 3352 claris
863 3312 1078 3360 scriptori-

2037 158 2116 195 503

1141 237 1218 273 bus
1258 232 1603 271 Cabilonensibus
1640 241 1680 278 p.
1716 231 1807 268 138.
1838 229 1882 268 et
1910 238 2012 277 quos
2042 229 2113 265 ille

1143 296 1263 334 citat.

1199 360 1510 399 STEPHANUS
1540 360 1702 406 Howes,
1733 360 1897 405 Anglus
1916 386 1926 404 ,
1957 356 2117 394 illustri

1144 436 1301 473 genere
1332 426 1475 472 natus,
1507 426 1553 461 in
1582 424 1754 471 Anglia,
1789 423 1925 460 Scotia
1954 422 1996 459 et
2016 421 2115 458 Gal-

1144 490 1202 526 lia
1232 489 1368 526 literis
1398 486 1602 533 incubuit,
1625 487 1769 534 postea
1793 486 1904 522 inter
1930 485 2117 529 AulicoS,

1145 553 1430 590 Cubicularios
1470 553 1513 589 et
1544 551 1798 589 secretarios
1827 551 1994 587 Henricl
2024 548 2114 584 VII.

1142 616 1275 662 Regis
1301 615 1526 652 admissus.
1549 614 1710 651 Claruit
1732 624 1769 651 a.
1793 613 1912 650 1500.
1936 612 2114 658 Scripsit

1150 677 1366 725 Templum
1394 678 1725 726 crystallinum,
1761 675 1945 713 Virtutis
1976 683 2114 711 emm—

1134 741 1254 788 plar,
1280 741 1639 778 Delectamentum
1667 740 1869 787 spiritus,
1891 740 1937 776 de
1967 739 2113 786 conju-

1142 803 1210 850 θέο
1250 803 1500 850 Principis,
1541 803 1786 840 Amantium
1828 802 2115 845 consolamen,

1141 866 1411 914 Alphabetum
1442 868 1727 905 avicularum.
1754 865 1917 902 Balaeus
1942 865 2112 902 Centur.

1144 929 1257 965 VIII.
1291 928 1356 966 58.
1388 930 1554 966 Pitseus
1583 939 1618 966 c.
1650 929 1745 966 903.

1197 992 1506 1029 STEPHANUS
1515 993 1788 1038 Herrandm,
1799 1002 1836 1028 v.
1847 1001 1972 1038 supra
1983 991 2047 1028 lit.
2061 992 2110 1028 H.

1199 1055 1506 1091 STEPHANUS
1536 1055 1821 1101 Hiberniam,
1862 1054 1957 1091 vide
1989 1063 2115 1100 supra

1142 1119 1450 1156 STEPHANUS
1482 1120 1530 1157 de
1562 1120 1746 1156 Emonia.

1197 1182 1506 1218 STEPHANUS
1549 1181 1766 1229 Hispanus
1792 1210 1801 1227 ,
1849 1181 1943 1217 vide
1992 1190 2116 1227 supra

1148 1243 1283 1282 Celtae
1314 1255 1423 1283 7202)oe
1452 1244 1692 1280 Monachus.

1200 1306 1508 1342 STEPHANVS
1531 1307 1670 1353 Hoest,
1701 1307 2115 1352 LaudenburgensiS,

1143 1368 1372 1405 Canonious
1405 1369 1616 1414 Spirensis
1645 1370 1758 1406 circa
1799 1379 1958 1408 annum
1996 1367 2114 1406 1471.

1145 1432 1321 1478 Scripsit
1348 1432 1395 1468 in
1425 1431 1554 1468 libros
1584 1432 1855 1478 Ethicorum‚
1891 1432 2116 1470 Sermones

1144 1495 1184 1531 et
1232 1493 1492 1532 Collationes.
1536 1494 1793 1531 Trithemius
1834 1495 1884 1530 de
1926 1495 2115 1541 scriptor.

1144 1557 1304 1593 Eccles.
1335 1565 1370 1592 c.
1402 1555 1497 1592 833.

1200 1619 1508 1656 STEPHANUS
1539 1617 1794 1667 Insessura,
1828 1620 2036 1666 primum,
2069 1619 2116 1655 ut

1144 1684 1235 1730 ipse
1266 1684 1318 1720 ad
1337 1692 1492 1719 annum
1516 1682 1634 1720 1478.
1656 1683 1782 1719 testis
1811 1682 1895 1729 est,
1917 1682 2116 1719 Civitatis

1145 1746 1339 1783 Hortanae
1362 1746 1536 1792 Praetor,
1558 1745 1705 1782 deinde
1721 1746 1760 1781 S.
1778 1746 1818 1781 Ρ.
1835 1745 1880 1789 Q.
1898 1745 1948 1781 R.
1972 1746 2116 1782 Scriba

1146 1812 1235 1848 sive
1266 1811 1566 1857 Cancellarius,
1596 1810 1765 1857 scripsit
1793 1810 1997 1847 Diarz‘um
2035 1819 2115 1847 ur-

1147 1873 1209 1911 bis
1240 1875 1433 1911 Romame
1463 1874 1514 1910 ab
1544 1882 1649 1909 anno
1675 1872 1928 1909 1371-1494.
1955 1871 2116 1909 editum

1144 1938 1198 1974 ab
1228 1937 1409 1974 Eccardo
1442 1936 1487 1972 in
1508 1936 1685 1982 Corpore
1713 1934 1970 1981 Scriptorum
1991 1935 2118 1971 medii

1143 2000 1225 2037 aevi
1253 1998 1354 2034 tom.
1388 1998 1438 2034 11.
1470 2008 1509 2044 p.
1542 1998 1659 2035 1863.
1685 1997 1914 2044 repetitum
1935 2007 1959 2033 a
1979 1998 2118 2034 Mura-

1145 2064 1253 2100 torio
1276 2063 1316 2100 S.
1336 2063 1384 2099 R.
1404 2062 1498 2100 Ital.
1519 2062 1621 2100 tom.
1644 2061 1718 2098 III.
1742 2062 1848 2109 part.
1870 2062 1908 2098 2.
1930 2073 1970 2109 p.
1996 2061 2118 2099 1109.

1145 2126 1256 2173 Opus
1286 2126 1442 2173 partim
1473 2125 1634 2173 Italica,
1665 2125 1822 2172 partim
1851 2125 2005 2163 Latina
2033 2126 2116 2162 lin-

1148 2201 1235 2237 gua
1264 2190 1549 2237 conscriptum
1578 2190 1655 2227 est.
1687 2190 1856 2227 Codices
1884 2189 1975 2236 ejus
2005 2189 2118 2226 MSS.

1148 2255 1191 2290 in
1219 2254 1540 2300 quamplurimis
1570 2253 1842 2291 Bibliothecis
1877 2263 2089 2290 occurrere
2109 2281 2118 2298 ‚

1147 2315 1328 2353 testatur
1357 2315 1486 2352 Index
1526 2316 1570 2351 in
1599 2315 1721 2352 Bern.
1764 2314 1815 2351 de
1857 2313 2119 2350 Montfaucon

1146 2379 1250 2416 Bibl.
1281 2378 1634 2416 Bibliothecarum
1663 2376 1778 2413 MSS.

1203 2439 1732 2485 STEPHANUSJuliamos,
1747 2437 1914 2474 Ordinis
1930 2437 1970 2473 S.
1985 2437 2115 2474 Fran-

1145 2503 1245 2540 cisci
1265 2503 1416 2539 Doctor
1432 2502 1671 2547 Theologus
1692 2501 1884 2537 Sorbonae
1905 2500 2118 2536 Parisien-

1147 2566 1220 2612 sis,
1257 2567 1393 2603 Vitam
1422 2566 1470 2601 B.
1499 2564 1659 2608 Ooletoe,
1681 2561 1995 2599 Reformatricis
2021 2561 2116 2599 Ord.

1147 2629 1186 2665 S.
1228 2628 1359 2664 Clarae
1401 2626 1592 2663 Gandavi
1632 2636 1669 2661 a.
1713 2623 1831 2661 1447.
1875 2623 2114 2670 defunctae,

1145 2701 1271 2737 quam
1301 2690 1451 2727 Petrus
1481 2699 1506 2725 a
1536 2689 1741 2734 Vallibus,
1769 2688 1875 2724 alias
1899 2688 2046 2724 Petrus
2067 2688 2118 2724 de

1148 2754 1291 2790 Remis
1321 2752 1479 2798 dictus,
1511 2751 1668 2788 Gallico
1699 2759 1887 2788 sermone
1918 2751 2088 2796 scripsit
2107 2779 2116 2796 ‚

1143 2814 1290 2852 Latine
1321 2815 1459 2851 vertit.
1491 2814 1609 2851 Vixit
1639 2814 1785 2851 eodem
1805 2813 1891 2850 fere
1913 2813 2115 2858 tempore.

1147 2878 1272 2914 Edita
1301 2878 1367 2914 est
1396 2878 1535 2914 autem
1567 2877 1667 2913 Vita
1696 2877 1787 2913 haec
1817 2877 1860 2912 in
1890 2875 2007 2911 Actis
2044 2874 2115 2911 SS.

1147 2941 1288 2979 Martii
1316 2941 1417 2978 tom.
1449 2944 1474 2978 1.
1504 2952 1544 2988 p.
1575 2941 1670 2978 539.
1702 2941 1848 2977 Surius
1883 2940 1921 2976 d.
1955 2939 1978 2975 6
2008 2940 2116 2975 Mar-

1147 3005 1197 3041 tii
1217 3003 1379 3041 mutato
1401 3013 1624 3051 parumper
1647 3003 1744 3039 stilo
1766 3004 1808 3039 in
1822 3001 2118 3048 compendium

1148 3067 1331 3113 redegit,
1353 3067 1484 3103 Lucas
1497 3065 1766 3111 Waddingus
1786 3064 2018 3100 Annalibus
2039 3063 2118 3099 Mi-

1149 3138 1298 3166 norum
1328 3129 1488 3175 passim
1517 3127 1708 3165 inseruit.
1747 3127 1808 3162 Ex
1849 3127 1926 3162 hac
1966 3125 2119 3163 notitia

1149 3190 1409 3228 emendanda
1428 3188 1542 3235 sunt,
1565 3198 1655 3235 quae
1678 3197 1895 3234 perperam
1909 3188 2012 3225 Aub.
2035 3188 2117 3224 Mi-

1149 3263 1256 3290 raeus
1287 3254 1337 3289 de
1369 3252 1513 3299 script.
1546 3253 1700 3289 Eccles.
1730 3261 1766 3288 c.
1798 3251 1897 3289 522.

1209 3313 1842 3353 STEPHANUSJureconsultus
1863 3315 2040 3363 Anglus,
2062 3314 2118 3351 O-
