2533 4009
445 258 491 295 1³>
1005 250 1008 251 ’
1149 235 1715 280 MALLEACENSE

494 317 878 364 MALLEACENSE-
897 313 1130 360 Chronicon,
1147 312 1336 350 Abbatiae
1353 311 1391 349 S.

440 386 625 427 Maxentii
679 385 715 420 in
768 377 1005 418 Pictaviensi
1059 374 1255 412 dioecesi:
1309 373 1395 410 sive

442 451 627 497 excerpta
651 456 698 482 ex
723 439 917 479 Chronico
940 435 1085 485 majore
1109 435 1158 473 ab
1176 433 1281 472 Orbe
1305 443 1397 471 con-

442 510 522 548 dito
552 508 599 547 ad
631 506 674 545 A.
701 505 742 542 C.
778 500 880 539 4440
912 509 960 536 ex
991 495 1090 534 Julii
1119 494 1263 533 FLORI
1294 494 1395 532 11044-

442 571 517 609 bus
547 567 832 609 Historiarum,
865 560 1030 608 aliisque
1061 557 1166 595 edita
1195 558 1217 594 a
1243 555 1396 593 Labbeo

444 639 537 670 tom.
561 630 597 667 2.
620 626 717 666 Bibl.
743 634 869 662 novae
886 622 1081 660 Manuscr.
1106 630 1192 669 pag.
1214 616 1288 656 490
1305 617 1394 654 221.

497 683 882 730 MALLEACENSIS
918 677 1162 727 Monachus,
1191 678 1289 716 infra
1319 677 1398 714 PE-

447 753 574 791 TRUS
605 744 891 789 Mallcacensis.

500 811 616 851 Felioe
640 805 964 852 MALLEOLUS,
993 799 1263 842 Hammerlein
1281 809 1400 849 supra

445 881 540 913 tom.
564 874 599 911 2.
623 883 709 922 pag.
743 870 830 908 563.
857 867 1021 904 FELIX.

502 935 666 973 Thomas
690 928 1016 974 MALLEOLUS,
1043 935 1162 973 supra
1185 926 1278 958 tom.
1302 921 1336 957 4.
1364 931 1399 968 p.

451 998 527 1036 493
558 996 606 1034 de
636 992 833 1032 KEMPIS.

501 1055 718 1095 Guilelmus
748 1043 1249 1091 MALMESBURIENSIS,
1281 1050 1402 1090 supra

447 1126 538 1157 tom.
571 1119 635 1155 lll.
665 1126 748 1164 pag.
784 1110 871 1150 443.

498 1171 913 1218 MALOGRANATUM
937 1198 944 1216 ,
970 1168 1112 1205 titulus
1137 1166 1252 1213 libri,
1284 1174 1404 1213 supra

445 1237 641 1278 GALLUS
672 1240 765 1272 tom.
799 1234 833 1271 3.
867 1242 952 1282 pag.
986 1230 1047 1268 44.

500 1296 787 1338 MALSCHAM
805 1295 937 1333 nescio
956 1294 1072 1331 cuius
1089 1289 1226 1328 Artem
1239 1320 1249 1337 ,
1267 1288 1407 1326 Gram-

446 1363 632 1401 maticam
653 1364 695 1398 ut
721 1357 929 1406 suspicor,
956 1356 991 1391 in
1019 1352 1284 1391 Bibliothecae
1309 1349 1405 1388 San-

447 1423 753 1474 germannianae
779 1417 921 1457 Codice
943 1416 1035 1454 540.
1050 1413 1223 1463 Cangius
1240 1412 1404 1450 evolvit.

500 1486 669 1523 Joannes
694 1477 1062 1525 MALVERNAEUS,
1087 1486 1205 1524 supra
1228 1477 1322 1511 tom.
1341 1472 1404 1510 IV.

450 1559 537 1598 pag.
570 1545 660 1584 385.

499 1606 670 1646 Jacobus
694 1601 988 1644 MALVETIUS
1011 1629 1018 1647 ,
1049 1599 1098 1637 de
1127 1609 1205 1648 quo
1230 1602 1310 1634 tom
1342 1595 1406 1633 lv.

451 1682 537 1722 pag.
564 1670 654 1708 304.
687 1668 748 1706 ubi
776 1666 893 1703 dictis
923 1660 1228 1709 addc,Malvecii
1259 1657 1404 1707 hujus,

449 1731 589 1769 nobilis
618 1727 854 1768 Mutinensis
894 1722 1117 1764 Chronicon
1160 1719 1406 1758 Brioez'anum

448 1792 495 1831 ab
537 1791 685 1841 origine
729 1787 846 1826 Urbis
881 1785 927 1824 ad
960 1796 1024 1823 an.
1056 1783 1169 1822 4332.
1202 1781 1305 1831 quod
1336 1791 1405 1818 au-

448 1858 532 1893 ctor
561 1864 624 1891 an.
658 1849 760 1890 4442
798 1852 961 1899 propter
1001 1844 1269 1897 pestilentiam
1300 1841 1404 1891 apud

448 1916 678 1955 Brixienses
703 1915 952 1962 grassantem
985 1909 1020 1946 in
1046 1916 1234 1945 amoenas
1261 1904 1404 1942 Benaci

450 1987 540 2015 oras
571 1975 781 2026 profugum
813 1983 855 2009 se
891 1970 1163 2020 composuisse
1206 1970 1403 2012 testatur,

449 2038 631 2088 vulgavit
649 2035 814 2074 illustris
831 2032 1069 2072 Muratorius
1086 2034 1179 2067 tom.
1200 2028 1303 2067 XIV.
1320 2027 1406 2064 the—

450 2100 556 2139 sauri
575 2108 706 2136 rerum
725 2096 964 2141 italicarum,
983 2093 1016 2141 a)
1035 2090 1240 2130 Mediolan.
1262 2089 1362 2128 4729
1382 2087 1405 2125 f.

505 2158 752 2200 Claudianus
775 2154 1060 2196 MAMERTUS.
1093 2153 1219 2202 Supra
1245 2155 1337 2188 tom.
1371 2151 1405 2187 4.

451 2234 538 2273 pag.
571 2222 685 2260 4358.

504 2279 961 2323 MAMMOTHREPTUS,
993 2272 1338 2328 pappo'flrpmiff,
1371 2274 1408 2322 b)

456 2356 628 2383 mamma
661 2344 746 2381 sive
779 2342 878 2380 lacte
923 2340 1124 2378 nutritus:
1155 2338 1240 2374 54νο
1274 2347 1294 2373 3
1333 2339 1411 2372 tra-

453 2406 581 2444 henda
615 2405 675 2442 vel
707 2402 913 2442 tractanda
947 2410 1118 2439 mamma
1157 2399 1410 2436 Mammotra-

452 2471 562 2513 ctus,
600 2467 662 2504 vel
699 2467 1049 2504 Mammotrectus:
1081 2461 1222 2499 titulus
1254 2460 1337 2497 libri
1370 2460 1406 2495 in

454 2531 620 2578 gratiam
675 2527 833 2565 rudium
888 2526 1121 2564 clericorum
1172 2521 1408 2572 exponentis

452 2590 589 2627 ordine
617 2589 763 2627 Biblico
795 2598 915 2626 voces
950 2595 1175 2634 vocumque
1214 2582 1410 2632 significa-

455 2652 600 2688 tionem
620 2679 628 2695 ‚
658 2649 1006 2700 orthographiam,
1037 2650 1227 2684 accentus
1270 2645 1306 2681 in
1350 2644 1411 2682 Bi-

452 2713 541 2751 bliis
567 2712 717 2749 Latinis
734 2711 985 2760 prologisquc
1002 2700 1242 2756 Hieronymi,
1269 2704 1411 2743 deinde

455 2775 491 2811 in
523 2772 751 2822 antiphonis
780 2776 820 2810 et
850 2769 1113 2820 responsoriis
1133 2797 1140 2815 ,
1163 2769 1199 2804 in
1224 2767 1410 2816 hymnis:

512 2904 545 2943 a)
579 2907 639 2934 Act
663 2905 719 2933 Er.
748 2901 838 2932 1750.
864 2908 938 2940 pag.
962 2900 1015 2933 54.
1040 2898 1124 2930 Bibl.
1150 2897 1290 2938 italique
1333 2900 1413 2927 tom.

448 2956 502 2984 Vi.

514 3002 549 3040 b)
575 3004 780 3041 Augustinus
806 3007 905 3031 serm.
934 2998 964 3028 2.
988 2999 1022 3029 2.
1044 3000 1097 3029 Ps.
1114 2999 1203 3028 XXX.
1221 3001 1288 3026 tom
1307 2998 1316 3023 ἰ
1335 2996 1417 3033 Opp.

453 3060 528 3089 pag.
556 3051 627 3083 120.
652 3048 968 3087 mammothreptus
1008 3046 1129 3086 quotes
1168 3046 1335 3076 dicuntur
1351 3052 1419 3082 pu·

459 3101 511 3130 eri
538 3102 597 3139 qui
622 3102 683 3131 (liu
707 3103 857 3140 sufflant,
883 3098 975 3138 quod
997 3105 1069 3127 ηοη
1084 3098 1192 3127 decet.

513 3150 545 3186 c)
570 3151 676 3187 Caput
698 3149 737 3179 de
768 3149 977 3179 dimensione
995 3148 1023 3176 S.
1043 3148 1232 3185 scripturae
1252 3145 1418 3181 integrum

453 3199 497 3229 ita
520 3205 554 3228 se
571 3198 669 3228 habet
687 3211 693 3228 ;
708 3199 891 3236 Scriptura
909 3205 1013 3226 sacra
1024 3196 1244 3226 dimensione
1264 3192 1419 3232 quadru-

453 3246 540 3286 plici
563 3247 739 3277 variatur.
766 3246 984 3276 Ilahctem'm
1008 3244 1220 3276 latitudinem
1233 3243 1271 3273 in
1285 3240 1419 3272 deseri-

451 3295 572 3334 ptione
597 3296 746 3325 duorum
771 3299 1072 3325 testamentorum.
1092 3293 1346 3333 Longitudinem
1380 3290 1418 3319 in

452 3345 700 3384 descriptione
723 3349 925 3382 temporum
941 3348 971 3374 et
993 3348 1162 3381 aetatum,
1188 3341 1432 3374 sublimitatem

1470 311 1507 347 in
1535 305 1731 358 Legendis
1751 304 1986 345 Sanctorum
2003 336 2013 354 ,
2038 306 2214 344 Homiliis
2233 310 2273 344 et
2297 304 2427 344 decla—

1469 371 1622 409 ratione
1653 367 1824 418 Regulae
1856 367 1896 405 S.
1939 368 2162 406 Francisci:
2194 378 2284 407 cum
2315 369 2427 407 brevi

1469 431 1734 469 declaratione
1756 428 1804 466 de
1831 429 2035 468 mensibus
2060 429 2352 478 Hebraeorum,
2377 429 2427 468 de

1474 494 1611 540 festis,
1645 490 1850 533 vestibus,
1882 488 2187 538 Sacerdotibus,
2219 490 2268 528 de
2307 492 2429 528 inter-

1470 554 1649 605 pretibus
1679 553 1716 591 S.
1745 552 1998 601 Scripturae‚
2028 551 2076 590 de
2101 552 2426 599 divinationibus,
2486 594 2490 598 ⁴

1471 616 1518 654 de
1549 614 1777 653 nominibus
1808 613 1921 660 DEI,
1949 612 1997 649 de
2031 614 2305 663 expositione,
2334 624 2429 662 qua—

1471 677 1649 716 litatibus
1679 679 1719 713 et
1749 674 1998 712 dimensione
2027 674 2060 720 c)
2093 675 2130 712 S.
2177 674 2429 725 scripturae,

1473 738 1521 777 de
1550 737 1846 787 comparatione
1890 738 2223 774 testamentorum
2253 735 2301 774 ad
2332 735 2433 773 invi-

1474 811 1560 837 cem
1592 803 1631 836 et
1661 797 1708 835 de
1739 800 1910 846 quatuor
1941 794 2135 845 Synodis,
2157 795 2205 833 de
2229 796 2432 846 orthogra-

1475 860 1567 909 phia
1598 863 1638 896 04
1667 857 1715 895 de
1737 857 1981 895 accentibus.
2003 856 2114 906 Opus
2138 855 2364 897 absolutum
2386 856 2434 895 Α.

1479 919 1584 957 4466
1614 921 1753 956 auctor
1773 917 1945 955 Joannes
1968 916 2334 966 MARCHESINUS,
2349 917 2433 956 ord.

1476 981 1613 1017 Minor.
1641 977 1690 1016 de
1713 989 1790 1026 quo
1816 978 1943 1026 infra,
1969 989 2041 1016 suo
2066 979 2161 1017 loco.
2190 978 2334 1017 Prodiit
2357 982 2436 1030 pri-

1478 1051 1587 1079 mum
1607 1039 1830 1089 Moguntiae
1854 1038 1890 1087 d)
1917 1038 2020 1077 4470
2043 1039 2105 1077 fol.
2130 1040 2308 1078 Venetiis
2334 1040 2434 1079 4476

1479 1100 1580 1141 4497
1613 1100 1715 1139 4489
1749 1100 1852 1139 4492
1886 1100 1988 1138 4496
2020 1100 2040 1137 4
2070 1103 2110 1138 et
2141 1100 2243 1139 4498
2273 1100 2375 1139 1506
2400 1103 2437 1140 8.

1478 1163 1608 1202 Habeo
1638 1162 1757 1200 etiam
1790 1161 2001 1199 editionem
2035 1162 2072 1198 in
2099 1161 2161 1199 fol.
2184 1162 2272 1199 sine
2296 1162 2380 1200 loco
2399 1167 2438 1200 et

1478 1235 1608 1271 anno,
1643 1227 1682 1260 ct
1712 1222 1759 1261 ad
1791 1223 1938 1261 calcem
1968 1226 2133 1261 vocatur
2157 1220 2258 1260 liber
2282 1223 2440 1273 exposi-

1480 1285 1606 1324 torius
1634 1284 1752 1323 totius
1783 1282 1935 1322 Bibliae
1973 1295 2021 1322 ae
2058 1283 2229 1322 aliorum
2268 1296 2370 1336 quae
2400 1284 2440 1322 in

1478 1345 1657 1385 Ecclesia
1680 1344 1917 1383 recitantur·
1945 1344 2090 1383 Prodiit
2121 1345 2256 1384 itidem
2296 1345 2440 1385 Medio-

1479 1409 1555 1447 lani
1599 1408 1714 1446 4484.
1761 1406 2012 1455 Argentorati
2047 1405 2177 1456 (4487)
2217 1407 2332 1445 4489.
2375 1407 2438 1445 fol.

1479 1470 1594 1509 4494.
1623 1470 1657 1507 4.
1691 1468 1970 1518 Norimbergae
1997 1469 2099 1507 4489
2132 1469 2233 1507 4494
2266 1468 2302 1506 4.
2326 1469 2440 1506 Metis

1480 1531 1610 1581 (4509)
1647 1532 1740 1570 4544
1784 1530 1817 1567 4.
1853 1530 1975 1568 Paris.
2007 1529 2109 1568 4540
2144 1529 2236 1568 4524
2275 1530 2310 1567 8.

1531 1592 1794 1632 MAMUTIUS
1811 1591 1860 1629 do
1881 1602 1960 1642 quo
1978 1590 2230 1629 Christianus
2248 1591 2441 1630 Daumius

1479 1656 1656 1706 Epistola
1687 1654 1734 1693 ad
1766 1655 1846 1692 Nic.
1878 1653 2084 1692 Heinsium
2109 1652 2202 1691 data
2222 1652 2296 1692 An.
2325 1651 2439 1690 4679.

1479 1722 1508 1757 4.
1532 1719 1581 1756 1V
1607 1717 1780 1767 sylloges
1801 1716 2120 1754 Burmannianae
2141 1726 2177 1765 p.
2195 1715 2286 1754 255.
2307 1712 2441 1753 Habeo

1477 1790 1581 1817 nunc
1599 1788 1752 1816 mecum
1762 1789 1817 1815 eoe
1836 1775 2007 1815 Paulina
2028 1775 2290 1827 Lipsiensium
2301 1775 2443 1815 Biblio-

1479 1838 1590 1877 theca
1609 1835 1956 1875 membranaceum
1977 1834 2170 1886 yrandem
2194 1835 2386 1886 codicem,
2402 1836 2442 1873 in

1477 1912 1553 1951 quo
1572 1900 1748 1938 Mamutii
1765 1897 1894 1936 nescio
1912 1898 2034 1949 'eujus
2058 1897 2106 1935 de
2125 1898 2341 1937 virtutibus
2363 1898 2442 1936 ele-

1478 1963 1538 2012 gia
1559 1960 1654 2011 plus
1671 1958 1777 1997 mille
1795 1962 1978 1997 constans
2001 1957 2186 1998 versibus
2203 1990 2214 2008 ,
2246 1958 2411 1998 Orosius
2432 1987 2440 2006 ,

1477 2022 1640 2070 Arctior,
1664 2021 1786 2072 Rz'yae
1796 2024 1835 2059 ec
1850 2019 2058 2059 Prudentiz'
2069 2019 2267 2068 nonnulla,
2284 2024 2331 2059 ut
2346 2022 2441 2072 Psy-

1479 2083 1771 2129 chomachiam,
1803 2081 2129 2132 Hamartiyenia,
2160 2082 2318 2135 Hymni.

1532 2145 1796 2185 MANASSES
1822 2145 1849 2182 1.
1890 2143 2092 2182 Remensis
2126 2144 2175 2183 ab
2212 2143 2286 2183 An.
2320 2143 2436 2183 4068.

1482 2206 1829 2256 Archiepiscopus,
1845 2207 1881 2243 in
1901 2205 2074 2245 Concilio
2084 2205 2437 2256 Augustodunensi

1483 2269 1558 2307 An.
1583 2267 1682 2307 4079
1709 2267 1757 2305 01)
1783 2267 1891 2305 varia
1915 2267 2091 2305 carmina
2116 2278 2217 2316 quae
2250 2267 2321 2317 ipsi
2347 2266 2442 2315 obji-

1485 2330 1695 2369 ciebantur
1725 2329 1959 2376 damnatus,
1997 2329 2034 2366 iu
2070 2329 2248 2378 proximo
2285 2326 2444 2378 Lugdu-

1485 2393 1598 2430 nensi
1630 2391 1804 2429 Concilio
1834 2389 1909 2428 An.
1941 2390 2058 2428 4080.
2083 2388 2310 2440 Apoloyiam
2330 2389 2444 2427 obtu-

1484 2454 1527 2491 lit
1557 2453 1709 2503 llugoni
1741 2452 1875 2490 Diensi
1904 2452 2127 2501 Episcopo,
2152 2452 2328 2502 Gregorii
2360 2451 2440 2490 VII.

1485 2517 1520 2553 in
1543 2515 1690 2553 Gallias
1721 2514 1875 2564 legato,
1906 2524 2026 2563 quam
2051 2513 2175 2551 edidit
2195 2512 2441 2552 Mabillonius

1484 2583 1579 2615 tom.
1611 2578 1645 2614 4.
1690 2576 1817 2613 musei
1862 2575 1986 2612 Italici
2032 2578 2143 2625 parte
2173 2575 2209 2614 2.
2244 2585 2332 2625 pag.
2365 2574 2440 2612 449

1486 2640 1574 2678 427.
1608 2638 1674 2688 qui
1706 2636 1755 2675 de
1786 2636 1859 2674 hoc
1888 2637 2069 2674 Manasse
2114 2635 2312 2673 videndus
2354 2645 2440 2684 pag.

1487 2700 1578 2740 447.
1597 2711 1679 2749 seq.
1702 2697 1994 2737 Sammarthani
2014 2698 2050 2734 in
2069 2696 2193 2734 Gallia
2215 2695 2440 2736 Christiana

1487 2767 1579 2800 40444.
1613 2763 1649 2800 4.
1673 2772 1759 2810 pag.
1791 2759 1881 2797 507.
1907 2768 1990 2807 seq.

1480 2893 1519 2922 in
1541 2891 1796 2930 descriptione
1818 2890 1927 2920 trium
1948 2887 2229 2918 hierarchiarum
2260 2888 2442 2928 ¹‹Ji-adalim

1485 2941 1738 2972 ordinatarum
1751 2963 1762 2978 ,
1785 2939 1921 2969 scilicet
1934 2937 2211 2968 Ecclesiasticae
2224 2960 2233 2977 ,
2249 2937 2441 2979 Anqelieae

1480 2995 1512 3021 et
1534 2990 1698 3022 Divinae.
1714 2987 1984 3019 Profunditatem
2009 2987 2048 3017 in
2061 2987 2300 3026 descriptione
2316 2987 2444 3026 mysti-

1483 3048 1604 3071 carum
1627 3037 1960 3077 intelligentiarum·

1541 3088 1574 3128 d)
1601 3088 1743 3126 cangius
1771 3084 1874 3125 praes.
1899 3084 2050 3125 glossarii
2076 3087 2145 3116 Lat.
2169 3084 2221 3115 50.
2245 3085 2392 3116 Jacobus
2416 3085 2445 3116 le

1480 3140 1580 3176 Long.
1603 3135 1686 3167 Bibl.
1709 3135 1833 3166 Bibliea
1858 3136 1892 3165 in
1916 3135 2122 3166 Marchesino
2147 3141 2222 3173 pag.
2260 3131 2333 3164 845,
2371 3136 2444 3165 Ou-
2509 3145 2517 3155 ν

1481 3186 1580 3217 dinus
1603 3189 1683 3216 tom.
1706 3185 1724 3216 5
1747 3191 1822 3223 pag.
1844 3183 1916 3214 495.
1933 3184 2115 3214 Antonium
2136 3185 2309 3214 Reiserum
2325 3183 2445 3214 Manu—

1479 3245 1543 3267 scr.
1572 3235 1655 3267 Bibl.
1679 3236 1892 3273 Augustanae
1917 3242 1950 3273 p.
1965 3232 2017 3264 97.
2031 3232 2243 3264 miscellanea
2257 3233 2344 3272 Lips.
2360 3236 2444 3266 tom.

1481 3287 1544 3315 vil.
1571 3293 1645 3325 pag.
1669 3283 1723 3314 146.
1745 3291 1815 3322 seq.
1840 3284 1990 3315 niarium
2003 3281 2210 3315 eruditorum
2233 3283 2440 3315 ltaliaetom.

1483 3334 1532 3366 15.
1557 3344 1630 3375 pag.
1656 3333 1729 3365 286.
1753 3336 1818 3365 etc.
