2533 4009
467 163 542 199 506

507 224 819 265 STEPHANL‘S,
864 221 905 256 S.
953 205 1222 254 Pantaleonis
1262 218 1403 262 procul

454 293 573 327 dubio
604 287 780 324 Colonia»
822 281 1057 323 monachus
1097 281 1206 316 circa
1244 289 1403 315 annum

456 354 542 389 990.
567 348 727 394 scripsit
749 347 894 381 librum
911 344 957 379 de
974 342 1016 379 S.
1034 338 1227 378 Mani-ini
1239 341 1404 378 Abbatis

459 415 495 448 et
515 409 720 455 Martyris
749 405 979 443 intentione
999 405 1037 441 et
1056 404 1333 440 transtatione
1360 404 1406 440 in

458 470 749 510 monasterium
773 466 815 503 S.
839 466 1119 509 Pantaleonis,
1150 464 1275 501 Estat
1296 465 1404 510 apud

456 537 614 571 surium
646 534 684 568 d.
718 533 764 567 10
795 532 888 566 Jun.
920 531 1201 566 Mabillonium
1233 529 1319 566 Sec.
1351 530 1401 563 V.

455 598 597 633 Benen.
639 605 676 640 p.
708 593 799 629 333.
842 593 883 629 et
923 594 964 628 iu
1005 593 1120 628 Actis
1158 592 1404 638 *Sanctorum

453 662 549 693 tom.
583 657 631 691 11.
661 657 753 691 Jun.
785 665 822 701 p.
855 654 947 690 279.

506 717 821 761 STEPHANUS,
867 716 1113 761 Parisinus,
1155 716 1406 762 Episcopus,

453 781 695 826 cognomine
734 779 957 825 Templier.
980 779 1099 814 cuius
1120 778 1308 824 prostant
1330 778 1409 814 Be-

451 846 657 892 scriptum
689 844 736 881 de
763 843 1023 889 quorundam
1054 851 1249 879 errorum
1289 843 1326 879 et
1357 843 1410 878 ii-

453 909 619 943 brorum
641 906 904 943 damnatione
926 914 962 941 a.
987 903 1104 941 1270.
1127 906 1165 941 et
1186 903 1302 941 1277.
1319 913 1412 941 cum

457 969 587 1005 rotulo
617 976 828 1011 errorum,
860 968 902 1002 in
932 966 1199 1002 Bibliothecis
1222 965 1409 1009 Pati-um,

453 1032 494 1065 ct
523 1030 688 1076 quidem
719 1030 760 1064 in
786 1029 968 1064 maxima
987 1028 1088 1064 tom.
1112 1028 1239 1062 XXV.
1262 1038 1300 1073 p.
1317 1026 1409 1063 329.

453 1092 575 1127 Forte
603 1091 728 1136 hujus
758 1092 822 1126 est
858 1090 1087 1127 Tractatus
1128 1090 1172 1126 in
1214 1091 1414 1137 Regulam

458 1151 499 1188 S.
531 1151 763 1195 Benedicti,
793 1159 913 1195 quem
944 1152 985 1186 in
1008 1150 1263 1186 monasterio
1287 1150 1411 1186 Seno-

452 1213 584 1248 viensi
614 1212 787 1248 offendit
827 1212 979 1248 Theod.
1023 1211 1266 1248 Ruinartus.
1307 1213 1414 1248 Vide

453 1276 562 1310 illius
594 1274 676 1309 Iter
707 1276 749 1310 in
781 1275 984 1310 Alsatiam
1015 1275 1056 1310 et
1089 1274 1410 1320 Lotharingiam

458 1346 494 1381 p.
526 1336 615 1371 442.
645 1337 746 1371 tom.
782 1335 849 1371 111.
888 1336 1066 1382 Operum
1087 1337 1414 1382 posthumorum.

510 1398 626 1433 Alius
657 1397 890 1444 Stephanus
919 1398 1027 1434 vixit
1067 1408 1102 1434 a.
1137 1399 1252 1435 1131.
1299 1400 1418 1444 cujus

458 1459 615 1504 aliquot
644 1460 854 1505 Epistulae
884 1458 1089 1496 habentur
1118 1461 1160 1496 in
1195 1461 1419 1507 Spicilegio

461 1518 714 1554 Dacberiano
743 1519 843 1554 tom.
876 1519 947 1554 ΙΙΙ.
981 1529 1018 1564 p.
1051 1521 1128 1556 489
1159 1531 1270 1567 seqq.
1304 1523 1419 1558 Duae

459 1580 550 1615 aliae
569 1581 681 1616 tomo
704 1580 770 1615 VI.
786 1581 1062 1617 Conciliorum
1085 1582 1288 1619 Harduini
1310 1583 1416 1628 part.

460 1641 497 1675 2.
531 1652 624 1687 pag.
659 1642 775 1678 1183.

516 1704 816 1739 STEPHANUS
846 1705 1166 1752 Pati-inqtonus,
1209 1706 1304 1742 aliis
1342 1707 1418 1743 Pe-

460 1766 661 1811 trinqton,
684 1766 966 1813 Eboracensis,
999 1768 1236 1814 Theologiae
1267 1770 1416 1806 Doctor

461 1825 720 1872 Oxoniensis,
757 1829 982 1865 monachus
1025 1830 1335 1868 Carmelitanus
1374 1833 1416 1869 et

463 1888 620 1924 ordinis
666 1891 728 1925 sui
783 1891 1081 1937 Provincialis,
1129 1892 1417 1931 Confessiona-

461 1951 548 1986 rius
580 1952 765 1997 Reginae,
801 1954 967 1990 tandem
1005 1956 1232 2002 Episcopus
1278 1959 1416 1994 Menc-

467 2014 603 2048 veusis
633 2014 676 2049 et
705 2014 1014 2061 cicestriensis,
1044 2019 1147 2054 obiit
1168 2028 1275 2055 anno
1299 2018 1416 2055 1417.

468 2073 641 2118 scripsit
670 2076 714 2111 in
746 2077 977 2123 Epistolam
1007 2080 1059 2115 act
1096 2079 1250 2125 Titum,
1292 2090 1419 2128 super

466 2133 718 2181 Maqistrum
744 2138 1073 2185 Sententiarum,
1096 2144 1245 2179 contra
1270 2143 1419 2180 Statu-

467 2200 554 2235 tum
584 2202 863 2248 parlamenti,
894 2206 1043 2242 contra
1072 2207 1309 2254 Wiclesttas,
1332 2210 1420 2245 Loi-

465 2261 630 2306 nardo-s,
662 2265 699 2299 et
730 2264 952 2301 Nicolaum
984 2267 1256 2314 Herfondum,
1291 2278 1420 2316 super

470 2323 642 2369 h'cloqas
678 2324 879 2366 Theodoti.
908 2327 954 2362 in
983 2327 1157 2373 fabulas
1196 2330 1351 2377 AE'sopi,
1383 2331 1421 2367 et

465 2386 563 2421 alia.
595 2386 799 2423 Lelandus
839 2397 872 2422 c.
915 2387 1006 2424 514.
1048 2390 1208 2426 Balzeus
1250 2392 1418 2428 Centur.

469 2448 555 2483 v11.
588 2449 650 2484 43.
683 2450 858 2487 pitseus.
889 2460 922 2486 c.
954 2451 1045 2488 766.
1087 2454 1340 2491 Trithemius
1371 2456 1419 2492 de

467 2513 607 2557 script.
639 2513 790 2550 Eccles.
820 2523 854 2549 c.
878 2513 968 2551 661.
991 2515 1165 2553 Bzovius
1187 2519 1237 2555 ad
1258 2528 1293 2554 a.
1318 2518 1419 2555 1419

468 2584 563 2618 pag.
596 2573 688 2610 596.

523 2636 835 2672 STEPHANUS.
858 2638 904 2674 de
926 2639 1119 2686 Piopera,
1141 2641 1421 2677 Mediolanen-

470 2698 541 2734 sis.
557 2697 649 2732 Ord.
665 2699 982 2735 Prscdicatorum
1003 2702 1110 2737 circa
1131 2712 1285 2739 aunum
1301 2703 1418 2740 1500.

470 2758 516 2792 tle
547 2759 709 2794 rosario
739 2759 786 2793 B.
835 2760 1022 2806 l'irqinz's
1063 2764 1278 2808 scripsisse
1318 2765 1420 2800 dici-

468 2820 547 2853 tur.
569 2820 652 2854 Jac.
674 2820 814 2862 Quetis
831 2822 879 2857 dc
903 2822 1177 2868 scriptoribus
1198 2825 1291 2863 Ord.
1311 2828 1422 2863 Prae-

468 2880 694 2915 dicatorum
727 2881 825 2916 tom.
858 2882 886 2916 I.
909 2893 946 2928 p.
979 2884 1070 2921 895.

523 2941 824 2977 s'rEPHANUs·
854 2943 1162 2989 Piperacensis‚
1191 2949 1284 2984 vide
1314 2950 1423 2986 infra

476 2998 707 3046 Stephanus
736 3003 785 3037 dc
819 3004 855 3037 S.
887 3005 1063 3042 Victore.

525 3062 824 3098 s'rifirlmxcs·
839 3065 1050 3104 Potoniaci
1063 3070 1254 3106 laudatur
1268 3082 1292 3108 a
1306 3072 1421 3109 Sixto

478 3121 660 3165 senensi,
690 3124 781 3159 ord.
825 3126 1159 3177 Pru-dicatorum,
1202 3143 1280 3170 sec.
1312 3135 1419 3170 XIV.

476 3182 540 3222 qni
577 3181 925 3223 commentarium
954 3190 997 3225 in
1041 3193 1313 3241 lc'canqeiium
1352 3197 1422 3234 Jo-

478 3244 621 3277 liminis
653 3247 830 3290 scripsit.
867 3250 941 3282 314.
976 3253 1110 3289 (lodex
1139 3256 1334 3301 Lugduni
1356 3259 1419 3295 cst

1290 145 1592 182 STEPHANUS

1475 217 1516 252 in
1546 213 1749 251 conventu
1779 214 1951 251 ordinis.
1981 211 2200 250 VideUac.
2233 211 2374 256 Quetif
2391 213 2440 251 de

1477 275 1756 322 scriptoribus
1783 275 1879 312 Ord.
1910 277 2232 313 Praedicatorum
2271 274 2374 312 tom.
2405 275 2436 311 1.

1477 348 1514 384 p.
1545 336 1637 374 739.
1667 339 1738 383 qui
1767 338 1810 373 in
1841 337 1978 376 Indice
2007 338 2166 386 monet,
2187 337 2343 375 rectius
2363 338 2444 376 Po-

1477 400 1628 436 tiniaci
1648 399 1924 436 scribendum.

1533 460 1838 498 STEPHANUS
1859 461 1908 498 de
1928 461 2088 510 Praqa,
2111 461 2346 507 Theologus
2365 459 2445 496 Bo-

1477 523 1640 569 hemus,
1660 523 1781 569 cujus
1807 523 2047 562 Orationem
2067 526 2110 560 in
2130 525 2314 561 Concilio
2335 523 2444 560 Gon-

1481 586 1703 622 stantiensi
1742 586 1986 623 solemniter
2018 587 2209 624 habitam
2238 587 2287 624 de
2307 586 2446 624 matu-

1480 648 1618 685 randa
1639 647 1855 685 Ecclesiae
1877 649 2160 686 emendatione
2180 648 2312 685 edidit
2341 650 2446 686 Her-

1481 721 1657 747 mannus
1685 721 1767 748 von
1795 711 1870 748 der
1897 711 2032 748 Hardt
2062 713 2105 748 in
2135 711 2252 748 Actis
2273 711 2450 748 Concilii

1479 775 1568 820 jam
1596 775 1698 812 dicti
1736 775 1852 812 tomo
1882 775 1913 810 I.
1944 786 1984 822 p.
2015 775 2109 812 823.
2150 775 2344 813 Fortasse
2383 776 2450 813 est

1485 837 1723 884 Stephanus
1752 838 1904 875 Palece
1934 838 1985 874 de
2015 846 2094 884 quo
2124 837 2328 884 superius.

1539 897 1560 917 ³⁶⁶
1589 899 1824 946 Opportune
1845 899 2191 938 Bibliothecarius
2211 899 2354 937 noster
2373 900 2448 936 ad-

1486 961 1647 998 monuit
1678 963 1886 1009 suspicari
1915 971 1959 1000 se
1988 961 2096 998 hanc
2117 962 2164 1000 de
2191 962 2452 1000 maturanda

1487 1024 1703 1061 Ecclesiae
1755 1024 2040 1062 emendatione
2093 1023 2334 1062 Orationem
2373 1025 2451 1062 sub

1488 1087 1654 1122 nomine
1697 1086 1896 1132 Stephani
1943 1087 1993 1124 de
2045 1087 2182 1133 Praga
2228 1085 2450 1134 vulgatam

1488 1149 1626 1186 deberi
1658 1149 1867 1195 Stephano
1897 1151 1945 1187 de
1975 1151 2146 1199 Palecz3
2179 1151 2319 1197 reipsa
2337 1151 2450 1188 enim

1488 1215 1593 1252 hanc
1622 1217 1755 1263 ipsam
1786 1217 2014 1254 orationem
2041 1217 2188 1254 nactus
2209 1227 2301 1254 sum
2320 1218 2363 1254 in
2382 1227 2452 1254 co—

1490 1278 1576 1314 dice
1626 1278 1819 1316 Biblioth.
1862 1278 1965 1316 Caes.
2007 1279 2339 1317 vindobonensis
2376 1278 2453 1316 hoc

1493 1344 1705 1388 praefixam
1738 1344 1885 1381 titulo:
1931 1344 2079 1382 Sermo
2119 1344 2215 1382 Rev.
2249 1343 2453 1392 Magistri

1496 1405 1640 1455 Steph5
1669 1408 1716 1445 de
1746 1408 1898 1445 Paiecz
1928 1409 1975 1446 de
2005 1409 2152 1456 Praqa
2193 1407 2238 1446 S.
2287 1408 2454 1446 Theolo-

1491 1469 1586 1515 yiae
1626 1469 1745 1517 Pros.
1779 1470 2058 1516 praedicatus
2097 1471 2143 1507 in
2187 1469 2303 1508 Oonc.
2352 1468 2454 1507 Gon-

1493 1533 1718 1570 stantiensi
1747 1534 1966 1571 Dominiea
1993 1533 2065 1568 III
2080 1533 2351 1581 postsestum
2372 1532 2453 1570 SS.

1500 1594 1736 1632 Trinitatis
1755 1603 1822 1632 an.
1848 1595 1951 1632 1416
1975 1595 2096 1644 (male
2115 1604 2217 1642 ergo
2233 1595 2455 1633 Hardtzius

1491 1656 1681 1694 habitum
1713 1657 1944 1704 suspicatur
1973 1667 2038 1695 an.
2072 1655 2206 1705 1417).
2248 1659 2296 1695 in
2323 1658 2453 1696 illud:

1492 1719 1685 1757 resistite
1707 1720 1849 1767 fortes
1879 1721 1925 1758 in
1945 1721 2043 1769 fide.

1543 1781 1847 1818 STEPHANUS
1894 1783 2127 1831 Presbyter
2175 1783 2270 1820 vide
2327 1791 2454 1829 supra

1486 1834 1722 1883 Africanas
1750 1838 1790 1873 et
1818 1838 2031 1884 Anyticus.

1543 1898 1845 1935 STEPHANUS
1875 1900 1922 1937 de
1952 1899 2193 1944 Provincia,
2213 1898 2326 1934 Juris
2356 1899 2457 1934 Pro-

1490 1959 1622 1995 fessor
1651 1961 1759 1996 circa
1786 1971 1943 1997 annum
1976 1961 2096 1998 1330.
2128 1960 2296 2007 scripsit
2325 1969 2455 2008 super

1497 2020 1764 2060 Clementinis
1793 2024 1832 2060 et
1865 2023 2131 2065 Quaestiones
2159 2025 2319 2061 carias.
2362 2024 2453 2060 Tri-

1489 2083 1672 2121 themius
1691 2087 1740 2122 de
1770 2087 1960 2132 scriptor.
1992 2087 2148 2124 Eccles.
2177 2095 2211 2122 c.
2254 2085 2348 2123 573.

1547 2146 1850 2184 STEPHANUS
1881 2149 1929 2187 de
1960 2150 2103 2194 Beate,
2125 2148 2221 2186 Ord.
2251 2149 2457 2185 Praedica—

1491 2206 1643 2254 torum,
1677 2210 1782 2246 leit
1810 2210 1975 2248 circiter
2006 2222 2042 2247 a.
2078 2210 2250 2248 1368.et
2271 2210 2455 2250 Tracta-

1494 2272 1583 2308 tum
1604 2273 1652 2310 de
1672 2276 1986 2313 universalibus
2007 2276 2188 2323 reliquit.
2213 2276 2299 2312 Jac.
2317 2276 2459 2319 Quetif

1494 2334 1542 2370 de
1566 2334 1840 2382 Scriptoribus
1860 2337 1954 2374 Ord.
1968 2337 2290 2375 praedicatorum
2302 2336 2403 2374 tom.
2425 2338 2456 2374 1.

1494 2409 1531 2444 p.
1565 2399 1654 2438 619.
1684 2402 1798 2438 Adde
1829 2403 1971 2448 Ambr,
2001 2403 2052 2440 ab
2082 2401 2303 2439 Altamura
2322 2412 2359 2449 p.
2390 2401 2456 2440 22.

1549 2462 1853 2501 STEPHANUS
1877 2465 1926 2502 de
1950 2465 2166 2512 Fiiqeriis‚
2201 2464 2458 2502 Redonensis

1494 2524 1733 2572 Episcopus,
1755 2527 1935 2572 primum
1958 2527 2207 2573 Capelianus
2221 2526 2392 2563 Henrici
2405 2525 2456 2561 II.

1493 2587 1721 2633 Anglorum
1753 2588 1901 2634 Regis,
1930 2588 2035 2626 obiit
2071 2598 2096 2625 a
2127 2586 2245 2625 1178.
2281 2586 2458 2633 Scripsit

1497 2649 1632 2685 Vitam
1655 2648 1697 2686 S.
1722 2649 1907 2688 Fir-mati
1927 2651 2140 2698 Episcopi,
2161 2659 2251 2696 quae
2270 2650 2335 2687 bis
2356 2649 2456 2686 Gal-
2508 2667 2514 2672 ·

1495 2710 1569 2745 lice
1585 2710 1738 2755 prodiit
1757 2712 1865 2748 circa
1886 2721 2039 2748 annum
2055 2710 2172 2747 1612.
2185 2720 2300 2758 seqq.
2313 2709 2456 2748 trans-

1494 2771 1579 2807 lata
1600 2782 1624 2808 a
1653 2773 1909 2810 Praesidente
1939 2775 1980 2810 la
2012 2773 2157 2819 Bar-re,
2187 2773 2319 2810 latine
2359 2781 2456 2809 vero

1493 2833 1608 2869 dedit
1638 2833 1738 2871 God.
1768 2835 2056 2872 Henschenius
2083 2836 2128 2871 in
2147 2834 2264 2872 Actis
2285 2833 2456 2872 Sancto-

1494 2904 1586 2931 rum
1615 2895 1715 2932 tom.
1747 2897 1817 2932 111.
1848 2898 2007 2944 Aprilis
2038 2908 2076 2944 p.
2108 2897 2200 2934 334.
2230 2897 2274 2934 et
2319 2898 2456 2934 Vitam

1497 2955 1539 2991 S.
1578 2957 1728 2995 Vitatis
1750 2960 1889 3005 primi
1917 2959 2084 2997 Abbatis
2106 2958 2336 3007 Saviqneii.
2375 2959 2457 2996 Bu-

1494 3016 1595 3051 laeus
1624 3018 1728 3053 Hist.
1751 3018 1976 3056 Universit.
1997 3020 2246 3056 Parisiensis
2277 3019 2379 3057 tom.
2403 3019 2454 3055 11.

1496 3087 1532 3122 p.
1553 3077 1644 3115 775.
1660 3079 1864 3117 Robertus
1885 3082 1934 3117 de
1948 3081 2085 3118 Monte
2101 3081 2154 3118 ad
2166 3091 2321 3118 annum
2337 3082 2355 3118 1
2366 3080 2455 3118 178.

1549 3139 1854 3177 STEPHANUS
1884 3142 2212 3190 Rotomaqensis‚
2240 3142 2458 3180 Beccensis

1496 3201 1734 3247 monachus,
1762 3203 1870 3239 circa
1889 3212 2042 3239 annum
2066 3203 2184 3240 1160.
2203 3204 2324 3250 ouJus
2343 3212 2457 3239 com-

1497 3262 1612 3305 plura
1640 3262 1843 3300 habentur
1865 3264 1907 3298 in
1927 3262 2030 3299 Bibl.
2054 3261 2330 3309 Sangerman.
2352 3262 2448 3300 God.
