2533 4009
462 196 539 236 (3153
1089 177 1119 214 ll
1144 177 1172 214 1⁴]
1194 176 1221 214 Ν
1242 175 1282 212 R.

465 269 531 304 'l'ot
554 264 664 304 mala,
691 265 737 296 tot
757 264 895 302 poenas
920 246 1050 297 patior,
1074 248 1168 293 quod
1186 248 1215 281 si
1239 246 1319 290 quis
1337 255 1417 280 are-

892 324 895 327 '
1332 320 1416 345 nain

493 395 663 431 Conferat
690 391 724 424 in
750 395 916 426 numero,
940 382 1044 417 cedet
1069 389 1182 414 arena
1204 376 1311 413 mois.

466 461 604 498 l'auiua
632 457 678 492 sit
706 454 877 491 coelum;
914 449 988 483 siut
1019 446 1167 480 frondes
1195 442 1343 477 scriba:
1373 440 1420 476 sit

520 499 534 505 -
1323 507 1419 540 unda

489 591 733 626 lncaustrunm
752 582 848 617 mala
869 589 939 613 non
965 581 1086 611 nostra
1107 574 1252 608 referre
1274 574 1420 617 queant.

464 658 553 693 Tam
578 644 757 698 {grauibus
783 647 924 687 laedor,
947 643 1042 689 (prod
1073 652 1146 676 non
1168 640 1292 684 peiora
1317 639 1422 672 time-

1335 713 1395 737 sco
1411 728 1420 744 ‚

488 787 558 831 Qui
582 785 694 820 miser
710 785 763 817 est
779 787 933 814 summe.
952 776 1030 820 plus
1051 773 1163 807 miser
1183 780 1264 806 esse
1282 769 1418 813 nequit.

362 846 440 879 ¹2⁰·
468 854 520 889 Sit
545 851 739 887 male-licta
765 847 855 882 dies.
880 845 914 877 in
939 852 1007 886 qua
1030 837 1213 880 concepit,
1234 840 1271 870 et
1294 835 1414 879 inqua

489 919 549 955 Me
575 921 692 952 mater
717 915 871 959 peperit,
895 909 938 944 >it
963 906 1157 942 maledicta
1181 904 1273 937 dies.

466 984 520 1020 Sit
542 981 738 1017 maledicta
761 979 850 1012 dies.
871 985 940 1019 qua
964 972 1046 1007 >uxi
1072 975 1211 1015 pectus,
1233 972 1269 1003 et
1292 968 1327 1002 in
1347 978 1416 1012 qua

489 1050 530 1084 ln
550 1047 654 1082 cunis
678 1045 789 1087 sagii,
813 1042 860 1076 sit
885 1040 1079 1075 maledicta
1104 1036 1195 1069 dies.

469 1114 520 1149 Sit
546 1111 741 1148 maledieta
765 1108 857 1141 dies.
883 1104 989 1138 Yitae
1013 1104 1057 1137 de
1078 1106 1208 1135 ventre
1230 1098 1400 1143 sepulcro

490 1178 551 1214 Me
575 1177 844 1214 trasnuiiaswi,
867 1183 887 1204 o
911 1169 1022 1210 Deus,
1047 1168 1107 1202 illa
1131 1163 1238 1200 dies!

470 1244 563 1281 Cum
583 1242 693 1277 dabat
717 1239 829 1274 ubera
854 1241 987 1277 mater,
1012 1244 1055 1268 ne
1080 1232 1177 1268 mala
1202 1233 1300 1266 tanta
1325 1228 1425 1264 vide-

1317 1305 1397 1330 rem
1415 1321 1424 1337 ‚

489 1375 675 1411 Debuerat
699 1369 833 1415 iugulis
858 1366 1088 1413 prason-uisse
1110 1366 1230 1408 caput.

467 1441 613 1477 Mortua
638 1448 723 1474 nam
747 1436 883 1471 melius
911 1432 1143 1468 abscondere
1171 1428 1339 1463 membra
1367 1438 1426 1462 se-

1281 1494 1420 1538 pulcro,

496 1571 614 1615 Quam
640 1568 803 1604 vix-endo
827 1566 897 1611 pati
921 1562 1106 1600 deteriora
1130 1571 1231 1596 nece.

474 1638 611 1673 Omnia
634 1635 827 1670 coniurant
846 1633 882 1666 in
901 1642 970 1666 me.
994 1631 1101 1665 Pater
1122 1629 1218 1662 alme
1237 1626 1424 1668 misertim,

490 1702 689 1738 Succurras
714 1701 861 1742 misero,
886 1707 969 1741 spes
993 1706 1088 1736 mea,
1112 1702 1255 1728 summe
1279 1694 1399 1736 pater,

782 1829 894 1864 Lmen
919 1826 1113 1863 Ssscusnrs.

466 1933 647 2009 l)lange‚
672 1962 800 2006 miser,
825 1962 979 2007 palmas.
1006 1958 1170 1994 Ilenrice
1198 1955 1425 1997 miserrime,

1266 2023 1399 2066 plange
1416 2047 1424 2062 ‚

499 2099 542 2135 lii
565 2103 685 2144 eaput,
713 2102 746 2132 et
771 2098 860 2131 dura
886 2098 1034 2140 pectora
1060 2093 1207 2136 planae,
1231 2090 1357 2124 muer.

481 2168 540 2202 Me
561 2168 612 2201 sic
638 2164 850 2209 prixieuuni
876 2161 1103 2196 Rhamnusia
1128 2159 1206 2192 dira
1232 2165 1390 2193 noverca

503 2234 620 2267 Ardet
648 2232 682 2264 iu
707 2229 902 2263 horrendis
927 2233 1146 2272 perra-lunio
1170 2223 1290 2257 malis.

477 2297 542 2333 Est
571 2300 713 2331 lortuna
735 2294 824 2329 milii
849 2298 1023 2337 serpente
1045 2290 1225 2326 Feronior
1247 2287 1360 2330 omni,

502 2363 594 2399 Nam
618 2372 773 2406 serpens
799 2361 909 2401 suein
932 2363 964 2393 at
986 2357 1132 2401 saepius
1158 2355 1219 2389 illa
1249 2354 1362 2396 sugat.

471 2428 624 2472 Quando
649 2427 737 2463 milii
763 2427 896 2461 tribuet
913 2436 994 2459 sors
1011 2432 1187 2469 prospera
1206 2418 1431 2465 prosperita-

1325 2484 1432 2520 tem?

497 2561 574 2598 Non
600 2560 720 2603 hodie,
741 2569 813 2593 non
832 2569 928 2601 eras,
951 2557 1014 2592 sed
1039 2560 1139 2600 puto;
1160 2555 1281 2589 forsan
1307 2552 1408 2587 lieri.

476 2626 566 2662 Cum
591 2638 648 2662 nie
674 2626 883 2660 blandifero
907 2621 1125 2667 rexpexerit
1146 2620 1225 2656 alea
1252 2621 1373 2665 vultu,

502 2694 619 2734 Arne,
646 2697 742 2727 retro
767 2700 969 2734 properans
991 2690 1089 2723 sonte
1114 2697 1263 2722 recurre
1287 2691 1359 2721 tuo.

483 2758 601 2802 Quam
626 2758 720 2794 male
745 2757 946 2800 fructificat,
971 2765 1063 2801 quae
1087 2763 1277 2798 nunquam
1300 2750 1436 2794 floruit,

1296 2817 1439 2854 arbor?

507 2888 597 2935 Spes
621 2899 763 2934 quoque
791 2889 922 2923 messis
945 2888 1032 2932 abit,
1055 2898 1135 2922 cuin
1160 2887 1256 2922 male
1280 2896 1435 2930 germen

1345 2948 1435 2984 obil-

482 3021 513 3057 Ο
550 3020 690 3066 pudor!
721 3031 741 3056 ο
768 3019 906 3056 timor?
933 3030 952 3054 o
979 3017 1109 3054 dolor!
1140 3029 1160 3053 o
1188 3018 1285 3053 rnala
1314 3017 1434 3052 taedia

1309 3080 1433 3117 vitael

508 3150 537 3186 O
560 3161 683 3186 comes
705 3151 888 3192 assiduus,
913 3150 1064 3194 plusque
1089 3149 1211 3183 surore
1235 3148 1334 3182 furor
1355 3147 1362 3182 l

485 3215 578 3258 Quid
605 3216 766 3250 faciam?
792 3216 861 3249 Vos
884 3215 950 3250 lioc
980 3226 1060 3249 mea
1084 3216 1210 3257 dicite,
1243 3215 1348 3250 turba
1377 3215 1421 3248 ‹lo

1309 3281 1439 3324 lorum,

516 3346 606 3381 Nam
631 3356 693 3380 sos
716 3347 906 3385 auxilium.
931 3347 1199 3392 consiliumque
1223 3359 1357 3382 meum.

494 3411 524 3444 Ο
548 3410 669 3445 Deus!
694 3421 714 3445 o
735 3421 847 3454 quare
870 3412 988 3448 subito
1013 3414 1158 3448 fortuna
1183 3417 1300 3448 rotatu

1335 173 1828 212 SEPTIMELLEN.

1509 245 1647 279 Cuncta
1671 244 1899 281 molendinat
1922 244 2117 280 mobiliore
2139 250 2216 280 rota
2231 247 2247 278 ξ’

1484 308 1572 344 Sors
1595 309 1711 351 mala,
1735 319 1814 344 sors
1838 310 1953 354 peior,
1976 321 2056 346 sors
2079 310 2256 356 pessima,
2282 319 2436 356 sorsque
2461 335 2519 374 10·

2004 408 2008 414 .
2258 375 2436 420 maligna,

1510 440 1707 475 Facturum
1732 438 1827 484 turpi
1851 440 2020 484 protheat
2043 446 2122 478 arte
2145 445 2259 477 tuam.

1486 505 1605 543 Hauc,
1629 510 1744 549 pater,
1766 504 1860 540 lianc
1882 507 2063 551 animam,
2084 507 2222 542 misera
2237 515 2348 551 quam
2363 514 2444 541 car-

2199 581 2245 607 ne
2269 570 2443 610 recludis,

1513 638 1619 672 Hanc
1642 637 1818 682 lacrymis
1841 637 1989 681 plenam
2011 639 2172 684 suscipe,
2195 638 2310 674 redde
2333 636 2428 682 polo.

1488 704 1599 740 Alme
1628 713 1776 747 parenS,
1806 704 1988 748 animam,
2013 713 2123 748 quam
2152 714 2292 749 poenae
2319 707 2441 738 turma

2267 767 2442 812 flagellat,

1501 835 1669 879 Susffipe,
1692 844 1803 879 quam
1827 832 1970 879 Stygiis
1994 836 2105 869 occat
2126 832 2293 878 Erinnys
2316 831 2432 878 aquis.

1485 902 1603 943 Quam
1622 901 1705 935 serit
1727 900 1876 943 Alecto,
1897 908 2010 944 quam
2028 896 2245 943 Tliesipliou
2261 907 2379 943 aeque
2395 898 2448 933 sa-

2342 963 2446 1007 rigat,

1514 1028 1580 1063 Cui
1605 1028 1746 1064 fortuna
1777 1031 1900 1070 uocet,
1924 1036 2085 1072 quamve
2107 1026 2262 1070 Megera
2286 1025 2384 1060 serit.

1493 1092 1593 1138 Ergo
1612 1096 1712 1138 pium
1737 1094 1856 1139 pietas
1881 1097 1915 1129 te
1940 1093 2085 1135 reddat,
2108 1096 2145 1126 ut
2166 1089 2279 1136 impia
2303 1092 2427 1126 cesset

1516 1161 1660 1204 Alecto,
1684 1159 1861 1193 miserum
1884 1167 1978 1203 quae
2000 1159 2167 1193 lacerare
2185 1155 2297 1200 cupit.

1495 1225 1549 1260 'l'u
1572 1236 1714 1271 quoque
1731 1224 1861 1260 vesani
1879 1224 2156 1269 promptissima
2173 1233 2281 1258 causa
2299 1221 2447 1262 doloris,

1518 1291 1713 1334 Ausculta,
1736 1295 1771 1326 et
1793 1291 1962 1334 sceleris,
1985 1288 2142 1334 perlida,
2157 1289 2247 1324 siste
2270 1292 2400 1323 rotam.

1497 1356 1725 1392 'Verberibus
1754 1365 1933 1401 praeceps
1961 1355 2053 1391 diris
2080 1354 2238 1400 fortuna,
2265 1353 2351 1400 quid
2379 1352 2448 1388 hoo

2364 1423 2446 1465 est,

1516 1488 1619 1531 Quod
1639 1492 1746 1534 caput
1769 1488 1903 1534 affligis
1926 1488 2104 1525 insidiosa
2126 1497 2249 1524 meum
2268 1487 2285 1522 ‘2

1492 1555 1572 1597 Quo
1596 1556 1707 1600 rapis,
1730 1566 1748 1590 o
1772 1556 1862 1599 seia,
1883 1565 1943 1590 me
1958 1554 1975 1588 ‘3
1998 1553 2176 1591 Croesum
2197 1551 2299 1598 facis,
2323 1551 2449 1598 impia,

2262 1619 2450 1655 Codrum:

1517 1686 1672 1722 Nestora
1694 1685 1920 1732 Tliersitem,
1943 1685 2086 1731 turpius
2108 1696 2196 1722 ausa
2220 1686 2334 1723 nefas.

1494 1753 1682 1800 Numquid
1710 1765 1779 1799 ego
1805 1752 2006 1789 Scarioth?
2032 1753 2210 1798 numquid
2237 1762 2318 1788 snm
2359 1753 2454 1790 Pon·

2233 1818 2329 1856 tius?
2354 1821 2452 1856 unde

1520 1889 1614 1924 Tam
1641 1888 1810 1931 graviter
1832 1887 1952 1923 merui
1976 1889 2075 1922 tanta
2097 1885 2245 1930 flagella
2268 1883 2374 1930 pati?

1497 1956 1615 1991 Stulta
1638 1954 1722 1999 quid
1747 1953 1887 1988 insanis
1911 1956 2018 1997 caput
2040 1951 2106 1987 hoc
2121 1951 2138 1986 2
2158 1955 2267 1998 caput
2286 1951 2353 1987 hoo
2367 1951 2455 1998 quid

2269 2017 2456 2054 acerbas?

1524 2088 1622 2123 Pone
1646 2088 1795 2123 modum
1817 2087 1966 2129 sceleri,
1991 2085 2142 2130 persida,
2165 2095 2259 2130 pone
2282 2086 2444 2130 modum,

1501 2157 1683 2192 Deficiunt
1707 2154 1799 2189 alii?
1821 2154 1880 2189 Me
1902 2154 2020 2188 solum
2042 2152 2119 2187 sola
2142 2151 2289 2195 fatigas,
2482 2166 2528 2203 20

1529 2220 1599 2256 Sed
1624 2221 1752 2255 rideas
1773 2218 1858 2265 quid
1883 2229 1987 2262 agas,
2011 2216 2099 2254 ultio
2122 2227 2205 2253 rara
2229 2218 2336 2262 perit.

1502 2287 1676 2330 I'rospiee
1701 2297 1745 2321 ne
1769 2290 1826 2320 tua
1852 2289 1885 2320 te
1908 2294 2110 2328 poenarum
2135 2282 2239 2320 turha
2260 2283 2430 2328 sagittet;

1525 2352 1619 2387 Nam
1644 2352 1727 2387 serit
1751 2355 1913 2386 actorem
1936 2359 2047 2394 saepe
2066 2349 2200 2394 sagitta
2219 2359 2338 2385 suum.

1500 2417 1582 2453 Heu
1606 2418 1692 2462 quid
1718 2416 1828 2461 agis?
1848 2415 1935 2461 quid
1965 2414 2076 2460 agis?
2109 2415 2226 2461 quid?
2251 2425 2312 2450 me
2345 2415 2430 2461 quid
2448 2441 2458 2459 ‚

2111 2479 2274 2526 perlida,
2301 2480 2427 2526 perdis
2441 2479 2458 2514 ‘2

1525 2550 1622 2586 Pone
1647 2550 1795 2585 modum
1819 2548 1967 2592 sceleri,
1991 2547 2128 2593 perlida
2153 2557 2246 2592 pone
2274 2546 2435 2582 modum.

1505 2618 1569 2653 Die
1590 2616 1679 2651 milii
1703 2617 1799 2661 quod
1824 2614 1924 2650 feci?
1950 2614 2146 2659 Responde
2165 2613 2291 2657 lingua
2311 2612 2457 2655 dolosa;

1528 2683 1724 2727 Rem-‚nde
1749 2692 1811 2725 per
1832 2691 1929 2723 eum,
1956 2679 2016 2726 qui
2039 2690 2153 2724 super
2173 2683 2272 2716 astra
2294 2679 2413 2721 sedet,

1506 2749 1542 2783 Si
1567 2748 1688 2792 nobis,
1712 2757 1862 2786 vesana,
1886 2747 1949 2790 tui,
1973 2746 2003 2781 si
2026 2745 2132 2790 copia
2152 2745 2273 2789 detur,

1532 2814 1740 2850 Dilacerata
1765 2812 1853 2847 seris
1877 2812 2031 2856 turpiter
2049 2821 2133 2847 esca
2156 2810 2266 2846 sores.

1509 2880 1600 2923 Quis
1625 2878 1757 2914 furor?
1779 2879 1877 2914 unde
1906 2877 2027 2915 suris?
2052 2877 2139 2924 quid
2162 2887 2220 2913 me
2248 2876 2384 2912 furiosa
2409 2874 2463 2911 la·

2318 2941 2465 2978 cessis?

1531 3013 1632 3049 Pone
1652 3013 1800 3049 modum
1822 3011 1970 3055 sceleri,
1994 3009 2159 3055 persida;
2183 3017 2278 3054 pone
2304 3007 2462 3044 modum.

1510 3077 1664 3114 'salibus
1686 3079 1775 3114 orba
1795 3088 1881 3113 suas
1908 3078 2018 3112 dictis
2041 3077 2116 3112 Dea
2140 3074 2312 3120 praebuit
2332 3083 2453 3110 aures.

1532 3146 1632 3181 Ilaec
1653 3145 1719 3189 ait,
1737 3149 1772 3180 et
1791 3144 1954 3179 celerem
1973 3142 2128 3177 circinat
2147 3141 2226 3186 ipsa
2249 3144 2380 3176 rotam.

1508 3211 1602 3254 Quid
1628 3220 1709 3245 inea
1726 3210 1889 3244 mordaci
1907 3210 2048 3244 laceras
2065 3216 2158 3250 vaga
2174 3205 2245 3242 tata
2261 3204 2462 3246 Catonem,

1533 3279 1649 3321 Quem
1667 3277 1741 3310 sore
1759 3277 1839 3320 ptus
1853 3275 2003 3318 misero,
2021 3274 2175 3318 plusque
2190 3270 2339 3306 dolente
2353 3265 2464 3303 dedi?

1513 3344 1643 3379 Nonne
1666 3352 1746 3377 meu
1770 3342 1895 3376 mundi
1919 3339 2142 3375 clauduntur
2163 3345 2278 3379 regna
2301 3332 2464 3380 pugillo?

1536 3408 1664 3444 Nonne
1677 3398 2462 3454 meumregnumclimatacunctatremunt?
