<?xml version="1.0" encoding="UTF-8"?>
<!DOCTYPE html PUBLIC "-//W3C//DTD XHTML 1.0 Transitional//EN"
    "http://www.w3.org/TR/xhtml1/DTD/xhtml1-transitional.dtd">
<html xmlns="http://www.w3.org/1999/xhtml" xml:lang="en" lang="en">
 <head>
  <title>
</title>
<meta http-equiv="Content-Type" content="text/html;charset=utf-8" />
  <meta name='ocr-system' content='tesseract 3.04.00' />
  <meta name='ocr-capabilities' content='ocr_page ocr_carea ocr_par ocr_line ocrx_word'/>
</head>
<body>
  <div class='ocr_page' id='page_1' title='image "./bibliothecalatin05fabruoft/bibliothecalatin05fabruoft_0587.png"; bbox 0 0 2517 4009; ppageno 0'>
   <div class='ocr_carea' id='block_1_1' title="bbox 827 215 1311 258">
    <p class='ocr_par' dir='ltr' id='par_1_1' title="bbox 827 215 1311 258">
     <span class='ocr_line' id='line_1_1' title="bbox 827 215 1311 258; baseline 0.002 -1"><span class='ocrx_word' id='word_1_1' title='bbox 827 215 1311 258; x_wconf 83' lang='lat' dir='ltr'>VERNHERIUS</span> 
     </span>
    </p>
   </div>
   <div class='ocr_carea' id='block_1_2' title="bbox 59 285 1072 2967">
    <p class='ocr_par' dir='ltr' id='par_1_2' title="bbox 59 285 1054 1454">
     <span class='ocr_line' id='line_1_2' title="bbox 83 285 1041 340; baseline 0.003 -15"><span class='ocrx_word' id='word_1_2' title='bbox 83 285 325 327; x_wconf 81' lang='lat' dir='ltr'>stancissimi</span> <span class='ocrx_word' id='word_1_3' title='bbox 340 286 422 326; x_wconf 82' lang='lat' dir='ltr'>viri</span> <span class='ocrx_word' id='word_1_4' title='bbox 444 289 564 339; x_wconf 85' lang='lat' dir='ltr'>atque</span> <span class='ocrx_word' id='word_1_5' title='bbox 596 287 732 340; x_wconf 68' lang='lat' dir='ltr'>optimi</span> <span class='ocrx_word' id='word_1_6' title='bbox 765 289 925 330; x_wconf 83' lang='lat' dir='ltr'>Patres:</span> <span class='ocrx_word' id='word_1_7' title='bbox 951 300 1041 329; x_wconf 86' lang='lat' dir='ltr'>cum</span> 
     </span>
     <span class='ocr_line' id='line_1_3' title="bbox 85 347 1044 405; baseline 0.005 -17"><span class='ocrx_word' id='word_1_8' title='bbox 85 347 186 388; x_wconf 84' lang='lat' dir='ltr'>bona</span> <span class='ocrx_word' id='word_1_9' title='bbox 200 350 318 390; x_wconf 85' lang='lat' dir='ltr'>venia</span> <span class='ocrx_word' id='word_1_10' title='bbox 340 353 493 398; x_wconf 55' lang='lat' dir='ltr'>vestrm·</span> <span class='ocrx_word' id='word_1_11' title='bbox 510 354 572 389; x_wconf 87' lang='lat' dir='ltr'>est</span> <span class='ocrx_word' id='word_1_12' title='bbox 589 355 722 390; x_wconf 89' lang='lat' dir='ltr'>tamen</span> <span class='ocrx_word' id='word_1_13' title='bbox 744 352 851 392; x_wconf 90' lang='lat' dir='ltr'>idem</span> <span class='ocrx_word' id='word_1_14' title='bbox 874 363 974 405; x_wconf 90' lang='lat' dir='ltr'>opus</span> <span class='ocrx_word' id='word_1_15' title='bbox 999 364 1044 392; x_wconf 89' lang='lat' dir='ltr'>ac</span> 
     </span>
     <span class='ocr_line' id='line_1_4' title="bbox 85 412 1044 467; baseline 0.003 -16"><span class='ocrx_word' id='word_1_16' title='bbox 85 414 302 451; x_wconf 90' lang='lat' dir='ltr'>orationem</span> <span class='ocrx_word' id='word_1_17' title='bbox 322 414 358 450; x_wconf 94' lang='lat' dir='ltr'>in</span> <span class='ocrx_word' id='word_1_18' title='bbox 380 412 539 452; x_wconf 90' lang='lat' dir='ltr'>laudem</span> <span class='ocrx_word' id='word_1_19' title='bbox 558 414 596 453; x_wconf 92' lang='lat' dir='ltr'>S.</span> <span class='ocrx_word' id='word_1_20' title='bbox 615 415 857 465; x_wconf 72' lang='lat' dir='ltr'>Hieronymi,</span> <span class='ocrx_word' id='word_1_21' title='bbox 874 427 1044 467; x_wconf 87' lang='lat' dir='ltr'>quarum</span> 
     </span>
     <span class='ocr_line' id='line_1_5' title="bbox 85 476 1044 529; baseline 0.003 -16"><span class='ocrx_word' id='word_1_22' title='bbox 85 485 206 526; x_wconf 89' lang='lat' dir='ltr'>supra</span> <span class='ocrx_word' id='word_1_23' title='bbox 239 487 289 513; x_wconf 82' lang='lat' dir='ltr'>ex</span> <span class='ocrx_word' id='word_1_24' title='bbox 310 476 520 514; x_wconf 88' lang='lat' dir='ltr'>Muratorio</span> <span class='ocrx_word' id='word_1_25' title='bbox 544 478 719 516; x_wconf 90' lang='lat' dir='ltr'>memini.</span> <span class='ocrx_word' id='word_1_26' title='bbox 753 477 810 516; x_wconf 81' lang='lat' dir='ltr'>lbi</span> <span class='ocrx_word' id='word_1_27' title='bbox 832 480 980 529; x_wconf 87' lang='lat' dir='ltr'>pariter</span> <span class='ocrx_word' id='word_1_28' title='bbox 1004 479 1044 516; x_wconf 88' lang='lat' dir='ltr'>in</span> 
     </span>
     <span class='ocr_line' id='line_1_6' title="bbox 85 537 1047 580; baseline 0.003 -4"><span class='ocrx_word' id='word_1_29' title='bbox 85 537 178 577; x_wconf 91' lang='lat' dir='ltr'>Cod.</span> <span class='ocrx_word' id='word_1_30' title='bbox 204 537 296 575; x_wconf 76' lang='grc'><strong>601.</strong></span> <span class='ocrx_word' id='word_1_31' title='bbox 320 538 457 576; x_wconf 89' lang='lat' dir='ltr'>Latino</span> <span class='ocrx_word' id='word_1_32' title='bbox 477 543 589 578; x_wconf 81' lang='lat' dir='ltr'>extat</span> <span class='ocrx_word' id='word_1_33' title='bbox 615 540 788 580; x_wconf 79' lang='lat' dir='ltr'><em>Carmen</em></span> <span class='ocrx_word' id='word_1_34' title='bbox 807 539 855 579; x_wconf 91' lang='lat' dir='ltr'>ad</span> <span class='ocrx_word' id='word_1_35' title='bbox 887 541 1047 579; x_wconf 86' lang='lat' dir='ltr'>Franci-</span> 
     </span>
     <span class='ocr_line' id='line_1_7' title="bbox 85 598 1043 652; baseline 0.003 -13"><span class='ocrx_word' id='word_1_36' title='bbox 85 611 199 639; x_wconf 90' lang='lat' dir='ltr'>scum</span> <span class='ocrx_word' id='word_1_37' title='bbox 237 599 286 639; x_wconf 91' lang='lat' dir='ltr'>de</span> <span class='ocrx_word' id='word_1_38' title='bbox 319 598 497 640; x_wconf 87' lang='lat' dir='ltr'>Carraria</span> <span class='ocrx_word' id='word_1_39' title='bbox 536 613 656 652; x_wconf 89' lang='lat' dir='ltr'>super</span> <span class='ocrx_word' id='word_1_40' title='bbox 692 603 822 642; x_wconf 86' lang='lat' dir='ltr'>reditu</span> <span class='ocrx_word' id='word_1_41' title='bbox 861 607 1043 642; x_wconf 88' lang='lat' dir='ltr'>natorum</span> 
     </span>
     <span class='ocr_line' id='line_1_8' title="bbox 84 663 1043 717; baseline 0.003 -16"><span class='ocrx_word' id='word_1_42' title='bbox 84 663 171 702; x_wconf 89' lang='lat' dir='ltr'>eius</span> <span class='ocrx_word' id='word_1_43' title='bbox 191 663 388 702; x_wconf 86' lang='lat' dir='ltr'>Francisci</span> <span class='ocrx_word' id='word_1_44' title='bbox 412 668 453 702; x_wconf 86' lang='lat' dir='ltr'>et</span> <span class='ocrx_word' id='word_1_45' title='bbox 472 664 604 704; x_wconf 89' lang='lat' dir='ltr'>Jacobi</span> <span class='ocrx_word' id='word_1_46' title='bbox 641 678 690 704; x_wconf 81' lang='lat' dir='ltr'>ex</span> <span class='ocrx_word' id='word_1_47' title='bbox 723 666 855 705; x_wconf 87' lang='lat' dir='ltr'>hostili</span> <span class='ocrx_word' id='word_1_48' title='bbox 878 667 1043 717; x_wconf 87' lang='lat' dir='ltr'>captivi-</span> 
     </span>
     <span class='ocr_line' id='line_1_9' title="bbox 85 726 1047 780; baseline 0.004 -16"><span class='ocrx_word' id='word_1_49' title='bbox 85 730 180 765; x_wconf 88' lang='lat' dir='ltr'>tate.</span> <span class='ocrx_word' id='word_1_50' title='bbox 204 726 384 777; x_wconf 89' lang='lat' dir='ltr'>Denique</span> <span class='ocrx_word' id='word_1_51' title='bbox 409 726 564 767; x_wconf 87' lang='lat' dir='ltr'>Arriani</span> <span class='ocrx_word' id='word_1_52' title='bbox 607 729 846 780; x_wconf 86' lang='lat' dir='ltr'>opusculum</span> <span class='ocrx_word' id='word_1_53' title='bbox 882 729 930 767; x_wconf 91' lang='lat' dir='ltr'>de</span> <span class='ocrx_word' id='word_1_54' title='bbox 956 728 1047 768; x_wconf 86' lang='lat' dir='ltr'>Ale·</span> 
     </span>
     <span class='ocr_line' id='line_1_10' title="bbox 85 787 1047 843; baseline 0.001 -15"><span class='ocrx_word' id='word_1_55' title='bbox 85 787 228 828; x_wconf 83' lang='lat' dir='ltr'>xandri</span> <span class='ocrx_word' id='word_1_56' title='bbox 252 791 378 840; x_wconf 81' lang='lat' dir='ltr'>Magni</span> <span class='ocrx_word' id='word_1_57' title='bbox 408 791 542 830; x_wconf 86' lang='lat' dir='ltr'>Indica</span> <span class='ocrx_word' id='word_1_58' title='bbox 578 793 826 843; x_wconf 82' lang='lat' dir='ltr'>expositione</span> <span class='ocrx_word' id='word_1_59' title='bbox 851 803 871 829; x_wconf 90' lang='lat' dir='ltr'>e</span> <span class='ocrx_word' id='word_1_60' title='bbox 896 790 1047 830; x_wconf 87' lang='lat' dir='ltr'>Graeco</span> 
     </span>
     <span class='ocr_line' id='line_1_11' title="bbox 87 851 1051 904; baseline 0.002 -15"><span class='ocrx_word' id='word_1_61' title='bbox 87 852 126 890; x_wconf 89' lang='lat' dir='ltr'>in</span> <span class='ocrx_word' id='word_1_62' title='bbox 162 851 328 891; x_wconf 89' lang='lat' dir='ltr'>latinum</span> <span class='ocrx_word' id='word_1_63' title='bbox 354 855 524 893; x_wconf 87' lang='lat' dir='ltr'>vertisse</span> <span class='ocrx_word' id='word_1_64' title='bbox 554 859 731 901; x_wconf 86' lang='lat' dir='ltr'>constat,</span> <span class='ocrx_word' id='word_1_65' title='bbox 754 865 874 904; x_wconf 91' lang='lat' dir='ltr'>quam</span> <span class='ocrx_word' id='word_1_66' title='bbox 899 854 1051 892; x_wconf 88' lang='lat' dir='ltr'>versio-</span> 
     </span>
     <span class='ocr_line' id='line_1_12' title="bbox 88 915 1049 967; baseline 0.001 -14"><span class='ocrx_word' id='word_1_67' title='bbox 88 925 181 953; x_wconf 88' lang='lat' dir='ltr'>nem</span> <span class='ocrx_word' id='word_1_68' title='bbox 200 919 336 966; x_wconf 81' lang='lat' dir='ltr'>utpote</span> <span class='ocrx_word' id='word_1_69' title='bbox 352 915 529 955; x_wconf 90' lang='lat' dir='ltr'>barbaris</span> <span class='ocrx_word' id='word_1_70' title='bbox 545 917 768 963; x_wconf 82' lang='lat' dir='ltr'>Germanis,</span> <span class='ocrx_word' id='word_1_71' title='bbox 787 916 912 967; x_wconf 83' lang='lat' dir='ltr'>magis</span> <span class='ocrx_word' id='word_1_72' title='bbox 928 927 1049 966; x_wconf 88' lang='lat' dir='ltr'>quam</span> 
     </span>
     <span class='ocr_line' id='line_1_13' title="bbox 89 977 1053 1026; baseline -0.001 -9"><span class='ocrx_word' id='word_1_73' title='bbox 89 977 226 1017; x_wconf 88' lang='lat' dir='ltr'>latinis</span> <span class='ocrx_word' id='word_1_74' title='bbox 251 978 416 1018; x_wconf 82' lang='lat' dir='ltr'>auribus</span> <span class='ocrx_word' id='word_1_75' title='bbox 432 979 602 1018; x_wconf 82' lang='lat' dir='ltr'>dulciter</span> <span class='ocrx_word' id='word_1_76' title='bbox 625 981 897 1026; x_wconf 81' lang='lat' dir='ltr'>insonantem,</span> <span class='ocrx_word' id='word_1_77' title='bbox 924 991 944 1017; x_wconf 92' lang='lat' dir='ltr'>e</span> <span class='ocrx_word' id='word_1_78' title='bbox 969 990 1053 1017; x_wconf 91' lang='lat' dir='ltr'>ma-</span> 
     </span>
     <span class='ocr_line' id='line_1_14' title="bbox 96 1040 1054 1081; baseline 0.001 -2"><span class='ocrx_word' id='word_1_79' title='bbox 96 1041 214 1080; x_wconf 89' lang='lat' dir='ltr'>nibus</span> <span class='ocrx_word' id='word_1_80' title='bbox 264 1040 570 1081; x_wconf 89' lang='lat' dir='ltr'>delicatulorum</span> <span class='ocrx_word' id='word_1_81' title='bbox 614 1041 896 1081; x_wconf 77' lang='lat' dir='ltr'>excutiendam</span> <span class='ocrx_word' id='word_1_82' title='bbox 942 1047 1054 1081; x_wconf 89' lang='lat' dir='ltr'>ratus</span> 
     </span>
     <span class='ocr_line' id='line_1_15' title="bbox 91 1102 1054 1154; baseline 0 -12"><span class='ocrx_word' id='word_1_83' title='bbox 91 1102 422 1143; x_wconf 77' lang='lat' dir='ltr'>Bartholomaeus</span> <span class='ocrx_word' id='word_1_84' title='bbox 449 1105 610 1151; x_wconf 59' lang='lat' dir='ltr'>tacius,</span> <span class='ocrx_word' id='word_1_85' title='bbox 636 1115 750 1143; x_wconf 91' lang='lat' dir='ltr'>suam</span> <span class='ocrx_word' id='word_1_86' title='bbox 774 1105 857 1154; x_wconf 85' lang='lat' dir='ltr'>ipse</span> <span class='ocrx_word' id='word_1_87' title='bbox 887 1104 1054 1143; x_wconf 88' lang='lat' dir='ltr'>adorna-</span> 
     </span>
     <span class='ocr_line' id='line_1_16' title="bbox 88 1166 1052 1216; baseline 0.001 -13"><span class='ocrx_word' id='word_1_88' title='bbox 88 1166 160 1214; x_wconf 89' lang='lat' dir='ltr'>vit,</span> <span class='ocrx_word' id='word_1_89' title='bbox 185 1176 305 1215; x_wconf 91' lang='lat' dir='ltr'>quam</span> <span class='ocrx_word' id='word_1_90' title='bbox 331 1166 510 1204; x_wconf 89' lang='lat' dir='ltr'>vicissim</span> <span class='ocrx_word' id='word_1_91' title='bbox 546 1167 609 1205; x_wconf 90' lang='lat' dir='ltr'>aiii</span> <span class='ocrx_word' id='word_1_92' title='bbox 637 1166 934 1216; x_wconf 80' lang='lat' dir='ltr'>improbandam</span> <span class='ocrx_word' id='word_1_93' title='bbox 960 1178 1052 1206; x_wconf 88' lang='lat' dir='ltr'>cen-</span> 
     </span>
     <span class='ocr_line' id='line_1_17' title="bbox 88 1226 1052 1268; baseline 0.001 -2"><span class='ocrx_word' id='word_1_94' title='bbox 88 1231 270 1266; x_wconf 89' lang='lat' dir='ltr'>suerunt.</span> <span class='ocrx_word' id='word_1_95' title='bbox 297 1226 394 1266; x_wconf 86' lang='lat' dir='ltr'>Vide</span> <span class='ocrx_word' id='word_1_96' title='bbox 435 1229 657 1268; x_wconf 80' lang='lat' dir='ltr'>Fabricium</span> <span class='ocrx_word' id='word_1_97' title='bbox 690 1229 876 1268; x_wconf 88' lang='lat' dir='ltr'>Biblioth.</span> <span class='ocrx_word' id='word_1_98' title='bbox 901 1229 1052 1268; x_wconf 89' lang='lat' dir='ltr'>Graeca</span> 
     </span>
     <span class='ocr_line' id='line_1_18' title="bbox 90 1289 1052 1341; baseline 0.001 -13"><span class='ocrx_word' id='word_1_99' title='bbox 90 1290 134 1328; x_wconf 89' lang='lat' dir='ltr'>T.</span> <span class='ocrx_word' id='word_1_100' title='bbox 167 1290 232 1328; x_wconf 84' lang='lat'>111.</span> <span class='ocrx_word' id='word_1_101' title='bbox 259 1300 345 1340; x_wconf 85' lang='lat' dir='ltr'>pag.</span> <span class='ocrx_word' id='word_1_102' title='bbox 368 1289 447 1330; x_wconf 90' lang='grc'>269</span> <span class='ocrx_word' id='word_1_103' title='bbox 479 1302 557 1341; x_wconf 91' lang='lat' dir='ltr'>quo</span> <span class='ocrx_word' id='word_1_104' title='bbox 584 1294 704 1331; x_wconf 88' lang='lat' dir='ltr'>etiarn</span> <span class='ocrx_word' id='word_1_105' title='bbox 727 1291 895 1330; x_wconf 83' lang='lat' dir='ltr'>docente</span> <span class='ocrx_word' id='word_1_106' title='bbox 922 1292 1052 1330; x_wconf 90' lang='lat' dir='ltr'>versio</span> 
     </span>
     <span class='ocr_line' id='line_1_19' title="bbox 59 1352 1051 1406; baseline 0.002 -16"><span class='ocrx_word' id='word_1_107' title='bbox 59 1378 65 1384; x_wconf 85' lang='lat'><em>·</em></span> <span class='ocrx_word' id='word_1_108' title='bbox 89 1352 164 1391; x_wconf 90' lang='lat' dir='ltr'>ista</span> <span class='ocrx_word' id='word_1_109' title='bbox 209 1352 386 1402; x_wconf 88' lang='lat' dir='ltr'>Vergerii</span> <span class='ocrx_word' id='word_1_110' title='bbox 430 1364 654 1404; x_wconf 87' lang='lat' dir='ltr'>numquam</span> <span class='ocrx_word' id='word_1_111' title='bbox 697 1356 806 1406; x_wconf 81' lang='lat' dir='ltr'>typis</span> <span class='ocrx_word' id='word_1_112' title='bbox 853 1353 1051 1406; x_wconf 83' lang='lat' dir='ltr'>prodiisse</span> 
     </span>
     <span class='ocr_line' id='line_1_20' title="bbox 92 1414 215 1454; baseline -0.016 -1"><span class='ocrx_word' id='word_1_113' title='bbox 92 1414 215 1454; x_wconf 92' lang='lat' dir='ltr'>disco.</span> 
     </span>
    </p>

    <p class='ocr_par' dir='ltr' id='par_1_3' title="bbox 90 1478 1064 2206">
     <span class='ocr_line' id='line_1_21' title="bbox 139 1478 1056 1529; baseline 0.003 -14"><span class='ocrx_word' id='word_1_114' title='bbox 139 1478 242 1516; x_wconf 87' lang='lat' dir='ltr'>Haec</span> <span class='ocrx_word' id='word_1_115' title='bbox 262 1481 473 1528; x_wconf 80' lang='lat' dir='ltr'>postquam</span> <span class='ocrx_word' id='word_1_116' title='bbox 499 1480 639 1529; x_wconf 86' lang='lat' dir='ltr'>scripsi</span> <span class='ocrx_word' id='word_1_117' title='bbox 664 1479 803 1518; x_wconf 87' lang='lat' dir='ltr'>incidit</span> <span class='ocrx_word' id='word_1_118' title='bbox 840 1481 877 1518; x_wconf 86' lang='lat' dir='ltr'>in</span> <span class='ocrx_word' id='word_1_119' title='bbox 911 1491 1056 1519; x_wconf 90' lang='lat' dir='ltr'>manus</span> 
     </span>
     <span class='ocr_line' id='line_1_22' title="bbox 98 1540 1057 1591; baseline 0.002 -11"><span class='ocrx_word' id='word_1_120' title='bbox 98 1550 210 1580; x_wconf 82' lang='lat' dir='ltr'>meas</span> <span class='ocrx_word' id='word_1_121' title='bbox 233 1540 293 1579; x_wconf 91' lang='lat' dir='ltr'>Cl.</span> <span class='ocrx_word' id='word_1_122' title='bbox 317 1541 410 1579; x_wconf 89' lang='lat' dir='ltr'>Zeni</span> <span class='ocrx_word' id='word_1_123' title='bbox 434 1552 535 1591; x_wconf 89' lang='lat' dir='ltr'>opus</span> <span class='ocrx_word' id='word_1_124' title='bbox 551 1541 710 1580; x_wconf 84' lang='lat' dir='ltr'>dissert.</span> <span class='ocrx_word' id='word_1_125' title='bbox 735 1542 952 1581; x_wconf 87' lang='lat' dir='ltr'>Vossianae</span> <span class='ocrx_word' id='word_1_126' title='bbox 969 1544 1010 1581; x_wconf 93' lang='lat' dir='ltr'>T.</span> <span class='ocrx_word' id='word_1_127' title='bbox 1029 1543 1057 1582; x_wconf 92' lang='grc' dir='ltr'>Ι.</span> 
     </span>
     <span class='ocr_line' id='line_1_23' title="bbox 93 1601 1058 1654; baseline 0.003 -14"><span class='ocrx_word' id='word_1_128' title='bbox 93 1614 182 1654; x_wconf 86' lang='lat' dir='ltr'>pag.</span> <span class='ocrx_word' id='word_1_129' title='bbox 205 1601 248 1641; x_wconf 66' lang='lat'>51</span> <span class='ocrx_word' id='word_1_130' title='bbox 291 1606 369 1642; x_wconf 90' lang='lat' dir='ltr'>etc.</span> <span class='ocrx_word' id='word_1_131' title='bbox 400 1614 450 1642; x_wconf 81' lang='lat' dir='ltr'>ex</span> <span class='ocrx_word' id='word_1_132' title='bbox 475 1614 554 1653; x_wconf 92' lang='lat' dir='ltr'>quo</span> <span class='ocrx_word' id='word_1_133' title='bbox 578 1604 694 1654; x_wconf 88' lang='lat' dir='ltr'>plura</span> <span class='ocrx_word' id='word_1_134' title='bbox 728 1603 823 1643; x_wconf 88' lang='lat' dir='ltr'>mihi</span> <span class='ocrx_word' id='word_1_135' title='bbox 857 1605 1058 1654; x_wconf 84' lang='lat' dir='ltr'>incognita</span> 
     </span>
     <span class='ocr_line' id='line_1_24' title="bbox 96 1663 1056 1716; baseline 0.002 -13"><span class='ocrx_word' id='word_1_136' title='bbox 96 1663 145 1703; x_wconf 92' lang='lat' dir='ltr'>de</span> <span class='ocrx_word' id='word_1_137' title='bbox 176 1663 251 1703; x_wconf 90' lang='lat' dir='ltr'>hoc</span> <span class='ocrx_word' id='word_1_138' title='bbox 277 1663 465 1715; x_wconf 85' lang='lat' dir='ltr'>Vergerio</span> <span class='ocrx_word' id='word_1_139' title='bbox 489 1664 622 1704; x_wconf 92' lang='lat' dir='ltr'>didici.</span> <span class='ocrx_word' id='word_1_140' title='bbox 641 1666 765 1716; x_wconf 83' lang='lat' dir='ltr'>Igitur</span> <span class='ocrx_word' id='word_1_141' title='bbox 784 1667 1056 1716; x_wconf 87' lang='lat' dir='ltr'>Epistolarum</span> 
     </span>
     <span class='ocr_line' id='line_1_25' title="bbox 90 1726 1055 1778; baseline -0.001 -11"><span class='ocrx_word' id='word_1_142' title='bbox 90 1727 265 1777; x_wconf 88' lang='lat' dir='ltr'>Vergerii</span> <span class='ocrx_word' id='word_1_143' title='bbox 287 1726 474 1766; x_wconf 90' lang='lat' dir='ltr'>Codicem</span> <span class='ocrx_word' id='word_1_144' title='bbox 503 1728 682 1767; x_wconf 89' lang='lat' dir='ltr'>nondum</span> <span class='ocrx_word' id='word_1_145' title='bbox 707 1728 869 1778; x_wconf 90' lang='lat' dir='ltr'>quidem</span> <span class='ocrx_word' id='word_1_146' title='bbox 903 1728 1055 1767; x_wconf 85' lang='lat' dir='ltr'>editum</span> 
     </span>
     <span class='ocr_line' id='line_1_26' title="bbox 95 1789 1059 1841; baseline 0.001 -12"><span class='ocrx_word' id='word_1_147' title='bbox 95 1789 226 1829; x_wconf 88' lang='lat' dir='ltr'>adhuc</span> <span class='ocrx_word' id='word_1_148' title='bbox 256 1793 390 1829; x_wconf 88' lang='lat' dir='ltr'>tamen</span> <span class='ocrx_word' id='word_1_149' title='bbox 417 1801 631 1840; x_wconf 87' lang='lat' dir='ltr'>superesse</span> <span class='ocrx_word' id='word_1_150' title='bbox 669 1790 772 1841; x_wconf 89' lang='lat' dir='ltr'>apud</span> <span class='ocrx_word' id='word_1_151' title='bbox 801 1792 858 1830; x_wconf 88' lang='lat' dir='ltr'>Cl.</span> <span class='ocrx_word' id='word_1_152' title='bbox 882 1793 1059 1830; x_wconf 88' lang='lat' dir='ltr'>Brunac-</span> 
     </span>
     <span class='ocr_line' id='line_1_27' title="bbox 95 1853 1060 1902; baseline 0.001 -10"><span class='ocrx_word' id='word_1_153' title='bbox 95 1855 201 1892; x_wconf 88' lang='lat' dir='ltr'>cium</span> <span class='ocrx_word' id='word_1_154' title='bbox 236 1863 345 1892; x_wconf 89' lang='lat' dir='ltr'>nunc</span> <span class='ocrx_word' id='word_1_155' title='bbox 378 1853 557 1902; x_wconf 85' lang='lat' dir='ltr'>primum</span> <span class='ocrx_word' id='word_1_156' title='bbox 596 1854 689 1892; x_wconf 90' lang='lat' dir='ltr'>scio.</span> <span class='ocrx_word' id='word_1_157' title='bbox 723 1854 956 1893; x_wconf 86' lang='lat' dir='ltr'>Versionem</span> <span class='ocrx_word' id='word_1_158' title='bbox 986 1854 1060 1893; x_wconf 90' lang='lat' dir='ltr'>Ar-</span> 
     </span>
     <span class='ocr_line' id='line_1_28' title="bbox 96 1914 1060 1966; baseline 0.002 -13"><span class='ocrx_word' id='word_1_159' title='bbox 96 1915 194 1954; x_wconf 89' lang='lat' dir='ltr'>riani</span> <span class='ocrx_word' id='word_1_160' title='bbox 216 1914 442 1965; x_wconf 82' lang='lat' dir='ltr'>pedestrem</span> <span class='ocrx_word' id='word_1_161' title='bbox 465 1914 628 1966; x_wconf 90' lang='lat' dir='ltr'>quidem</span> <span class='ocrx_word' id='word_1_162' title='bbox 655 1926 735 1954; x_wconf 90' lang='lat' dir='ltr'>non</span> <span class='ocrx_word' id='word_1_163' title='bbox 759 1920 893 1955; x_wconf 91' lang='lat' dir='ltr'>tamen</span> <span class='ocrx_word' id='word_1_164' title='bbox 920 1916 1060 1955; x_wconf 87' lang='lat' dir='ltr'>barba-</span> 
     </span>
     <span class='ocr_line' id='line_1_29' title="bbox 96 1976 1060 2018; baseline 0 -2"><span class='ocrx_word' id='word_1_165' title='bbox 96 1989 181 2018; x_wconf 85' lang='lat' dir='ltr'>ram</span> <span class='ocrx_word' id='word_1_166' title='bbox 207 1976 292 2016; x_wconf 87' lang='lat' dir='ltr'>ideo</span> <span class='ocrx_word' id='word_1_167' title='bbox 321 1978 382 2015; x_wconf 89' lang='lat' dir='ltr'>vir</span> <span class='ocrx_word' id='word_1_168' title='bbox 401 1977 651 2017; x_wconf 83' lang='lat' dir='ltr'>clarissimus</span> <span class='ocrx_word' id='word_1_169' title='bbox 679 1979 868 2017; x_wconf 75' lang='lat' dir='ltr'>extitisse</span> <span class='ocrx_word' id='word_1_170' title='bbox 895 1977 1060 2016; x_wconf 85' lang='lat' dir='ltr'>demon-</span> 
     </span>
     <span class='ocr_line' id='line_1_30' title="bbox 97 2040 1062 2091; baseline 0 -12"><span class='ocrx_word' id='word_1_171' title='bbox 97 2045 217 2087; x_wconf 87' lang='lat' dir='ltr'>strat,</span> <span class='ocrx_word' id='word_1_172' title='bbox 241 2044 362 2090; x_wconf 90' lang='lat' dir='ltr'>atque</span> <span class='ocrx_word' id='word_1_173' title='bbox 384 2051 433 2078; x_wconf 85' lang='lat' dir='ltr'>ex</span> <span class='ocrx_word' id='word_1_174' title='bbox 459 2040 598 2079; x_wconf 87' lang='lat' dir='ltr'>eodem</span> <span class='ocrx_word' id='word_1_175' title='bbox 636 2041 714 2080; x_wconf 88' lang='lat' dir='ltr'>MS.</span> <span class='ocrx_word' id='word_1_176' title='bbox 740 2040 883 2080; x_wconf 86' lang='lat' dir='ltr'>Codice</span> <span class='ocrx_word' id='word_1_177' title='bbox 909 2041 1062 2091; x_wconf 85' lang='lat' dir='ltr'>praefa-</span> 
     </span>
     <span class='ocr_line' id='line_1_31' title="bbox 99 2103 1064 2155; baseline -0.001 -13"><span class='ocrx_word' id='word_1_178' title='bbox 99 2105 248 2142; x_wconf 87' lang='lat' dir='ltr'>tionem</span> <span class='ocrx_word' id='word_1_179' title='bbox 272 2103 322 2142; x_wconf 90' lang='lat' dir='ltr'>ad</span> <span class='ocrx_word' id='word_1_180' title='bbox 344 2103 647 2155; x_wconf 75' lang='lat' dir='ltr'>sigismundum</span> <span class='ocrx_word' id='word_1_181' title='bbox 669 2105 955 2155; x_wconf 87' lang='lat' dir='ltr'>Imperatorem</span> <span class='ocrx_word' id='word_1_182' title='bbox 975 2114 1064 2154; x_wconf 91' lang='lat' dir='ltr'>pro-</span> 
     </span>
     <span class='ocr_line' id='line_1_32' title="bbox 98 2165 222 2206; baseline -0.008 0"><span class='ocrx_word' id='word_1_183' title='bbox 98 2165 222 2206; x_wconf 89' lang='lat' dir='ltr'>ducit.</span> 
     </span>
    </p>

    <p class='ocr_par' dir='ltr' id='par_1_4' title="bbox 99 2228 1071 2908">
     <span class='ocr_line' id='line_1_33' title="bbox 150 2228 1062 2268; baseline -0.001 0"><span class='ocrx_word' id='word_1_184' title='bbox 150 2229 356 2268; x_wconf 88' lang='lat' dir='ltr'>Invectiva</span> <span class='ocrx_word' id='word_1_185' title='bbox 383 2229 420 2267; x_wconf 91' lang='lat' dir='ltr'>in</span> <span class='ocrx_word' id='word_1_186' title='bbox 454 2229 707 2268; x_wconf 86' lang='lat' dir='ltr'>Malatestam</span> <span class='ocrx_word' id='word_1_187' title='bbox 747 2228 898 2267; x_wconf 88' lang='lat' dir='ltr'>directa</span> <span class='ocrx_word' id='word_1_188' title='bbox 925 2233 987 2267; x_wconf 86' lang='lat' dir='ltr'>est</span> <span class='ocrx_word' id='word_1_189' title='bbox 1013 2228 1062 2267; x_wconf 91' lang='lat' dir='ltr'>ad</span> 
     </span>
     <span class='ocr_line' id='line_1_34' title="bbox 99 2290 1063 2342; baseline -0.002 -11"><span class='ocrx_word' id='word_1_190' title='bbox 99 2291 347 2332; x_wconf 92' lang='lat' dir='ltr'>Ludovicum</span> <span class='ocrx_word' id='word_1_191' title='bbox 382 2290 625 2342; x_wconf 88' lang='lat' dir='ltr'>Alidosium,</span> <span class='ocrx_word' id='word_1_192' title='bbox 646 2303 696 2330; x_wconf 78' lang='lat' dir='ltr'>ex</span> <span class='ocrx_word' id='word_1_193' title='bbox 717 2303 795 2341; x_wconf 84' lang='lat' dir='ltr'>quo</span> <span class='ocrx_word' id='word_1_194' title='bbox 827 2292 974 2330; x_wconf 84' lang='lat' dir='ltr'>factum</span> <span class='ocrx_word' id='word_1_195' title='bbox 1002 2296 1063 2330; x_wconf 88' lang='lat' dir='ltr'>est</span> 
     </span>
     <span class='ocr_line' id='line_1_35' title="bbox 100 2353 1064 2406; baseline -0.003 -11"><span class='ocrx_word' id='word_1_196' title='bbox 100 2360 146 2395; x_wconf 90' lang='lat' dir='ltr'>ut</span> <span class='ocrx_word' id='word_1_197' title='bbox 169 2354 334 2406; x_wconf 89' lang='lat' dir='ltr'>quidam</span> <span class='ocrx_word' id='word_1_198' title='bbox 361 2355 605 2393; x_wconf 86' lang='lat' dir='ltr'>invectivam</span> <span class='ocrx_word' id='word_1_199' title='bbox 633 2355 793 2394; x_wconf 87' lang='lat' dir='ltr'>unicam</span> <span class='ocrx_word' id='word_1_200' title='bbox 822 2355 859 2392; x_wconf 92' lang='lat' dir='ltr'>in</span> <span class='ocrx_word' id='word_1_201' title='bbox 885 2354 986 2392; x_wconf 89' lang='lat' dir='ltr'>duas</span> <span class='ocrx_word' id='word_1_202' title='bbox 1006 2353 1064 2392; x_wconf 92' lang='lat' dir='ltr'>di-</span> 
     </span>
     <span class='ocr_line' id='line_1_36' title="bbox 105 2417 1065 2466; baseline -0.004 -9"><span class='ocrx_word' id='word_1_203' title='bbox 105 2418 335 2466; x_wconf 86' lang='lat' dir='ltr'>stinxerint,</span> <span class='ocrx_word' id='word_1_204' title='bbox 355 2417 472 2456; x_wconf 89' lang='lat' dir='ltr'>aliam</span> <span class='ocrx_word' id='word_1_205' title='bbox 492 2417 530 2455; x_wconf 91' lang='lat' dir='ltr'>in</span> <span class='ocrx_word' id='word_1_206' title='bbox 551 2417 815 2464; x_wconf 87' lang='lat' dir='ltr'>Malatestam,</span> <span class='ocrx_word' id='word_1_207' title='bbox 832 2417 951 2455; x_wconf 89' lang='lat' dir='ltr'>aliam</span> <span class='ocrx_word' id='word_1_208' title='bbox 971 2427 1065 2454; x_wconf 90' lang='lat' dir='ltr'>vero</span> 
     </span>
     <span class='ocr_line' id='line_1_37' title="bbox 103 2479 1064 2529; baseline -0.003 -10"><span class='ocrx_word' id='word_1_209' title='bbox 103 2481 141 2519; x_wconf 91' lang='lat' dir='ltr'>in</span> <span class='ocrx_word' id='word_1_210' title='bbox 154 2479 520 2529; x_wconf 84' lang='lat' dir='ltr'>Alidosium3quem</span> <span class='ocrx_word' id='word_1_211' title='bbox 538 2483 671 2518; x_wconf 84' lang='lat' dir='ltr'>tamen</span> <span class='ocrx_word' id='word_1_212' title='bbox 692 2479 881 2518; x_wconf 89' lang='lat' dir='ltr'>habuisse</span> <span class='ocrx_word' id='word_1_213' title='bbox 898 2489 1064 2517; x_wconf 79' lang='lat' dir='ltr'>exosum</span> 
     </span>
     <span class='ocr_line' id='line_1_38' title="bbox 104 2541 1066 2583; baseline -0.004 0"><span class='ocrx_word' id='word_1_214' title='bbox 104 2543 280 2583; x_wconf 89' lang='lat' dir='ltr'>nullibus</span> <span class='ocrx_word' id='word_1_215' title='bbox 304 2542 510 2582; x_wconf 88' lang='lat' dir='ltr'>discimus.</span> <span class='ocrx_word' id='word_1_216' title='bbox 548 2542 797 2581; x_wconf 89' lang='lat' dir='ltr'>Invectivam</span> <span class='ocrx_word' id='word_1_217' title='bbox 839 2543 955 2580; x_wconf 90' lang='lat' dir='ltr'>istam</span> <span class='ocrx_word' id='word_1_218' title='bbox 991 2541 1066 2580; x_wconf 91' lang='lat' dir='ltr'>sub</span> 
     </span>
     <span class='ocr_line' id='line_1_39' title="bbox 104 2604 1066 2646; baseline -0.003 -1"><span class='ocrx_word' id='word_1_219' title='bbox 104 2607 265 2645; x_wconf 88' lang='lat' dir='ltr'>nomine</span> <span class='ocrx_word' id='word_1_220' title='bbox 279 2605 442 2645; x_wconf 87' lang='lat' dir='ltr'>Guarini</span> <span class='ocrx_word' id='word_1_221' title='bbox 455 2606 699 2646; x_wconf 87' lang='lat' dir='ltr'>Veronensis</span> <span class='ocrx_word' id='word_1_222' title='bbox 716 2604 825 2643; x_wconf 89' lang='lat' dir='ltr'>dedit</span> <span class='ocrx_word' id='word_1_223' title='bbox 841 2606 1066 2643; x_wconf 84' lang='lat' dir='ltr'>P.Martene</span> 
     </span>
     <span class='ocr_line' id='line_1_40' title="bbox 104 2666 1067 2708; baseline -0.003 -1"><span class='ocrx_word' id='word_1_224' title='bbox 104 2669 279 2708; x_wconf 86' lang='lat' dir='ltr'>Monum.</span> <span class='ocrx_word' id='word_1_225' title='bbox 319 2668 363 2706; x_wconf 94' lang='lat' dir='ltr'>T.</span> <span class='ocrx_word' id='word_1_226' title='bbox 408 2669 474 2707; x_wconf 82' lang='grc' dir='ltr'><strong>ΙΙΙ.</strong></span> <span class='ocrx_word' id='word_1_227' title='bbox 513 2668 586 2707; x_wconf 90' lang='lat' dir='ltr'>col.</span> <span class='ocrx_word' id='word_1_228' title='bbox 616 2667 694 2706; x_wconf 89' lang='grc'>868</span> <span class='ocrx_word' id='word_1_229' title='bbox 728 2666 796 2705; x_wconf 86' lang='lat' dir='ltr'>sed</span> <span class='ocrx_word' id='word_1_230' title='bbox 840 2667 947 2705; x_wconf 89' lang='lat' dir='ltr'>illam</span> <span class='ocrx_word' id='word_1_231' title='bbox 995 2678 1067 2705; x_wconf 87' lang='lat' dir='ltr'>suo</span> 
     </span>
     <span class='ocr_line' id='line_1_41' title="bbox 107 2729 1067 2770; baseline -0.003 0"><span class='ocrx_word' id='word_1_232' title='bbox 107 2730 275 2770; x_wconf 86' lang='lat' dir='ltr'>Authori</span> <span class='ocrx_word' id='word_1_233' title='bbox 296 2732 534 2770; x_wconf 86' lang='lat' dir='ltr'>Muratorius</span> <span class='ocrx_word' id='word_1_234' title='bbox 556 2732 645 2769; x_wconf 84' lang='lat' dir='ltr'>Rer.</span> <span class='ocrx_word' id='word_1_235' title='bbox 664 2730 787 2769; x_wconf 83' lang='lat' dir='ltr'>Italic.</span> <span class='ocrx_word' id='word_1_236' title='bbox 809 2731 849 2768; x_wconf 92' lang='lat' dir='ltr'>T.</span> <span class='ocrx_word' id='word_1_237' title='bbox 871 2731 974 2769; x_wconf 92' lang='lat' dir='ltr'>XVI.</span> <span class='ocrx_word' id='word_1_238' title='bbox 995 2729 1067 2768; x_wconf 92' lang='lat' dir='ltr'>col.</span> 
     </span>
     <span class='ocr_line' id='line_1_42' title="bbox 107 2791 1071 2845; baseline -0.004 -11"><span class='ocrx_word' id='word_1_239' title='bbox 107 2794 184 2834; x_wconf 75' lang='grc'>412</span> <span class='ocrx_word' id='word_1_240' title='bbox 201 2794 388 2833; x_wconf 86' lang='lat' dir='ltr'>restituit.</span> <span class='ocrx_word' id='word_1_241' title='bbox 402 2793 485 2832; x_wconf 86' lang='lat' dir='ltr'>Alia</span> <span class='ocrx_word' id='word_1_242' title='bbox 509 2793 629 2834; x_wconf 89' lang='lat' dir='ltr'>huius</span> <span class='ocrx_word' id='word_1_243' title='bbox 648 2804 767 2845; x_wconf 80' lang='lat' dir='ltr'>opera</span> <span class='ocrx_word' id='word_1_244' title='bbox 786 2791 958 2832; x_wconf 87' lang='lat' dir='ltr'>videnda</span> <span class='ocrx_word' id='word_1_245' title='bbox 975 2796 1071 2831; x_wconf 90' lang='lat' dir='ltr'>sunt</span> 
     </span>
     <span class='ocr_line' id='line_1_43' title="bbox 107 2854 507 2908; baseline 0 -12"><span class='ocrx_word' id='word_1_246' title='bbox 107 2856 212 2908; x_wconf 88' lang='lat' dir='ltr'>apud</span> <span class='ocrx_word' id='word_1_247' title='bbox 238 2857 387 2896; x_wconf 89' lang='lat' dir='ltr'>Zenum</span> <span class='ocrx_word' id='word_1_248' title='bbox 411 2854 507 2896; x_wconf 84' lang='lat' dir='ltr'>ibid.</span> 
     </span>
    </p>

    <p class='ocr_par' dir='ltr' id='par_1_5' title="bbox 161 2915 1072 2967">
     <span class='ocr_line' id='line_1_44' title="bbox 161 2915 1072 2967; baseline -0.003 -10"><span class='ocrx_word' id='word_1_249' title='bbox 161 2917 483 2959; x_wconf 84' lang='lat' dir='ltr'>VERNHERIUS</span> <span class='ocrx_word' id='word_1_250' title='bbox 518 2916 565 2957; x_wconf 87' lang='lat' dir='ltr'>de</span> <span class='ocrx_word' id='word_1_251' title='bbox 599 2916 750 2967; x_wconf 80' lang='lat' dir='ltr'>Bothis,</span> <span class='ocrx_word' id='word_1_252' title='bbox 787 2916 879 2956; x_wconf 91' lang='lat' dir='ltr'>vide</span> <span class='ocrx_word' id='word_1_253' title='bbox 902 2915 1072 2955; x_wconf 88' lang='lat' dir='ltr'>WARN-</span> 
     </span>
    </p>
   </div>
   <div class='ocr_carea' id='block_1_3' title="bbox 108 2988 1073 3416">
    <p class='ocr_par' dir='ltr' id='par_1_6' title="bbox 108 2988 294 3030">
     <span class='ocr_line' id='line_1_45' title="bbox 108 2988 294 3030; baseline 0.005 -2"><span class='ocrx_word' id='word_1_254' title='bbox 108 2988 294 3030; x_wconf 87' lang='lat' dir='ltr'>HERUS.</span> 
     </span>
    </p>

    <p class='ocr_par' dir='ltr' id='par_1_7' title="bbox 109 3050 1073 3416">
     <span class='ocr_line' id='line_1_46' title="bbox 164 3050 1071 3104; baseline -0.004 -12"><span class='ocrx_word' id='word_1_255' title='bbox 164 3052 354 3102; x_wconf 86' lang='lat' dir='ltr'>VERUS,</span> <span class='ocrx_word' id='word_1_256' title='bbox 377 3053 601 3104; x_wconf 84' lang='lat' dir='ltr'>Episcopus</span> <span class='ocrx_word' id='word_1_257' title='bbox 636 3050 969 3097; x_wconf 79' lang='lat' dir='ltr'>Arausionensis,</span> <span class='ocrx_word' id='word_1_258' title='bbox 996 3050 1071 3089; x_wconf 88' lang='lat' dir='ltr'>sub</span> 
     </span>
     <span class='ocr_line' id='line_1_47' title="bbox 109 3112 1068 3165; baseline -0.005 -9"><span class='ocrx_word' id='word_1_259' title='bbox 109 3117 229 3156; x_wconf 85' lang='lat' dir='ltr'>finem</span> <span class='ocrx_word' id='word_1_260' title='bbox 254 3126 335 3154; x_wconf 88' lang='lat' dir='ltr'>sec.</span> <span class='ocrx_word' id='word_1_261' title='bbox 357 3116 402 3154; x_wconf 92' lang='lat' dir='ltr'>V.</span> <span class='ocrx_word' id='word_1_262' title='bbox 431 3115 596 3165; x_wconf 87' lang='lat' dir='ltr'>scripsit</span> <span class='ocrx_word' id='word_1_263' title='bbox 634 3114 761 3154; x_wconf 82' lang='lat' dir='ltr'>Vitam</span> <span class='ocrx_word' id='word_1_264' title='bbox 795 3116 836 3154; x_wconf 85' lang='lat' dir='ltr'>S.</span> <span class='ocrx_word' id='word_1_265' title='bbox 861 3112 1068 3165; x_wconf 73' lang='lat' dir='ltr'>Eutropii,</span> 
     </span>
     <span class='ocr_line' id='line_1_48' title="bbox 111 3176 1071 3228; baseline -0.004 -10"><span class='ocrx_word' id='word_1_266' title='bbox 111 3178 335 3218; x_wconf 88' lang='lat' dir='ltr'>decessoris</span> <span class='ocrx_word' id='word_1_267' title='bbox 359 3178 442 3223; x_wconf 90' lang='lat' dir='ltr'>sui,</span> <span class='ocrx_word' id='word_1_268' title='bbox 467 3178 534 3228; x_wconf 83' lang='lat' dir='ltr'>qui</span> <span class='ocrx_word' id='word_1_269' title='bbox 571 3182 660 3228; x_wconf 91' lang='lat' dir='ltr'>post</span> <span class='ocrx_word' id='word_1_270' title='bbox 695 3188 731 3216; x_wconf 92' lang='lat' dir='ltr'>a.</span> <span class='ocrx_word' id='word_1_271' title='bbox 771 3177 848 3217; x_wconf 77' lang='lat'>475</span> <span class='ocrx_word' id='word_1_272' title='bbox 885 3176 1071 3215; x_wconf 83' lang='lat' dir='ltr'>decessit.</span> 
     </span>
     <span class='ocr_line' id='line_1_49' title="bbox 112 3239 1073 3292; baseline -0.004 -13"><span class='ocrx_word' id='word_1_273' title='bbox 112 3239 343 3292; x_wconf 86' lang='lat' dir='ltr'>Sigebertus</span> <span class='ocrx_word' id='word_1_274' title='bbox 364 3239 664 3278; x_wconf 87' lang='lat' dir='ltr'>Gemblacensis</span> <span class='ocrx_word' id='word_1_275' title='bbox 698 3249 733 3278; x_wconf 90' lang='lat' dir='ltr'>c.</span> <span class='ocrx_word' id='word_1_276' title='bbox 766 3239 830 3278; x_wconf 86' lang='lat'>73.</span> <span class='ocrx_word' id='word_1_277' title='bbox 856 3240 950 3277; x_wconf 88' lang='lat' dir='ltr'>Tota</span> <span class='ocrx_word' id='word_1_278' title='bbox 975 3249 1073 3275; x_wconf 88' lang='lat' dir='ltr'>non-</span> 
     </span>
     <span class='ocr_line' id='line_1_50' title="bbox 112 3299 1069 3353; baseline -0.005 -12"><span class='ocrx_word' id='word_1_279' title='bbox 112 3301 207 3341; x_wconf 90' lang='lat' dir='ltr'>dum</span> <span class='ocrx_word' id='word_1_280' title='bbox 226 3306 390 3353; x_wconf 86' lang='lat' dir='ltr'>prostat,</span> <span class='ocrx_word' id='word_1_281' title='bbox 405 3301 472 3340; x_wconf 83' lang='lat' dir='ltr'>sed</span> <span class='ocrx_word' id='word_1_282' title='bbox 493 3303 731 3352; x_wconf 84' lang='lat' dir='ltr'>particulam</span> <span class='ocrx_word' id='word_1_283' title='bbox 750 3312 837 3351; x_wconf 75' lang='lat' dir='ltr'>ejus</span> <span class='ocrx_word' id='word_1_284' title='bbox 854 3312 903 3339; x_wconf 81' lang='lat' dir='ltr'>ex</span> <span class='ocrx_word' id='word_1_285' title='bbox 922 3299 1069 3339; x_wconf 89' lang='lat' dir='ltr'>Codice</span> 
     </span>
     <span class='ocr_line' id='line_1_51' title="bbox 112 3361 1068 3416; baseline -0.006 -11"><span class='ocrx_word' id='word_1_286' title='bbox 112 3364 289 3404; x_wconf 82' lang='lat' dir='ltr'>Parisino</span> <span class='ocrx_word' id='word_1_287' title='bbox 308 3363 418 3403; x_wconf 86' lang='lat' dir='ltr'>dedit</span> <span class='ocrx_word' id='word_1_288' title='bbox 441 3364 541 3404; x_wconf 90' lang='lat' dir='ltr'>Dan.</span> <span class='ocrx_word' id='word_1_289' title='bbox 565 3363 858 3416; x_wconf 75' lang='lat' dir='ltr'>papebrochius</span> <span class='ocrx_word' id='word_1_290' title='bbox 895 3362 930 3400; x_wconf 91' lang='lat' dir='ltr'>in</span> <span class='ocrx_word' id='word_1_291' title='bbox 957 3361 1068 3400; x_wconf 89' lang='lat' dir='ltr'>Actis</span> 
     </span>
    </p>
   </div>
   <div class='ocr_carea' id='block_1_4' title="bbox 1118 291 2106 3396">
    <p class='ocr_par' dir='ltr' id='par_1_8' title="bbox 1118 291 2081 717">
     <span class='ocr_line' id='line_1_52' title="bbox 1118 291 2077 343; baseline 0 -12"><span class='ocrx_word' id='word_1_292' title='bbox 1118 293 1355 332; x_wconf 88' lang='lat' dir='ltr'>Sanctorum</span> <span class='ocrx_word' id='word_1_293' title='bbox 1381 295 1477 331; x_wconf 91' lang='lat' dir='ltr'>tom.</span> <span class='ocrx_word' id='word_1_294' title='bbox 1500 291 1562 332; x_wconf 89' lang='lat' dir='ltr'>Vl.</span> <span class='ocrx_word' id='word_1_295' title='bbox 1595 291 1684 342; x_wconf 86' lang='lat' dir='ltr'>Maji</span> <span class='ocrx_word' id='word_1_296' title='bbox 1722 303 1755 343; x_wconf 87' lang='lat' dir='ltr'>p.</span> <span class='ocrx_word' id='word_1_297' title='bbox 1798 291 1887 330; x_wconf 87' lang='lat'>699.</span> <span class='ocrx_word' id='word_1_298' title='bbox 1908 291 2077 343; x_wconf 89' lang='lat' dir='ltr'>Episco-</span> 
     </span>
     <span class='ocr_line' id='line_1_53' title="bbox 1119 352 2075 406; baseline 0.001 -13"><span class='ocrx_word' id='word_1_299' title='bbox 1119 366 1213 406; x_wconf 90' lang='lat' dir='ltr'>pum</span> <span class='ocrx_word' id='word_1_300' title='bbox 1246 352 1519 406; x_wconf 82' lang='lat' dir='ltr'>Hispalensem</span> <span class='ocrx_word' id='word_1_301' title='bbox 1543 366 1753 405; x_wconf 89' lang='lat' dir='ltr'>perperam</span> <span class='ocrx_word' id='word_1_302' title='bbox 1779 358 1895 393; x_wconf 91' lang='lat' dir='ltr'>vocat</span> <span class='ocrx_word' id='word_1_303' title='bbox 1919 355 2075 394; x_wconf 88' lang='lat' dir='ltr'>Trithe-</span> 
     </span>
     <span class='ocr_line' id='line_1_54' title="bbox 1120 417 2078 469; baseline 0.001 -14"><span class='ocrx_word' id='word_1_304' title='bbox 1120 418 1223 456; x_wconf 85' lang='lat' dir='ltr'>mius</span> <span class='ocrx_word' id='word_1_305' title='bbox 1244 417 1292 455; x_wconf 93' lang='lat' dir='ltr'>de</span> <span class='ocrx_word' id='word_1_306' title='bbox 1317 418 1452 467; x_wconf 90' lang='lat' dir='ltr'>script.</span> <span class='ocrx_word' id='word_1_307' title='bbox 1473 418 1627 458; x_wconf 82' lang='lat' dir='ltr'>EccleS.</span> <span class='ocrx_word' id='word_1_308' title='bbox 1648 429 1682 456; x_wconf 93' lang='lat' dir='ltr'>c.</span> <span class='ocrx_word' id='word_1_309' title='bbox 1704 418 1782 457; x_wconf 63' lang='grc'>245</span> <span class='ocrx_word' id='word_1_310' title='bbox 1803 429 1922 469; x_wconf 82' lang='lat' dir='ltr'>quem</span> <span class='ocrx_word' id='word_1_311' title='bbox 1946 418 2078 468; x_wconf 88' lang='lat' dir='ltr'>sequi-</span> 
     </span>
     <span class='ocr_line' id='line_1_55' title="bbox 1120 479 2079 531; baseline 0 -13"><span class='ocrx_word' id='word_1_312' title='bbox 1120 484 1185 519; x_wconf 90' lang='lat' dir='ltr'>tur</span> <span class='ocrx_word' id='word_1_313' title='bbox 1206 480 1446 518; x_wconf 87' lang='lat' dir='ltr'>Possevinus</span> <span class='ocrx_word' id='word_1_314' title='bbox 1471 484 1576 518; x_wconf 91' lang='lat' dir='ltr'>tomo</span> <span class='ocrx_word' id='word_1_315' title='bbox 1613 480 1658 519; x_wconf 87' lang='lat'>11.</span> <span class='ocrx_word' id='word_1_316' title='bbox 1681 480 1908 531; x_wconf 81' lang='lat' dir='ltr'>Apparatus</span> <span class='ocrx_word' id='word_1_317' title='bbox 1941 493 1976 531; x_wconf 93' lang='lat' dir='ltr'>p.</span> <span class='ocrx_word' id='word_1_318' title='bbox 2003 479 2079 520; x_wconf 79' lang='lat'>520</span> 
     </span>
     <span class='ocr_line' id='line_1_56' title="bbox 1121 541 2081 594; baseline 0 -14"><span class='ocrx_word' id='word_1_319' title='bbox 1121 542 1187 592; x_wconf 90' lang='lat' dir='ltr'>qui</span> <span class='ocrx_word' id='word_1_320' title='bbox 1213 546 1254 579; x_wconf 92' lang='lat' dir='ltr'>et</span> <span class='ocrx_word' id='word_1_321' title='bbox 1275 553 1419 579; x_wconf 84' lang='lat' dir='ltr'>nomen</span> <span class='ocrx_word' id='word_1_322' title='bbox 1441 542 1632 593; x_wconf 82' lang='lat' dir='ltr'>Eutropii</span> <span class='ocrx_word' id='word_1_323' title='bbox 1650 555 1725 580; x_wconf 88' lang='lat' dir='ltr'>non</span> <span class='ocrx_word' id='word_1_324' title='bbox 1758 545 1985 594; x_wconf 80' lang='lat' dir='ltr'>expressit,</span> <span class='ocrx_word' id='word_1_325' title='bbox 2010 541 2081 582; x_wconf 88' lang='lat' dir='ltr'>sed</span> 
     </span>
     <span class='ocr_line' id='line_1_57' title="bbox 1123 603 2077 656; baseline 0.003 -15"><span class='ocrx_word' id='word_1_326' title='bbox 1123 604 1240 642; x_wconf 89' lang='lat' dir='ltr'>habet</span> <span class='ocrx_word' id='word_1_327' title='bbox 1265 603 1457 656; x_wconf 81' lang='lat' dir='ltr'>Episcopi.</span> <span class='ocrx_word' id='word_1_328' title='bbox 1494 605 1590 644; x_wconf 90' lang='lat' dir='ltr'>Vide</span> <span class='ocrx_word' id='word_1_329' title='bbox 1612 605 1780 644; x_wconf 85' lang='lat' dir='ltr'>Galliam</span> <span class='ocrx_word' id='word_1_330' title='bbox 1807 606 2077 646; x_wconf 84' lang='lat' dir='ltr'>Christianam</span> 
     </span>
     <span class='ocr_line' id='line_1_58' title="bbox 1121 667 1447 717; baseline -0.003 -12"><span class='ocrx_word' id='word_1_331' title='bbox 1121 671 1228 705; x_wconf 89' lang='lat' dir='ltr'>tomo</span> <span class='ocrx_word' id='word_1_332' title='bbox 1249 667 1278 705; x_wconf 95' lang='lat' dir='ltr'>I.</span> <span class='ocrx_word' id='word_1_333' title='bbox 1303 679 1338 717; x_wconf 89' lang='lat' dir='ltr'>p.</span> <span class='ocrx_word' id='word_1_334' title='bbox 1355 667 1447 705; x_wconf 86' lang='lat'>767.</span> 
     </span>
    </p>

    <p class='ocr_par' dir='ltr' id='par_1_9' title="bbox 1124 729 2088 1278">
     <span class='ocr_line' id='line_1_59' title="bbox 1177 729 2082 780; baseline 0.003 -12"><span class='ocrx_word' id='word_1_335' title='bbox 1177 729 1356 774; x_wconf 82' lang='lat' dir='ltr'>VERUS,</span> <span class='ocrx_word' id='word_1_336' title='bbox 1377 730 1600 780; x_wconf 84' lang='lat' dir='ltr'>Episcopus</span> <span class='ocrx_word' id='word_1_337' title='bbox 1619 731 1850 771; x_wconf 80' lang='lat' dir='ltr'>Rutenensis</span> <span class='ocrx_word' id='word_1_338' title='bbox 1872 733 1908 770; x_wconf 92' lang='lat' dir='ltr'>in</span> <span class='ocrx_word' id='word_1_339' title='bbox 1931 732 2082 780; x_wconf 84' lang='lat' dir='ltr'>Galliis,</span> 
     </span>
     <span class='ocr_line' id='line_1_60' title="bbox 1124 791 2082 842; baseline 0.002 -11"><span class='ocrx_word' id='word_1_340' title='bbox 1124 793 1191 842; x_wconf 87' lang='lat' dir='ltr'>qui</span> <span class='ocrx_word' id='word_1_341' title='bbox 1228 803 1262 830; x_wconf 91' lang='lat' dir='ltr'>a.</span> <span class='ocrx_word' id='word_1_342' title='bbox 1307 791 1399 831; x_wconf 63' lang='lat'>6⁶25.</span> <span class='ocrx_word' id='word_1_343' title='bbox 1438 791 1614 831; x_wconf 75' lang='lat' dir='ltr'>Concilio</span> <span class='ocrx_word' id='word_1_344' title='bbox 1658 795 1844 832; x_wconf 78' lang='lat' dir='ltr'>Remensi</span> <span class='ocrx_word' id='word_1_345' title='bbox 1892 795 2082 835; x_wconf 86' lang='lat' dir='ltr'>interfuit.</span> 
     </span>
     <span class='ocr_line' id='line_1_61' title="bbox 1125 852 2086 907; baseline 0.004 -15"><span class='ocrx_word' id='word_1_346' title='bbox 1125 852 1324 905; x_wconf 78' lang='lat' dir='ltr'>Epistolae</span> <span class='ocrx_word' id='word_1_347' title='bbox 1344 853 1430 903; x_wconf 84' lang='lat' dir='ltr'>ejus</span> <span class='ocrx_word' id='word_1_348' title='bbox 1455 853 1555 893; x_wconf 82' lang='lat' dir='ltr'>duae</span> <span class='ocrx_word' id='word_1_349' title='bbox 1576 854 1622 893; x_wconf 89' lang='lat' dir='ltr'>ad</span> <span class='ocrx_word' id='word_1_350' title='bbox 1650 854 1899 895; x_wconf 88' lang='lat' dir='ltr'>Desiderium</span> <span class='ocrx_word' id='word_1_351' title='bbox 1923 857 2086 907; x_wconf 87' lang='lat' dir='ltr'>Episco-</span> 
     </span>
     <span class='ocr_line' id='line_1_62' title="bbox 1126 916 2085 968; baseline 0 -12"><span class='ocrx_word' id='word_1_352' title='bbox 1126 929 1221 968; x_wconf 89' lang='lat' dir='ltr'>pum</span> <span class='ocrx_word' id='word_1_353' title='bbox 1247 916 1546 956; x_wconf 86' lang='lat' dir='ltr'>Cadurcensem</span> <span class='ocrx_word' id='word_1_354' title='bbox 1582 917 1712 956; x_wconf 89' lang='lat' dir='ltr'>editae</span> <span class='ocrx_word' id='word_1_355' title='bbox 1748 923 1844 956; x_wconf 91' lang='lat' dir='ltr'>sunt</span> <span class='ocrx_word' id='word_1_356' title='bbox 1873 930 1896 957; x_wconf 90' lang='lat' dir='ltr'>a</span> <span class='ocrx_word' id='word_1_357' title='bbox 1925 920 2085 958; x_wconf 86' lang='lat' dir='ltr'>Canisio</span> 
     </span>
     <span class='ocr_line' id='line_1_63' title="bbox 1128 979 2085 1032; baseline 0.002 -14"><span class='ocrx_word' id='word_1_358' title='bbox 1128 981 1233 1018; x_wconf 84' lang='lat' dir='ltr'>Lect.</span> <span class='ocrx_word' id='word_1_359' title='bbox 1270 979 1362 1018; x_wconf 88' lang='lat' dir='ltr'>Ant.</span> <span class='ocrx_word' id='word_1_360' title='bbox 1400 983 1496 1017; x_wconf 90' lang='lat' dir='ltr'>torn.</span> <span class='ocrx_word' id='word_1_361' title='bbox 1531 979 1559 1017; x_wconf 94' lang='lat' dir='ltr'>I.</span> <span class='ocrx_word' id='word_1_362' title='bbox 1585 992 1619 1030; x_wconf 91' lang='lat' dir='ltr'>p.</span> <span class='ocrx_word' id='word_1_363' title='bbox 1657 979 1747 1028; x_wconf 69' lang='lat'>648,</span> <span class='ocrx_word' id='word_1_364' title='bbox 1769 981 1845 1019; x_wconf 66' lang='lat'>649</span> <span class='ocrx_word' id='word_1_365' title='bbox 1871 980 1918 1020; x_wconf 90' lang='lat' dir='ltr'>ad</span> <span class='ocrx_word' id='word_1_366' title='bbox 1955 982 2085 1032; x_wconf 88' lang='lat' dir='ltr'>ipsum</span> 
     </span>
     <span class='ocr_line' id='line_1_64' title="bbox 1127 1041 2086 1093; baseline 0.001 -13"><span class='ocrx_word' id='word_1_367' title='bbox 1127 1054 1222 1080; x_wconf 89' lang='lat' dir='ltr'>vero</span> <span class='ocrx_word' id='word_1_368' title='bbox 1245 1041 1360 1081; x_wconf 88' lang='lat' dir='ltr'>datae</span> <span class='ocrx_word' id='word_1_369' title='bbox 1395 1047 1491 1080; x_wconf 89' lang='lat' dir='ltr'>sunt</span> <span class='ocrx_word' id='word_1_370' title='bbox 1523 1042 1727 1092; x_wconf 88' lang='lat' dir='ltr'>Epistolae</span> <span class='ocrx_word' id='word_1_371' title='bbox 1764 1043 1920 1093; x_wconf 90' lang='lat' dir='ltr'>Sulpitii</span> <span class='ocrx_word' id='word_1_372' title='bbox 1948 1043 2086 1082; x_wconf 90' lang='lat' dir='ltr'>Severi</span> 
     </span>
     <span class='ocr_line' id='line_1_65' title="bbox 1125 1104 2087 1156; baseline 0.001 -13"><span class='ocrx_word' id='word_1_373' title='bbox 1125 1104 1258 1155; x_wconf 90' lang='lat' dir='ltr'>Episc.</span> <span class='ocrx_word' id='word_1_374' title='bbox 1277 1104 1548 1152; x_wconf 88' lang='lat' dir='ltr'>Bituricensis,</span> <span class='ocrx_word' id='word_1_375' title='bbox 1568 1104 1710 1143; x_wconf 88' lang='lat' dir='ltr'>ibidem</span> <span class='ocrx_word' id='word_1_376' title='bbox 1738 1117 1773 1156; x_wconf 90' lang='lat' dir='ltr'>p.</span> <span class='ocrx_word' id='word_1_377' title='bbox 1792 1104 1869 1144; x_wconf 66' lang='lat'>645</span> <span class='ocrx_word' id='word_1_378' title='bbox 1887 1110 1926 1143; x_wconf 89' lang='lat' dir='ltr'>et</span> <span class='ocrx_word' id='word_1_379' title='bbox 1942 1106 2087 1144; x_wconf 87' lang='lat' dir='ltr'>Ruricii</span> 
     </span>
     <span class='ocr_line' id='line_1_66' title="bbox 1127 1166 2088 1208; baseline 0.002 -3"><span class='ocrx_word' id='word_1_380' title='bbox 1127 1167 1380 1205; x_wconf 86' lang='lat' dir='ltr'>Lemoviceni</span> <span class='ocrx_word' id='word_1_381' title='bbox 1403 1167 1449 1205; x_wconf 86' lang='lat'>11.</span> <span class='ocrx_word' id='word_1_382' title='bbox 1474 1166 1537 1205; x_wconf 88' lang='grc'>22.</span> <span class='ocrx_word' id='word_1_383' title='bbox 1561 1166 1672 1206; x_wconf 86' lang='lat' dir='ltr'>Adde</span> <span class='ocrx_word' id='word_1_384' title='bbox 1706 1166 1872 1207; x_wconf 86' lang='lat' dir='ltr'>Galliam</span> <span class='ocrx_word' id='word_1_385' title='bbox 1898 1168 2088 1208; x_wconf 89' lang='lat' dir='ltr'>Christia-</span> 
     </span>
     <span class='ocr_line' id='line_1_67' title="bbox 1129 1228 1578 1278; baseline -0.004 -11"><span class='ocrx_word' id='word_1_386' title='bbox 1129 1240 1219 1267; x_wconf 91' lang='lat' dir='ltr'>nam</span> <span class='ocrx_word' id='word_1_387' title='bbox 1247 1233 1353 1266; x_wconf 90' lang='lat' dir='ltr'>tomo</span> <span class='ocrx_word' id='word_1_388' title='bbox 1377 1229 1408 1267; x_wconf 92' lang='grc' dir='ltr'>Ι.</span> <span class='ocrx_word' id='word_1_389' title='bbox 1429 1240 1464 1278; x_wconf 92' lang='lat' dir='ltr'>p.</span> <span class='ocrx_word' id='word_1_390' title='bbox 1485 1228 1578 1267; x_wconf 75' lang='grc'><strong>201.</strong></span> 
     </span>
    </p>

    <p class='ocr_par' dir='ltr' id='par_1_10' title="bbox 1128 1289 2095 1906">
     <span class='ocr_line' id='line_1_68' title="bbox 1179 1289 2086 1341; baseline 0.004 -13"><span class='ocrx_word' id='word_1_391' title='bbox 1179 1289 1352 1330; x_wconf 83' lang='lat' dir='ltr'>Annales</span> <span class='ocrx_word' id='word_1_392' title='bbox 1398 1291 1943 1341; x_wconf 78' lang='lat' dir='ltr'>VETERO-CELLENSES,</span> <span class='ocrx_word' id='word_1_393' title='bbox 1991 1293 2086 1332; x_wconf 90' lang='lat' dir='ltr'>nibil</span> 
     </span>
     <span class='ocr_line' id='line_1_69' title="bbox 1131 1352 2088 1404; baseline 0.003 -13"><span class='ocrx_word' id='word_1_394' title='bbox 1131 1352 1299 1400; x_wconf 85' lang='lat' dir='ltr'>habent,</span> <span class='ocrx_word' id='word_1_395' title='bbox 1334 1353 1439 1404; x_wconf 89' lang='lat' dir='ltr'>quod</span> <span class='ocrx_word' id='word_1_396' title='bbox 1479 1353 1702 1393; x_wconf 84' lang='lat' dir='ltr'>Annalibus</span> <span class='ocrx_word' id='word_1_397' title='bbox 1741 1355 1870 1393; x_wconf 90' lang='lat' dir='ltr'>simile</span> <span class='ocrx_word' id='word_1_398' title='bbox 1907 1356 1977 1403; x_wconf 91' lang='lat' dir='ltr'>sit,</span> <span class='ocrx_word' id='word_1_399' title='bbox 2017 1355 2088 1394; x_wconf 90' lang='lat' dir='ltr'>sed</span> 
     </span>
     <span class='ocr_line' id='line_1_70' title="bbox 1128 1417 2088 1468; baseline 0.002 -14"><span class='ocrx_word' id='word_1_400' title='bbox 1128 1418 1336 1455; x_wconf 87' lang='lat' dir='ltr'>continent</span> <span class='ocrx_word' id='word_1_401' title='bbox 1370 1418 1664 1455; x_wconf 88' lang='lat' dir='ltr'>enarrationem</span> <span class='ocrx_word' id='word_1_402' title='bbox 1691 1417 1858 1456; x_wconf 84' lang='lat' dir='ltr'>illustris</span> <span class='ocrx_word' id='word_1_403' title='bbox 1885 1418 2088 1468; x_wconf 85' lang='lat' dir='ltr'>prosapiae</span> 
     </span>
     <span class='ocr_line' id='line_1_71' title="bbox 1130 1477 2089 1528; baseline -0.002 -9"><span class='ocrx_word' id='word_1_404' title='bbox 1130 1479 1402 1519; x_wconf 87' lang='lat' dir='ltr'>Marchionum</span> <span class='ocrx_word' id='word_1_405' title='bbox 1423 1480 1601 1518; x_wconf 82' lang='lat' dir='ltr'>Misniae.</span> <span class='ocrx_word' id='word_1_406' title='bbox 1627 1477 1788 1528; x_wconf 87' lang='lat' dir='ltr'>Auctor,</span> <span class='ocrx_word' id='word_1_407' title='bbox 1810 1480 1925 1519; x_wconf 90' lang='lat' dir='ltr'>cuius</span> <span class='ocrx_word' id='word_1_408' title='bbox 1947 1490 2089 1517; x_wconf 90' lang='lat' dir='ltr'>nomen</span> 
     </span>
     <span class='ocr_line' id='line_1_72' title="bbox 1132 1541 2092 1592; baseline 0.001 -12"><span class='ocrx_word' id='word_1_409' title='bbox 1132 1553 1210 1580; x_wconf 91' lang='lat' dir='ltr'>non</span> <span class='ocrx_word' id='word_1_410' title='bbox 1233 1547 1295 1580; x_wconf 89' lang='lat' dir='ltr'>est</span> <span class='ocrx_word' id='word_1_411' title='bbox 1314 1542 1530 1592; x_wconf 86' lang='lat' dir='ltr'>cognitum,</span> <span class='ocrx_word' id='word_1_412' title='bbox 1554 1541 1774 1580; x_wconf 89' lang='lat' dir='ltr'>monachus</span> <span class='ocrx_word' id='word_1_413' title='bbox 1794 1542 1867 1581; x_wconf 84' lang='lat' dir='ltr'>fuit</span> <span class='ocrx_word' id='word_1_414' title='bbox 1892 1543 1929 1580; x_wconf 93' lang='lat' dir='ltr'>in</span> <span class='ocrx_word' id='word_1_415' title='bbox 1957 1553 2092 1581; x_wconf 89' lang='lat' dir='ltr'>mona-</span> 
     </span>
     <span class='ocr_line' id='line_1_73' title="bbox 1133 1604 2094 1656; baseline -0.002 -12"><span class='ocrx_word' id='word_1_416' title='bbox 1133 1606 1254 1645; x_wconf 89' lang='lat' dir='ltr'>sterio</span> <span class='ocrx_word' id='word_1_417' title='bbox 1275 1606 1430 1644; x_wconf 85' lang='lat' dir='ltr'>Veteris</span> <span class='ocrx_word' id='word_1_418' title='bbox 1451 1605 1583 1644; x_wconf 90' lang='lat' dir='ltr'>Cellae</span> <span class='ocrx_word' id='word_1_419' title='bbox 1607 1605 1644 1641; x_wconf 92' lang='lat' dir='ltr'>in</span> <span class='ocrx_word' id='word_1_420' title='bbox 1678 1605 1832 1652; x_wconf 86' lang='lat' dir='ltr'>Misnia,</span> <span class='ocrx_word' id='word_1_421' title='bbox 1853 1604 1957 1656; x_wconf 92' lang='lat' dir='ltr'>quod</span> <span class='ocrx_word' id='word_1_422' title='bbox 1983 1604 2094 1644; x_wconf 88' lang='lat' dir='ltr'>Chri·</span> 
     </span>
     <span class='ocr_line' id='line_1_74' title="bbox 1133 1665 2095 1717; baseline -0.002 -9"><span class='ocrx_word' id='word_1_423' title='bbox 1133 1670 1289 1708; x_wconf 85' lang='lat' dir='ltr'>stianus</span> <span class='ocrx_word' id='word_1_424' title='bbox 1312 1667 1560 1717; x_wconf 89' lang='lat' dir='ltr'>Schlegelius</span> <span class='ocrx_word' id='word_1_425' title='bbox 1585 1672 1624 1706; x_wconf 85' lang='lat' dir='ltr'>et</span> <span class='ocrx_word' id='word_1_426' title='bbox 1647 1669 1703 1705; x_wconf 91' lang='lat' dir='ltr'>Jo.</span> <span class='ocrx_word' id='word_1_427' title='bbox 1727 1667 1937 1707; x_wconf 89' lang='lat' dir='ltr'>Conradus</span> <span class='ocrx_word' id='word_1_428' title='bbox 1961 1665 2095 1706; x_wconf 89' lang='lat' dir='ltr'>Knau-</span> 
     </span>
     <span class='ocr_line' id='line_1_75' title="bbox 1133 1729 2092 1780; baseline -0.002 -11"><span class='ocrx_word' id='word_1_429' title='bbox 1133 1731 1243 1770; x_wconf 86' lang='lat' dir='ltr'>thius</span> <span class='ocrx_word' id='word_1_430' title='bbox 1281 1729 1511 1780; x_wconf 79' lang='lat' dir='ltr'>singulatim</span> <span class='ocrx_word' id='word_1_431' title='bbox 1541 1729 1854 1780; x_wconf 88' lang='lat' dir='ltr'>descripserunt.</span> <span class='ocrx_word' id='word_1_432' title='bbox 1885 1729 2092 1768; x_wconf 87' lang='lat' dir='ltr'>Editiones</span> 
     </span>
     <span class='ocr_line' id='line_1_76' title="bbox 1134 1791 2091 1843; baseline -0.001 -12"><span class='ocrx_word' id='word_1_433' title='bbox 1134 1794 1239 1832; x_wconf 89' lang='lat' dir='ltr'>illius</span> <span class='ocrx_word' id='word_1_434' title='bbox 1271 1794 1402 1831; x_wconf 86' lang='lat' dir='ltr'>varias</span> <span class='ocrx_word' id='word_1_435' title='bbox 1432 1797 1614 1832; x_wconf 83' lang='lat' dir='ltr'>recenset</span> <span class='ocrx_word' id='word_1_436' title='bbox 1643 1793 1748 1831; x_wconf 88' lang='lat' dir='ltr'>Clar.</span> <span class='ocrx_word' id='word_1_437' title='bbox 1780 1791 2022 1843; x_wconf 75' lang='lat' dir='ltr'>Kreysigius</span> <span class='ocrx_word' id='word_1_438' title='bbox 2053 1793 2091 1830; x_wconf 89' lang='lat' dir='ltr'>in</span> 
     </span>
     <span class='ocr_line' id='line_1_77' title="bbox 1133 1855 2068 1906; baseline -0.003 -10"><span class='ocrx_word' id='word_1_439' title='bbox 1133 1856 1234 1896; x_wconf 90' lang='lat' dir='ltr'>Bibl.</span> <span class='ocrx_word' id='word_1_440' title='bbox 1266 1856 1457 1894; x_wconf 88' lang='lat' dir='ltr'>Historica</span> <span class='ocrx_word' id='word_1_441' title='bbox 1488 1856 1685 1894; x_wconf 76' lang='lat' dir='ltr'>Saxoniae</span> <span class='ocrx_word' id='word_1_442' title='bbox 1717 1856 1934 1906; x_wconf 82' lang='lat' dir='ltr'>superioris</span> <span class='ocrx_word' id='word_1_443' title='bbox 1960 1866 1996 1905; x_wconf 89' lang='lat' dir='ltr'>p.</span> <span class='ocrx_word' id='word_1_444' title='bbox 2031 1855 2068 1893; x_wconf 75' lang='lat'>4.</span> 
     </span>
    </p>

    <p class='ocr_par' dir='ltr' id='par_1_11' title="bbox 1135 1919 2105 2848">
     <span class='ocr_line' id='line_1_78' title="bbox 1192 1919 2099 1967; baseline -0.001 -9"><span class='ocrx_word' id='word_1_445' title='bbox 1192 1919 1436 1958; x_wconf 76' lang='lat' dir='ltr'>UFFINGUS</span> <span class='ocrx_word' id='word_1_446' title='bbox 1480 1919 1543 1958; x_wconf 91' lang='lat' dir='ltr'>vel</span> <span class='ocrx_word' id='word_1_447' title='bbox 1589 1919 1718 1958; x_wconf 86' lang='lat' dir='ltr'>UFFO</span> <span class='ocrx_word' id='word_1_448' title='bbox 1735 1950 1744 1967; x_wconf 90' lang='lat'>,</span> <span class='ocrx_word' id='word_1_449' title='bbox 1787 1919 2099 1957; x_wconf 88' lang='lat' dir='ltr'>Worcomiensis</span> 
     </span>
     <span class='ocr_line' id='line_1_79' title="bbox 1135 1979 2095 2030; baseline -0.002 -10"><span class='ocrx_word' id='word_1_450' title='bbox 1135 1982 1309 2030; x_wconf 89' lang='lat' dir='ltr'>Frisius,</span> <span class='ocrx_word' id='word_1_451' title='bbox 1334 1979 1432 2020; x_wconf 91' lang='lat' dir='ltr'>Ord.</span> <span class='ocrx_word' id='word_1_452' title='bbox 1462 1982 1500 2021; x_wconf 90' lang='lat' dir='ltr'>S.</span> <span class='ocrx_word' id='word_1_453' title='bbox 1541 1981 1769 2030; x_wconf 87' lang='lat' dir='ltr'>Benedicti,</span> <span class='ocrx_word' id='word_1_454' title='bbox 1803 1980 2022 2020; x_wconf 85' lang='lat' dir='ltr'>monachus</span> <span class='ocrx_word' id='word_1_455' title='bbox 2058 1981 2095 2019; x_wconf 92' lang='lat' dir='ltr'>in</span> 
     </span>
     <span class='ocr_line' id='line_1_80' title="bbox 1136 2043 2098 2094; baseline -0.003 -11"><span class='ocrx_word' id='word_1_456' title='bbox 1136 2044 1324 2083; x_wconf 89' lang='lat' dir='ltr'>coenobio</span> <span class='ocrx_word' id='word_1_457' title='bbox 1349 2043 1388 2082; x_wconf 89' lang='lat' dir='ltr'>S.</span> <span class='ocrx_word' id='word_1_458' title='bbox 1410 2043 1578 2094; x_wconf 87' lang='lat' dir='ltr'>Ludgeri</span> <span class='ocrx_word' id='word_1_459' title='bbox 1611 2044 1917 2090; x_wconf 81' lang='lat' dir='ltr'>Werthinensis,</span> <span class='ocrx_word' id='word_1_460' title='bbox 1939 2044 2098 2093; x_wconf 86' lang='lat' dir='ltr'>scripsit</span> 
     </span>
     <span class='ocr_line' id='line_1_81' title="bbox 1140 2105 2101 2158; baseline -0.003 -11"><span class='ocrx_word' id='word_1_461' title='bbox 1140 2107 1314 2147; x_wconf 79' lang='lat' dir='ltr'>Carmen</span> <span class='ocrx_word' id='word_1_462' title='bbox 1343 2105 1389 2145; x_wconf 84' lang='lat' dir='ltr'>cle</span> <span class='ocrx_word' id='word_1_463' title='bbox 1418 2107 1457 2146; x_wconf 89' lang='lat' dir='ltr'>S.</span> <span class='ocrx_word' id='word_1_464' title='bbox 1491 2106 1690 2158; x_wconf 69' lang='lat' dir='ltr'>Ludyero,</span> <span class='ocrx_word' id='word_1_465' title='bbox 1715 2106 1822 2158; x_wconf 91' lang='lat' dir='ltr'>quod</span> <span class='ocrx_word' id='word_1_466' title='bbox 1855 2106 2007 2146; x_wconf 89' lang='lat' dir='ltr'>editum</span> <span class='ocrx_word' id='word_1_467' title='bbox 2038 2109 2101 2144; x_wconf 88' lang='lat' dir='ltr'>est</span> 
     </span>
     <span class='ocr_line' id='line_1_82' title="bbox 1140 2168 2099 2220; baseline -0.001 -12"><span class='ocrx_word' id='word_1_468' title='bbox 1140 2171 1178 2208; x_wconf 92' lang='lat' dir='ltr'>in</span> <span class='ocrx_word' id='word_1_469' title='bbox 1203 2170 1315 2209; x_wconf 89' lang='lat' dir='ltr'>Actis</span> <span class='ocrx_word' id='word_1_470' title='bbox 1339 2169 1576 2209; x_wconf 64' lang='lat' dir='ltr'>Sanctwum</span> <span class='ocrx_word' id='word_1_471' title='bbox 1596 2174 1692 2210; x_wconf 89' lang='lat' dir='ltr'>tom.</span> <span class='ocrx_word' id='word_1_472' title='bbox 1716 2170 1783 2209; x_wconf 89' lang='grc' dir='ltr'><strong>ΙΙΙ.</strong></span> <span class='ocrx_word' id='word_1_473' title='bbox 1802 2171 1926 2209; x_wconf 87' lang='lat' dir='ltr'>Martii</span> <span class='ocrx_word' id='word_1_474' title='bbox 1950 2182 1985 2220; x_wconf 92' lang='lat' dir='ltr'>p.</span> <span class='ocrx_word' id='word_1_475' title='bbox 2006 2168 2099 2208; x_wconf 80' lang='lat'>659.</span> 
     </span>
     <span class='ocr_line' id='line_1_83' title="bbox 1144 2231 2098 2283; baseline 0 -12"><span class='ocrx_word' id='word_1_476' title='bbox 1144 2232 1268 2272; x_wconf 76' lang='lat' dir='ltr'>Vitam</span> <span class='ocrx_word' id='word_1_477' title='bbox 1304 2233 1343 2272; x_wconf 91' lang='lat' dir='ltr'>S.</span> <span class='ocrx_word' id='word_1_478' title='bbox 1380 2231 1493 2280; x_wconf 88' lang='lat' dir='ltr'>Ia&#39;ae,</span> <span class='ocrx_word' id='word_1_479' title='bbox 1523 2232 1667 2272; x_wconf 80' lang='lat' dir='ltr'>viduae</span> <span class='ocrx_word' id='word_1_480' title='bbox 1696 2233 1859 2283; x_wconf 86' lang='lat' dir='ltr'>Egberti</span> <span class='ocrx_word' id='word_1_481' title='bbox 1892 2233 2098 2271; x_wconf 80' lang='lat' dir='ltr'>Saxonum</span> 
     </span>
     <span class='ocr_line' id='line_1_84' title="bbox 1139 2293 2103 2346; baseline -0.001 -13"><span class='ocrx_word' id='word_1_482' title='bbox 1139 2296 1340 2346; x_wconf 83' lang='lat' dir='ltr'>principis,</span> <span class='ocrx_word' id='word_1_483' title='bbox 1363 2293 1466 2345; x_wconf 89' lang='lat' dir='ltr'>apud</span> <span class='ocrx_word' id='word_1_484' title='bbox 1493 2295 1654 2334; x_wconf 89' lang='lat' dir='ltr'>Surium</span> <span class='ocrx_word' id='word_1_485' title='bbox 1681 2294 1703 2333; x_wconf 95' lang='lat' dir='ltr'>d</span> <span class='ocrx_word' id='word_1_486' title='bbox 1741 2296 1761 2333; x_wconf 78' lang='lat'>4</span> <span class='ocrx_word' id='word_1_487' title='bbox 1788 2295 1897 2345; x_wconf 84' lang='lat' dir='ltr'>Sept.</span> <span class='ocrx_word' id='word_1_488' title='bbox 1921 2299 1962 2332; x_wconf 91' lang='lat' dir='ltr'>et</span> <span class='ocrx_word' id='word_1_489' title='bbox 1992 2294 2103 2333; x_wconf 88' lang='lat' dir='ltr'>Leib-</span> 
     </span>
     <span class='ocr_line' id='line_1_85' title="bbox 1141 2357 2098 2408; baseline -0.001 -12"><span class='ocrx_word' id='word_1_490' title='bbox 1141 2359 1280 2397; x_wconf 85' lang='lat' dir='ltr'>nitium</span> <span class='ocrx_word' id='word_1_491' title='bbox 1298 2362 1406 2395; x_wconf 89' lang='lat' dir='ltr'>tomo</span> <span class='ocrx_word' id='word_1_492' title='bbox 1428 2358 1457 2396; x_wconf 93' lang='lat'>1.</span> <span class='ocrx_word' id='word_1_493' title='bbox 1474 2357 1720 2408; x_wconf 89' lang='lat' dir='ltr'>Scriptorum</span> <span class='ocrx_word' id='word_1_494' title='bbox 1739 2357 2098 2396; x_wconf 87' lang='lat' dir='ltr'>Brunsuicensium</span> 
     </span>
     <span class='ocr_line' id='line_1_86' title="bbox 1141 2418 2105 2471; baseline 0 -13"><span class='ocrx_word' id='word_1_495' title='bbox 1141 2433 1178 2471; x_wconf 88' lang='lat' dir='ltr'>p.</span> <span class='ocrx_word' id='word_1_496' title='bbox 1200 2422 1292 2459; x_wconf 77' lang='lat'>471.</span> <span class='ocrx_word' id='word_1_497' title='bbox 1310 2420 1483 2460; x_wconf 83' lang='lat' dir='ltr'>Carmen</span> <span class='ocrx_word' id='word_1_498' title='bbox 1500 2418 1618 2459; x_wconf 85' lang='lat' dir='ltr'>breve</span> <span class='ocrx_word' id='word_1_499' title='bbox 1637 2419 1676 2458; x_wconf 85' lang='lat' dir='ltr'>in</span> <span class='ocrx_word' id='word_1_500' title='bbox 1693 2418 1849 2458; x_wconf 79' lang='lat' dir='ltr'>laudem</span> <span class='ocrx_word' id='word_1_501' title='bbox 1868 2418 2105 2459; x_wconf 80' lang='lat' dir='ltr'>monasterii</span> 
     </span>
     <span class='ocr_line' id='line_1_87' title="bbox 1148 2481 2101 2532; baseline -0.004 -8"><span class='ocrx_word' id='word_1_502' title='bbox 1148 2482 1452 2531; x_wconf 79' lang='lat' dir='ltr'>Werthinensis,</span> <span class='ocrx_word' id='word_1_503' title='bbox 1479 2482 1583 2532; x_wconf 84' lang='lat' dir='ltr'>apud</span> <span class='ocrx_word' id='word_1_504' title='bbox 1616 2481 1798 2521; x_wconf 89' lang='lat' dir='ltr'>Eundem</span> <span class='ocrx_word' id='word_1_505' title='bbox 1830 2486 1936 2519; x_wconf 87' lang='lat' dir='ltr'>tomo</span> <span class='ocrx_word' id='word_1_506' title='bbox 1966 2482 2031 2520; x_wconf 88' lang='grc' dir='ltr'><strong>ΙΙΙ.</strong></span> <span class='ocrx_word' id='word_1_507' title='bbox 2065 2493 2101 2531; x_wconf 87' lang='lat' dir='ltr'>p.</span> 
     </span>
     <span class='ocr_line' id='line_1_88' title="bbox 1141 2544 2101 2595; baseline -0.003 -11"><span class='ocrx_word' id='word_1_508' title='bbox 1141 2546 1229 2585; x_wconf 64' lang='lat'>6074.</span> <span class='ocrx_word' id='word_1_509' title='bbox 1253 2545 1376 2584; x_wconf 77' lang='lat' dir='ltr'>Vitam</span> <span class='ocrx_word' id='word_1_510' title='bbox 1397 2546 1434 2584; x_wconf 91' lang='lat' dir='ltr'>S.</span> <span class='ocrx_word' id='word_1_511' title='bbox 1455 2544 1578 2593; x_wconf 76' lang='lat' dir='ltr'>Lucii,</span> <span class='ocrx_word' id='word_1_512' title='bbox 1597 2545 1718 2595; x_wconf 89' lang='lat' dir='ltr'>Regis</span> <span class='ocrx_word' id='word_1_513' title='bbox 1739 2545 1981 2592; x_wconf 85' lang='lat' dir='ltr'>Britanniae,</span> <span class='ocrx_word' id='word_1_514' title='bbox 1999 2554 2101 2592; x_wconf 89' lang='lat' dir='ltr'>quae</span> 
     </span>
     <span class='ocr_line' id='line_1_89' title="bbox 1142 2604 2104 2647; baseline -0.004 0"><span class='ocrx_word' id='word_1_515' title='bbox 1142 2607 1320 2647; x_wconf 90' lang='lat' dir='ltr'>nondum</span> <span class='ocrx_word' id='word_1_516' title='bbox 1350 2613 1412 2647; x_wconf 80' lang='lat' dir='ltr'>est</span> <span class='ocrx_word' id='word_1_517' title='bbox 1440 2608 1557 2646; x_wconf 86' lang='lat' dir='ltr'>edita.</span> <span class='ocrx_word' id='word_1_518' title='bbox 1590 2608 1695 2646; x_wconf 79' lang='lat' dir='ltr'>Vixit</span> <span class='ocrx_word' id='word_1_519' title='bbox 1724 2608 1826 2645; x_wconf 85' lang='lat' dir='ltr'>circa</span> <span class='ocrx_word' id='word_1_520' title='bbox 1858 2617 1878 2645; x_wconf 90' lang='lat' dir='ltr'>a</span> <span class='ocrx_word' id='word_1_521' title='bbox 1909 2606 1954 2644; x_wconf 90' lang='lat' dir='ltr'>C.</span> <span class='ocrx_word' id='word_1_522' title='bbox 1987 2604 2104 2644; x_wconf 92' lang='lat'>1000.</span> 
     </span>
     <span class='ocr_line' id='line_1_90' title="bbox 1141 2667 2102 2720; baseline -0.007 -10"><span class='ocrx_word' id='word_1_523' title='bbox 1141 2671 1224 2711; x_wconf 82' lang='lat' dir='ltr'>Val.</span> <span class='ocrx_word' id='word_1_524' title='bbox 1255 2670 1438 2709; x_wconf 90' lang='lat' dir='ltr'>Andreae</span> <span class='ocrx_word' id='word_1_525' title='bbox 1463 2670 1559 2708; x_wconf 91' lang='lat' dir='ltr'>Bibl.</span> <span class='ocrx_word' id='word_1_526' title='bbox 1585 2670 1738 2719; x_wconf 78' lang='lat' dir='ltr'>Belgica</span> <span class='ocrx_word' id='word_1_527' title='bbox 1766 2681 1802 2720; x_wconf 91' lang='lat' dir='ltr'>p.</span> <span class='ocrx_word' id='word_1_528' title='bbox 1829 2668 1920 2707; x_wconf 66' lang='lat'>843.</span> <span class='ocrx_word' id='word_1_529' title='bbox 1942 2667 2102 2706; x_wconf 73' lang='lat' dir='ltr'>Swertii</span> 
     </span>
     <span class='ocr_line' id='line_1_91' title="bbox 1144 2729 2103 2783; baseline -0.005 -11"><span class='ocrx_word' id='word_1_530' title='bbox 1144 2733 1326 2773; x_wconf 89' lang='lat' dir='ltr'>Athenae</span> <span class='ocrx_word' id='word_1_531' title='bbox 1369 2731 1547 2783; x_wconf 83' lang='lat' dir='ltr'>Belgicae</span> <span class='ocrx_word' id='word_1_532' title='bbox 1577 2744 1615 2783; x_wconf 94' lang='lat' dir='ltr'>p.</span> <span class='ocrx_word' id='word_1_533' title='bbox 1658 2732 1736 2771; x_wconf 88' lang='grc'>699</span> <span class='ocrx_word' id='word_1_534' title='bbox 1772 2730 1970 2770; x_wconf 81' lang='lat' dir='ltr'>Suffridus</span> <span class='ocrx_word' id='word_1_535' title='bbox 2001 2729 2103 2768; x_wconf 90' lang='lat' dir='ltr'>Petri</span> 
     </span>
     <span class='ocr_line' id='line_1_92' title="bbox 1145 2795 1841 2848; baseline -0.007 -11"><span class='ocrx_word' id='word_1_536' title='bbox 1145 2797 1194 2837; x_wconf 92' lang='lat' dir='ltr'>de</span> <span class='ocrx_word' id='word_1_537' title='bbox 1225 2798 1362 2848; x_wconf 89' lang='lat' dir='ltr'>script.</span> <span class='ocrx_word' id='word_1_538' title='bbox 1391 2796 1539 2834; x_wconf 89' lang='lat' dir='ltr'>Frisiae</span> <span class='ocrx_word' id='word_1_539' title='bbox 1570 2796 1663 2834; x_wconf 90' lang='lat' dir='ltr'>Dec.</span> <span class='ocrx_word' id='word_1_540' title='bbox 1694 2795 1775 2833; x_wconf 86' lang='lat' dir='ltr'>Vll.</span> <span class='ocrx_word' id='word_1_541' title='bbox 1806 2795 1841 2833; x_wconf 80' lang='lat'>5.</span> 
     </span>
    </p>

    <p class='ocr_par' dir='ltr' id='par_1_12' title="bbox 1144 2854 2106 3396">
     <span class='ocr_line' id='line_1_93' title="bbox 1199 2854 2101 2911; baseline -0.006 -13"><span class='ocrx_word' id='word_1_542' title='bbox 1199 2859 1304 2911; x_wconf 89' lang='lat'>(336)</span> <span class='ocrx_word' id='word_1_543' title='bbox 1328 2858 1428 2898; x_wconf 90' lang='lat' dir='ltr'>UGO</span> <span class='ocrx_word' id='word_1_544' title='bbox 1449 2857 1632 2896; x_wconf 80' lang='lat' dir='ltr'>Andreae</span> <span class='ocrx_word' id='word_1_545' title='bbox 1660 2856 1798 2896; x_wconf 84' lang='lat' dir='ltr'>Bencii</span> <span class='ocrx_word' id='word_1_546' title='bbox 1817 2854 2015 2901; x_wconf 79' lang='lat' dir='ltr'>Senensis,</span> <span class='ocrx_word' id='word_1_547' title='bbox 2032 2855 2101 2894; x_wconf 85' lang='lat' dir='ltr'>Se-</span> 
     </span>
     <span class='ocr_line' id='line_1_94' title="bbox 1147 2917 2105 2971; baseline -0.008 -9"><span class='ocrx_word' id='word_1_548' title='bbox 1147 2922 1221 2971; x_wconf 90' lang='lat' dir='ltr'>nis,</span> <span class='ocrx_word' id='word_1_549' title='bbox 1242 2922 1482 2968; x_wconf 89' lang='lat' dir='ltr'>Florentiae,</span> <span class='ocrx_word' id='word_1_550' title='bbox 1514 2920 1714 2958; x_wconf 88' lang='lat' dir='ltr'>Bononiae</span> <span class='ocrx_word' id='word_1_551' title='bbox 1740 2924 1780 2956; x_wconf 89' lang='lat' dir='ltr'>et</span> <span class='ocrx_word' id='word_1_552' title='bbox 1813 2918 1958 2957; x_wconf 85' lang='lat' dir='ltr'>Patavii</span> <span class='ocrx_word' id='word_1_553' title='bbox 1988 2917 2105 2955; x_wconf 80' lang='lat' dir='ltr'>Medi-</span> 
     </span>
     <span class='ocr_line' id='line_1_95' title="bbox 1146 2980 2101 3030; baseline -0.007 -7"><span class='ocrx_word' id='word_1_554' title='bbox 1146 2986 1258 3024; x_wconf 89' lang='lat' dir='ltr'>cinae</span> <span class='ocrx_word' id='word_1_555' title='bbox 1284 2985 1435 3030; x_wconf 90' lang='lat' dir='ltr'>Lector,</span> <span class='ocrx_word' id='word_1_556' title='bbox 1465 2982 1627 3020; x_wconf 86' lang='lat' dir='ltr'>civitate</span> <span class='ocrx_word' id='word_1_557' title='bbox 1667 2981 1740 3019; x_wconf 88' lang='lat' dir='ltr'>hac</span> <span class='ocrx_word' id='word_1_558' title='bbox 1767 2981 1906 3019; x_wconf 86' lang='lat' dir='ltr'>ultima</span> <span class='ocrx_word' id='word_1_559' title='bbox 1944 2980 2013 3028; x_wconf 87' lang='lat' dir='ltr'>(ut</span> <span class='ocrx_word' id='word_1_560' title='bbox 2052 2990 2101 3017; x_wconf 75' lang='lat' dir='ltr'>ex</span> 
     </span>
     <span class='ocr_line' id='line_1_96' title="bbox 1149 3039 2106 3092; baseline -0.008 -8"><span class='ocrx_word' id='word_1_561' title='bbox 1149 3043 1321 3084; x_wconf 86' lang='lat' dir='ltr'>Consilio</span> <span class='ocrx_word' id='word_1_562' title='bbox 1343 3043 1384 3082; x_wconf 83' lang='grc'>81</span> <span class='ocrx_word' id='word_1_563' title='bbox 1412 3041 1422 3092; x_wconf 90' lang='grc'>)</span> <span class='ocrx_word' id='word_1_564' title='bbox 1453 3042 1568 3080; x_wconf 88' lang='lat' dir='ltr'>annis</span> <span class='ocrx_word' id='word_1_565' title='bbox 1595 3040 1770 3080; x_wconf 67' lang='lat'>4&#39;430-32</span> <span class='ocrx_word' id='word_1_566' title='bbox 1801 3040 1988 3090; x_wconf 70' lang='lat' dir='ltr'>degebat,</span> <span class='ocrx_word' id='word_1_567' title='bbox 2016 3039 2106 3076; x_wconf 88' lang='lat' dir='ltr'>Fer-</span> 
     </span>
     <span class='ocr_line' id='line_1_97' title="bbox 1147 3099 2105 3154; baseline -0.007 -8"><span class='ocrx_word' id='word_1_568' title='bbox 1147 3107 1248 3147; x_wconf 87' lang='lat' dir='ltr'>rarie</span> <span class='ocrx_word' id='word_1_569' title='bbox 1269 3105 1444 3152; x_wconf 88' lang='lat' dir='ltr'>demum,</span> <span class='ocrx_word' id='word_1_570' title='bbox 1468 3104 1598 3154; x_wconf 85' lang='lat' dir='ltr'>ibique</span> <span class='ocrx_word' id='word_1_571' title='bbox 1636 3114 1740 3142; x_wconf 91' lang='lat' dir='ltr'>anno</span> <span class='ocrx_word' id='word_1_572' title='bbox 1762 3101 1863 3141; x_wconf 78' lang='grc' dir='ltr'>Ηι39</span> <span class='ocrx_word' id='word_1_573' title='bbox 1889 3102 1996 3141; x_wconf 89' lang='lat' dir='ltr'>obiit.</span> <span class='ocrx_word' id='word_1_574' title='bbox 2038 3099 2105 3138; x_wconf 89' lang='lat' dir='ltr'>Vi—</span> 
     </span>
     <span class='ocr_line' id='line_1_98' title="bbox 1146 3165 2104 3215; baseline -0.006 -7"><span class='ocrx_word' id='word_1_575' title='bbox 1146 3175 1226 3209; x_wconf 88' lang='lat' dir='ltr'>tam</span> <span class='ocrx_word' id='word_1_576' title='bbox 1244 3170 1437 3208; x_wconf 90' lang='lat' dir='ltr'>Sozzinus</span> <span class='ocrx_word' id='word_1_577' title='bbox 1458 3168 1544 3205; x_wconf 90' lang='lat' dir='ltr'>eius</span> <span class='ocrx_word' id='word_1_578' title='bbox 1562 3166 1665 3204; x_wconf 86' lang='lat' dir='ltr'>filius</span> <span class='ocrx_word' id='word_1_579' title='bbox 1683 3166 1851 3215; x_wconf 87' lang='lat' dir='ltr'>eleganti</span> <span class='ocrx_word' id='word_1_580' title='bbox 1887 3165 1991 3215; x_wconf 74' lang='lat' dir='ltr'>stylo</span> <span class='ocrx_word' id='word_1_581' title='bbox 2030 3175 2104 3203; x_wconf 91' lang='lat' dir='ltr'>con</span> 
     </span>
     <span class='ocr_line' id='line_1_99' title="bbox 1146 3228 2096 3282; baseline -0.005 -11"><span class='ocrx_word' id='word_1_582' title='bbox 1146 3233 1316 3282; x_wconf 86' lang='lat' dir='ltr'>scripsit,</span> <span class='ocrx_word' id='word_1_583' title='bbox 1342 3234 1385 3268; x_wconf 88' lang='lat' dir='ltr'>ut</span> <span class='ocrx_word' id='word_1_584' title='bbox 1406 3240 1427 3268; x_wconf 93' lang='lat' dir='ltr'>a</span> <span class='ocrx_word' id='word_1_585' title='bbox 1448 3230 1598 3267; x_wconf 77' lang='lat' dir='ltr'>Joanne</span> <span class='ocrx_word' id='word_1_586' title='bbox 1622 3228 1806 3266; x_wconf 89' lang='lat' dir='ltr'>Tortellio</span> <span class='ocrx_word' id='word_1_587' title='bbox 1828 3228 1912 3266; x_wconf 88' lang='lat' dir='ltr'>voci</span> <span class='ocrx_word' id='word_1_588' title='bbox 1934 3228 2096 3266; x_wconf 73' lang='lat' dir='ltr'>HIPPO-</span> 
     </span>
     <span class='ocr_line' id='line_1_100' title="bbox 1146 3290 2101 3340; baseline -0.007 -6"><span class='ocrx_word' id='word_1_589' title='bbox 1146 3293 1343 3334; x_wconf 87' lang='lat' dir='ltr'>CRATES</span> <span class='ocrx_word' id='word_1_590' title='bbox 1357 3291 1564 3330; x_wconf 85' lang='lat' dir='ltr'>rescimus.</span> <span class='ocrx_word' id='word_1_591' title='bbox 1583 3290 1718 3328; x_wconf 87' lang='lat' dir='ltr'>Latine.</span> <span class='ocrx_word' id='word_1_592' title='bbox 1739 3290 1886 3340; x_wconf 87' lang='lat' dir='ltr'>scripta</span> <span class='ocrx_word' id='word_1_593' title='bbox 1911 3290 2101 3339; x_wconf 82' lang='lat' dir='ltr'>relinquit</span> 
     </span>
     <span class='ocr_line' id='line_1_101' title="bbox 1144 3350 2103 3396; baseline -0.007 0"><span class='ocrx_word' id='word_1_594' title='bbox 1144 3357 1202 3396; x_wconf 89' lang='lat' dir='ltr'>De</span> <span class='ocrx_word' id='word_1_595' title='bbox 1236 3352 1511 3395; x_wconf 82' lang='lat' dir='ltr'>conservanda</span> <span class='ocrx_word' id='word_1_596' title='bbox 1536 3350 1755 3393; x_wconf 78' lang='lat' dir='ltr'>valitudine</span> <span class='ocrx_word' id='word_1_597' title='bbox 1770 3353 1848 3392; x_wconf 82' lang='lat' dir='ltr'>MS.</span> <span class='ocrx_word' id='word_1_598' title='bbox 1867 3352 1904 3390; x_wconf 90' lang='lat' dir='ltr'>in</span> <span class='ocrx_word' id='word_1_599' title='bbox 1924 3351 2103 3391; x_wconf 86' lang='lat' dir='ltr'>Biblioth.</span> 
     </span>
    </p>
   </div>
  </div>
 </body>
</html>
