<?xml version="1.0" encoding="UTF-8"?>
<!DOCTYPE html PUBLIC "-//W3C//DTD XHTML 1.0 Transitional//EN"
    "http://www.w3.org/TR/xhtml1/DTD/xhtml1-transitional.dtd">
<html xmlns="http://www.w3.org/1999/xhtml" xml:lang="en" lang="en">
 <head>
  <title>
</title>
<meta http-equiv="Content-Type" content="text/html;charset=utf-8" />
  <meta name='ocr-system' content='tesseract 3.04.00' />
  <meta name='ocr-capabilities' content='ocr_page ocr_carea ocr_par ocr_line ocrx_word'/>
</head>
<body>
  <div class='ocr_page' id='page_1' title='image "./bibliothecalatin05fabruoft/bibliothecalatin05fabruoft_0653.png"; bbox 0 0 2517 4009; ppageno 0'>
   <div class='ocr_carea' id='block_1_1' title="bbox 672 221 1567 265">
    <p class='ocr_par' dir='ltr' id='par_1_1' title="bbox 672 221 1567 265">
     <span class='ocr_line' id='line_1_1' title="bbox 672 221 1567 265; baseline -0.001 -1"><span class='ocrx_word' id='word_1_1' title='bbox 672 225 755 265; x_wconf 84' lang='lat' dir='ltr'>DE</span> <span class='ocrx_word' id='word_1_2' title='bbox 805 221 1185 264; x_wconf 76' lang='lat' dir='ltr'>PRINCIPIS</span> <span class='ocrx_word' id='word_1_3' title='bbox 1231 222 1567 263; x_wconf 87' lang='lat' dir='ltr'>OFFICIIS</span> 
     </span>
    </p>
   </div>
   <div class='ocr_carea' id='block_1_2' title="bbox 133 299 1103 3433">
    <p class='ocr_par' dir='ltr' id='par_1_2' title="bbox 133 299 1103 3433">
     <span class='ocr_line' id='line_1_2' title="bbox 133 299 1093 358; baseline -0.006 -13"><span class='ocrx_word' id='word_1_4' title='bbox 133 316 290 358; x_wconf 77' lang='lat' dir='ltr'>quoque,</span> <span class='ocrx_word' id='word_1_5' title='bbox 341 301 444 356; x_wconf 90' lang='lat' dir='ltr'>apud</span> <span class='ocrx_word' id='word_1_6' title='bbox 494 305 864 356; x_wconf 75' lang='lat' dir='ltr'>impraesentiarum</span> <span class='ocrx_word' id='word_1_7' title='bbox 915 299 1093 342; x_wconf 80' lang='lat' dir='ltr'>fortassis</span> 
     </span>
     <span class='ocr_line' id='line_1_3' title="bbox 134 367 1095 419; baseline -0.002 -11"><span class='ocrx_word' id='word_1_8' title='bbox 134 370 340 408; x_wconf 87' lang='lat' dir='ltr'>eveniret:</span> <span class='ocrx_word' id='word_1_9' title='bbox 371 367 475 419; x_wconf 87' lang='lat' dir='ltr'>quod</span> <span class='ocrx_word' id='word_1_10' title='bbox 505 379 596 407; x_wconf 91' lang='lat' dir='ltr'>cum</span> <span class='ocrx_word' id='word_1_11' title='bbox 628 370 713 408; x_wconf 86' lang='lat' dir='ltr'>istic</span> <span class='ocrx_word' id='word_1_12' title='bbox 743 368 908 416; x_wconf 82' lang='lat' dir='ltr'>adesse,</span> <span class='ocrx_word' id='word_1_13' title='bbox 935 373 975 408; x_wconf 88' lang='lat' dir='ltr'>et</span> <span class='ocrx_word' id='word_1_14' title='bbox 1005 380 1095 419; x_wconf 88' lang='lat' dir='ltr'>ope-</span> 
     </span>
     <span class='ocr_line' id='line_1_4' title="bbox 135 433 1092 485; baseline -0.001 -11"><span class='ocrx_word' id='word_1_15' title='bbox 135 445 219 474; x_wconf 89' lang='lat' dir='ltr'>ram</span> <span class='ocrx_word' id='word_1_16' title='bbox 251 433 318 473; x_wconf 91' lang='lat' dir='ltr'>tibi</span> <span class='ocrx_word' id='word_1_17' title='bbox 358 445 548 484; x_wconf 83' lang='lat' dir='ltr'>praesens</span> <span class='ocrx_word' id='word_1_18' title='bbox 593 446 739 473; x_wconf 76' lang='lat' dir='ltr'>navare</span> <span class='ocrx_word' id='word_1_19' title='bbox 782 447 858 473; x_wconf 90' lang='lat' dir='ltr'>non</span> <span class='ocrx_word' id='word_1_20' title='bbox 903 446 1092 485; x_wconf 77' lang='lat' dir='ltr'>possum3</span> 
     </span>
     <span class='ocr_line' id='line_1_5' title="bbox 135 497 1095 547; baseline -0.001 -10"><span class='ocrx_word' id='word_1_21' title='bbox 135 502 268 538; x_wconf 82' lang='lat' dir='ltr'>tamen</span> <span class='ocrx_word' id='word_1_22' title='bbox 298 509 390 537; x_wconf 89' lang='lat' dir='ltr'>cum</span> <span class='ocrx_word' id='word_1_23' title='bbox 421 498 514 537; x_wconf 86' lang='lat' dir='ltr'>mihi</span> <span class='ocrx_word' id='word_1_24' title='bbox 547 497 594 536; x_wconf 84' lang='lat' dir='ltr'>do</span> <span class='ocrx_word' id='word_1_25' title='bbox 625 503 663 536; x_wconf 86' lang='lat' dir='ltr'>te</span> <span class='ocrx_word' id='word_1_26' title='bbox 694 499 852 547; x_wconf 83' lang='lat' dir='ltr'>saepius</span> <span class='ocrx_word' id='word_1_27' title='bbox 877 497 1095 545; x_wconf 74' lang='lat' dir='ltr'>diligentis-</span> 
     </span>
     <span class='ocr_line' id='line_1_6' title="bbox 135 560 1091 611; baseline 0 -12"><span class='ocrx_word' id='word_1_28' title='bbox 135 560 236 599; x_wconf 85' lang='lat' dir='ltr'>sime.</span> <span class='ocrx_word' id='word_1_29' title='bbox 285 560 556 611; x_wconf 69' lang='lat' dir='ltr'>percunctanti</span> <span class='ocrx_word' id='word_1_30' title='bbox 608 563 839 601; x_wconf 87' lang='lat' dir='ltr'>nunciatum</span> <span class='ocrx_word' id='word_1_31' title='bbox 886 562 1003 600; x_wconf 82' lang='lat' dir='ltr'>fuerit</span> <span class='ocrx_word' id='word_1_32' title='bbox 1056 562 1091 599; x_wconf 92' lang='lat' dir='ltr'>in</span> 
     </span>
     <span class='ocr_line' id='line_1_7' title="bbox 138 623 1096 675; baseline 0.001 -13"><span class='ocrx_word' id='word_1_33' title='bbox 138 623 307 673; x_wconf 81' lang='lat' dir='ltr'>magnis,</span> <span class='ocrx_word' id='word_1_34' title='bbox 337 623 537 674; x_wconf 86' lang='lat' dir='ltr'>variisque</span> <span class='ocrx_word' id='word_1_35' title='bbox 568 624 686 664; x_wconf 88' lang='lat' dir='ltr'>rebus</span> <span class='ocrx_word' id='word_1_36' title='bbox 717 624 1020 675; x_wconf 83' lang='lat' dir='ltr'>pertractandis,</span> <span class='ocrx_word' id='word_1_37' title='bbox 1051 636 1096 663; x_wconf 88' lang='lat' dir='ltr'>ac</span> 
     </span>
     <span class='ocr_line' id='line_1_8' title="bbox 136 686 1095 738; baseline 0.001 -13"><span class='ocrx_word' id='word_1_38' title='bbox 136 687 259 726; x_wconf 89' lang='lat' dir='ltr'>totius</span> <span class='ocrx_word' id='word_1_39' title='bbox 289 686 439 736; x_wconf 83' lang='lat' dir='ltr'>imperii</span> <span class='ocrx_word' id='word_1_40' title='bbox 473 687 529 726; x_wconf 89' lang='lat' dir='ltr'>tui</span> <span class='ocrx_word' id='word_1_41' title='bbox 561 687 848 738; x_wconf 78' lang='lat' dir='ltr'>&#39;gubernaculis</span> <span class='ocrx_word' id='word_1_42' title='bbox 893 693 931 726; x_wconf 81' lang='lat' dir='ltr'>te</span> <span class='ocrx_word' id='word_1_43' title='bbox 969 688 1095 727; x_wconf 82' lang='lat' dir='ltr'>solere</span> 
     </span>
     <span class='ocr_line' id='line_1_9' title="bbox 138 748 1097 802; baseline 0.001 -14"><span class='ocrx_word' id='word_1_44' title='bbox 138 749 306 789; x_wconf 86' lang='lat' dir='ltr'>versari:</span> <span class='ocrx_word' id='word_1_45' title='bbox 339 748 405 798; x_wconf 91' lang='lat' dir='ltr'>(id</span> <span class='ocrx_word' id='word_1_46' title='bbox 439 749 540 801; x_wconf 88' lang='lat' dir='ltr'>quod</span> <span class='ocrx_word' id='word_1_47' title='bbox 575 752 829 791; x_wconf 75' lang='lat' dir='ltr'>verissimum</span> <span class='ocrx_word' id='word_1_48' title='bbox 861 762 950 790; x_wconf 87' lang='lat' dir='ltr'>esse</span> <span class='ocrx_word' id='word_1_49' title='bbox 985 762 1097 802; x_wconf 86' lang='lat' dir='ltr'>opor-</span> 
     </span>
     <span class='ocr_line' id='line_1_10' title="bbox 137 814 1094 866; baseline 0.001 -14"><span class='ocrx_word' id='word_1_50' title='bbox 137 817 313 854; x_wconf 84' lang='lat' dir='ltr'>tet-cum</span> <span class='ocrx_word' id='word_1_51' title='bbox 345 817 385 852; x_wconf 89' lang='lat' dir='ltr'>et</span> <span class='ocrx_word' id='word_1_52' title='bbox 416 817 525 852; x_wconf 89' lang='lat' dir='ltr'>tanto</span> <span class='ocrx_word' id='word_1_53' title='bbox 555 825 711 863; x_wconf 77' lang='lat' dir='ltr'>genere,</span> <span class='ocrx_word' id='word_1_54' title='bbox 748 814 896 866; x_wconf 81' lang='lat' dir='ltr'>talique</span> <span class='ocrx_word' id='word_1_55' title='bbox 931 819 1094 866; x_wconf 80' lang='lat' dir='ltr'>parente</span> 
     </span>
     <span class='ocr_line' id='line_1_11' title="bbox 136 878 1095 929; baseline 0.001 -13"><span class='ocrx_word' id='word_1_56' title='bbox 136 881 228 916; x_wconf 87' lang='lat' dir='ltr'>nata</span> <span class='ocrx_word' id='word_1_57' title='bbox 259 878 336 916; x_wconf 90' lang='lat' dir='ltr'>sis:</span> <span class='ocrx_word' id='word_1_58' title='bbox 367 882 403 916; x_wconf 86' lang='lat' dir='ltr'>et</span> <span class='ocrx_word' id='word_1_59' title='bbox 437 878 593 927; x_wconf 67' lang='lat' dir='ltr'>ingenii,</span> <span class='ocrx_word' id='word_1_60' title='bbox 639 879 886 929; x_wconf 84' lang='lat' dir='ltr'>caeterisque</span> <span class='ocrx_word' id='word_1_61' title='bbox 931 882 1095 918; x_wconf 85' lang='lat' dir='ltr'>naturae</span> 
     </span>
     <span class='ocr_line' id='line_1_12' title="bbox 137 938 1094 986; baseline 0.001 -8"><span class='ocrx_word' id='word_1_62' title='bbox 137 938 294 978; x_wconf 89' lang='lat' dir='ltr'>dotibus</span> <span class='ocrx_word' id='word_1_63' title='bbox 323 940 531 984; x_wconf 82' lang='lat' dir='ltr'>abundes)</span> <span class='ocrx_word' id='word_1_64' title='bbox 563 941 636 981; x_wconf 84' lang='lat' dir='ltr'>hoc</span> <span class='ocrx_word' id='word_1_65' title='bbox 680 941 772 981; x_wconf 90' lang='lat' dir='ltr'>mihi</span> <span class='ocrx_word' id='word_1_66' title='bbox 816 941 1094 986; x_wconf 61' lang='lat' dir='ltr'>arrogaverim,</span> 
     </span>
     <span class='ocr_line' id='line_1_13' title="bbox 136 1003 1098 1055; baseline -0.001 -13"><span class='ocrx_word' id='word_1_67' title='bbox 136 1006 181 1042; x_wconf 88' lang='lat' dir='ltr'>ut</span> <span class='ocrx_word' id='word_1_68' title='bbox 196 1014 298 1054; x_wconf 82' lang='lat' dir='ltr'>quae</span> <span class='ocrx_word' id='word_1_69' title='bbox 318 1004 385 1042; x_wconf 87' lang='lat' dir='ltr'>tibi</span> <span class='ocrx_word' id='word_1_70' title='bbox 411 1003 457 1043; x_wconf 88' lang='lat' dir='ltr'>ad</span> <span class='ocrx_word' id='word_1_71' title='bbox 481 1004 515 1043; x_wconf 89' lang='lat' dir='ltr'>id</span> <span class='ocrx_word' id='word_1_72' title='bbox 536 1005 778 1055; x_wconf 88' lang='lat' dir='ltr'>propositum</span> <span class='ocrx_word' id='word_1_73' title='bbox 803 1005 955 1051; x_wconf 60' lang='lat' dir='ltr'>negotia</span> <span class='ocrx_word' id='word_1_74' title='bbox 974 1004 1098 1043; x_wconf 90' lang='lat' dir='ltr'>susci-</span> 
     </span>
     <span class='ocr_line' id='line_1_14' title="bbox 138 1065 1097 1118; baseline 0.001 -15"><span class='ocrx_word' id='word_1_75' title='bbox 138 1065 293 1117; x_wconf 84' lang='lat' dir='ltr'>pienda,</span> <span class='ocrx_word' id='word_1_76' title='bbox 323 1071 363 1105; x_wconf 87' lang='lat' dir='ltr'>et</span> <span class='ocrx_word' id='word_1_77' title='bbox 392 1067 536 1118; x_wconf 86' lang='lat' dir='ltr'>quibus</span> <span class='ocrx_word' id='word_1_78' title='bbox 565 1067 730 1114; x_wconf 76' lang='lat' dir='ltr'>artibus⁷</span> <span class='ocrx_word' id='word_1_79' title='bbox 774 1078 904 1117; x_wconf 88' lang='lat' dir='ltr'>quave</span> <span class='ocrx_word' id='word_1_80' title='bbox 949 1067 1097 1106; x_wconf 84' lang='lat' dir='ltr'>ratione</span> 
     </span>
     <span class='ocr_line' id='line_1_15' title="bbox 138 1127 1098 1173; baseline -0.001 -5"><span class='ocrx_word' id='word_1_81' title='bbox 138 1127 456 1169; x_wconf 81' lang='lat' dir='ltr'>administranda</span> <span class='ocrx_word' id='word_1_82' title='bbox 487 1131 580 1173; x_wconf 84' lang='lat' dir='ltr'>sint,</span> <span class='ocrx_word' id='word_1_83' title='bbox 613 1130 648 1167; x_wconf 87' lang='lat' dir='ltr'>in</span> <span class='ocrx_word' id='word_1_84' title='bbox 680 1129 824 1168; x_wconf 85' lang='lat' dir='ltr'>breves</span> <span class='ocrx_word' id='word_1_85' title='bbox 853 1132 1098 1167; x_wconf 86' lang='lat' dir='ltr'>commenta-</span> 
     </span>
     <span class='ocr_line' id='line_1_16' title="bbox 136 1191 1098 1243; baseline -0.001 -13"><span class='ocrx_word' id='word_1_86' title='bbox 136 1192 216 1230; x_wconf 89' lang='lat' dir='ltr'>rios</span> <span class='ocrx_word' id='word_1_87' title='bbox 247 1192 423 1240; x_wconf 71' lang='lat' dir='ltr'>redigere,</span> <span class='ocrx_word' id='word_1_88' title='bbox 453 1194 687 1241; x_wconf 79' lang='lat' dir='ltr'>statuerim3</span> <span class='ocrx_word' id='word_1_89' title='bbox 720 1204 848 1243; x_wconf 81' lang='lat' dir='ltr'>neque</span> <span class='ocrx_word' id='word_1_90' title='bbox 891 1191 926 1230; x_wconf 90' lang='lat' dir='ltr'>id</span> <span class='ocrx_word' id='word_1_91' title='bbox 971 1193 1098 1230; x_wconf 88' lang='lat' dir='ltr'>consi-</span> 
     </span>
     <span class='ocr_line' id='line_1_17' title="bbox 141 1251 1097 1305; baseline 0 -13"><span class='ocrx_word' id='word_1_92' title='bbox 141 1251 379 1302; x_wconf 79' lang='lat' dir='ltr'>deraverim⁷</span> <span class='ocrx_word' id='word_1_93' title='bbox 412 1266 482 1293; x_wconf 89' lang='lat' dir='ltr'>nos</span> <span class='ocrx_word' id='word_1_94' title='bbox 511 1266 531 1294; x_wconf 91' lang='lat' dir='ltr'>a</span> <span class='ocrx_word' id='word_1_95' title='bbox 562 1259 601 1293; x_wconf 84' lang='lat' dir='ltr'>te</span> <span class='ocrx_word' id='word_1_96' title='bbox 646 1255 789 1304; x_wconf 86' lang='lat' dir='ltr'>potius,</span> <span class='ocrx_word' id='word_1_97' title='bbox 833 1266 951 1305; x_wconf 88' lang='lat' dir='ltr'>quam</span> <span class='ocrx_word' id='word_1_98' title='bbox 996 1258 1034 1292; x_wconf 82' lang='lat' dir='ltr'>te</span> <span class='ocrx_word' id='word_1_99' title='bbox 1076 1265 1097 1293; x_wconf 94' lang='lat' dir='ltr'>a</span> 
     </span>
     <span class='ocr_line' id='line_1_18' title="bbox 140 1316 1100 1368; baseline 0.002 -14"><span class='ocrx_word' id='word_1_100' title='bbox 140 1316 253 1355; x_wconf 89' lang='lat' dir='ltr'>nobis</span> <span class='ocrx_word' id='word_1_101' title='bbox 285 1318 439 1366; x_wconf 82' lang='lat' dir='ltr'>instrui,</span> <span class='ocrx_word' id='word_1_102' title='bbox 471 1321 590 1368; x_wconf 86' lang='lat' dir='ltr'>atque</span> <span class='ocrx_word' id='word_1_103' title='bbox 620 1317 773 1356; x_wconf 82' lang='lat' dir='ltr'>edoceri</span> <span class='ocrx_word' id='word_1_104' title='bbox 805 1328 946 1367; x_wconf 84' lang='lat' dir='ltr'>posse:</span> <span class='ocrx_word' id='word_1_105' title='bbox 990 1328 1100 1368; x_wconf 81' lang='lat' dir='ltr'>prae-</span> 
     </span>
     <span class='ocr_line' id='line_1_19' title="bbox 140 1380 1097 1431; baseline 0 -14"><span class='ocrx_word' id='word_1_106' title='bbox 140 1380 278 1418; x_wconf 87' lang='lat' dir='ltr'>sertim</span> <span class='ocrx_word' id='word_1_107' title='bbox 309 1391 399 1420; x_wconf 86' lang='lat' dir='ltr'>cum</span> <span class='ocrx_word' id='word_1_108' title='bbox 432 1385 472 1419; x_wconf 84' lang='lat' dir='ltr'>et</span> <span class='ocrx_word' id='word_1_109' title='bbox 502 1380 644 1431; x_wconf 80' lang='lat' dir='ltr'>ingenii</span> <span class='ocrx_word' id='word_1_110' title='bbox 677 1380 732 1418; x_wconf 83' lang='lat' dir='ltr'>tui</span> <span class='ocrx_word' id='word_1_111' title='bbox 765 1380 893 1430; x_wconf 68' lang='lat' dir='ltr'>vigor,</span> <span class='ocrx_word' id='word_1_112' title='bbox 939 1383 978 1417; x_wconf 86' lang='lat' dir='ltr'>et</span> <span class='ocrx_word' id='word_1_113' title='bbox 1021 1380 1097 1417; x_wconf 94' lang='lat' dir='ltr'>vir-</span> 
     </span>
     <span class='ocr_line' id='line_1_20' title="bbox 141 1442 1100 1492; baseline 0 -13"><span class='ocrx_word' id='word_1_114' title='bbox 141 1445 272 1482; x_wconf 87' lang='lat' dir='ltr'>tutum</span> <span class='ocrx_word' id='word_1_115' title='bbox 305 1443 537 1482; x_wconf 82' lang='lat' dir='ltr'>excellentia</span> <span class='ocrx_word' id='word_1_116' title='bbox 572 1442 680 1489; x_wconf 91' lang='lat' dir='ltr'>mihi,</span> <span class='ocrx_word' id='word_1_117' title='bbox 710 1442 776 1492; x_wconf 87' lang='lat' dir='ltr'>qui</span> <span class='ocrx_word' id='word_1_118' title='bbox 808 1446 865 1479; x_wconf 92' lang='lat' dir='ltr'>tot</span> <span class='ocrx_word' id='word_1_119' title='bbox 894 1452 1019 1480; x_wconf 89' lang='lat' dir='ltr'>annos</span> <span class='ocrx_word' id='word_1_120' title='bbox 1044 1446 1100 1479; x_wconf 82' lang='lat' dir='ltr'>te-</span> 
     </span>
     <span class='ocr_line' id='line_1_21' title="bbox 138 1503 1096 1553; baseline -0.001 -10"><span class='ocrx_word' id='word_1_121' title='bbox 138 1515 228 1543; x_wconf 89' lang='lat' dir='ltr'>cum</span> <span class='ocrx_word' id='word_1_122' title='bbox 261 1506 356 1553; x_wconf 80' lang='lat' dir='ltr'>vixi,</span> <span class='ocrx_word' id='word_1_123' title='bbox 386 1517 462 1544; x_wconf 91' lang='lat' dir='ltr'>non</span> <span class='ocrx_word' id='word_1_124' title='bbox 496 1506 627 1551; x_wconf 71' lang='lat' dir='ltr'>ignota</span> <span class='ocrx_word' id='word_1_125' title='bbox 657 1515 746 1543; x_wconf 87' lang='lat' dir='ltr'>esse.</span> <span class='ocrx_word' id='word_1_126' title='bbox 785 1503 978 1543; x_wconf 84' lang='lat' dir='ltr'>debuerit.</span> <span class='ocrx_word' id='word_1_127' title='bbox 1021 1504 1096 1542; x_wconf 87' lang='lat' dir='ltr'>Sed</span> 
     </span>
     <span class='ocr_line' id='line_1_22' title="bbox 137 1566 1100 1618; baseline 0 -12"><span class='ocrx_word' id='word_1_128' title='bbox 137 1567 241 1615; x_wconf 84' lang='lat' dir='ltr'>licet,</span> <span class='ocrx_word' id='word_1_129' title='bbox 272 1567 418 1618; x_wconf 82' lang='lat' dir='ltr'>inclyta</span> <span class='ocrx_word' id='word_1_130' title='bbox 451 1567 654 1613; x_wconf 81' lang='lat' dir='ltr'>Eiianora⁷</span> <span class='ocrx_word' id='word_1_131' title='bbox 683 1568 852 1606; x_wconf 85' lang='lat' dir='ltr'>caeteris</span> <span class='ocrx_word' id='word_1_132' title='bbox 899 1568 934 1605; x_wconf 93' lang='lat' dir='ltr'>in</span> <span class='ocrx_word' id='word_1_133' title='bbox 981 1566 1100 1606; x_wconf 83' lang='lat' dir='ltr'>rebus</span> 
     </span>
     <span class='ocr_line' id='line_1_23' title="bbox 137 1629 1098 1679; baseline 0 -11"><span class='ocrx_word' id='word_1_134' title='bbox 137 1629 171 1668; x_wconf 85' lang='lat' dir='ltr'>si</span> <span class='ocrx_word' id='word_1_135' title='bbox 203 1633 242 1669; x_wconf 84' lang='lat' dir='ltr'>te</span> <span class='ocrx_word' id='word_1_136' title='bbox 268 1642 428 1669; x_wconf 80' lang='lat' dir='ltr'>monere</span> <span class='ocrx_word' id='word_1_137' title='bbox 449 1629 630 1675; x_wconf 79' lang='lat' dir='ltr'>audeam,</span> <span class='ocrx_word' id='word_1_138' title='bbox 656 1633 776 1679; x_wconf 84' lang='lat' dir='ltr'>atque</span> <span class='ocrx_word' id='word_1_139' title='bbox 797 1629 893 1668; x_wconf 84' lang='lat' dir='ltr'>adeo</span> <span class='ocrx_word' id='word_1_140' title='bbox 918 1631 1098 1676; x_wconf 66' lang='lat' dir='ltr'>cogitem,</span> 
     </span>
     <span class='ocr_line' id='line_1_24' title="bbox 140 1691 1097 1743; baseline 0 -13"><span class='ocrx_word' id='word_1_141' title='bbox 140 1703 202 1730; x_wconf 85' lang='lat' dir='ltr'>me</span> <span class='ocrx_word' id='word_1_142' title='bbox 231 1691 538 1743; x_wconf 82' lang='lat' dir='ltr'>reprehensione</span> <span class='ocrx_word' id='word_1_143' title='bbox 569 1691 732 1738; x_wconf 65' lang='lat' dir='ltr'>dignum</span> <span class='ocrx_word' id='word_1_144' title='bbox 765 1703 854 1730; x_wconf 88' lang='lat' dir='ltr'>esse</span> <span class='ocrx_word' id='word_1_145' title='bbox 884 1692 1097 1732; x_wconf 84' lang='lat' dir='ltr'>confiteor:</span> 
     </span>
     <span class='ocr_line' id='line_1_25' title="bbox 137 1754 1099 1804; baseline 0.001 -11"><span class='ocrx_word' id='word_1_146' title='bbox 137 1765 182 1794; x_wconf 85' lang='lat' dir='ltr'>ea</span> <span class='ocrx_word' id='word_1_147' title='bbox 213 1760 345 1794; x_wconf 85' lang='lat' dir='ltr'>tamen</span> <span class='ocrx_word' id='word_1_148' title='bbox 378 1756 475 1794; x_wconf 88' lang='lat' dir='ltr'>ratio</span> <span class='ocrx_word' id='word_1_149' title='bbox 506 1766 581 1793; x_wconf 93' lang='lat' dir='ltr'>non</span> <span class='ocrx_word' id='word_1_150' title='bbox 613 1766 776 1804; x_wconf 78' lang='lat' dir='ltr'>parvam</span> <span class='ocrx_word' id='word_1_151' title='bbox 812 1754 905 1793; x_wconf 87' lang='lat' dir='ltr'>mihi</span> <span class='ocrx_word' id='word_1_152' title='bbox 936 1754 982 1794; x_wconf 89' lang='lat' dir='ltr'>ad</span> <span class='ocrx_word' id='word_1_153' title='bbox 1026 1755 1099 1794; x_wconf 83' lang='lat' dir='ltr'>hoc</span> 
     </span>
     <span class='ocr_line' id='line_1_26' title="bbox 140 1816 1098 1867; baseline 0.001 -11"><span class='ocrx_word' id='word_1_154' title='bbox 140 1817 376 1867; x_wconf 79' lang='lat' dir='ltr'>opusculum</span> <span class='ocrx_word' id='word_1_155' title='bbox 424 1817 490 1856; x_wconf 90' lang='lat' dir='ltr'>tibi</span> <span class='ocrx_word' id='word_1_156' title='bbox 535 1816 865 1856; x_wconf 79' lang='lat' dir='ltr'>conscribendum</span> <span class='ocrx_word' id='word_1_157' title='bbox 913 1817 1098 1857; x_wconf 80' lang='lat' dir='ltr'>fiduciam</span> 
     </span>
     <span class='ocr_line' id='line_1_27' title="bbox 138 1879 1098 1931; baseline 0.001 -13"><span class='ocrx_word' id='word_1_158' title='bbox 138 1879 342 1931; x_wconf 80' lang='lat' dir='ltr'>praebuit;</span> <span class='ocrx_word' id='word_1_159' title='bbox 372 1879 474 1931; x_wconf 75' lang='lat' dir='ltr'>quod</span> <span class='ocrx_word' id='word_1_160' title='bbox 507 1880 737 1927; x_wconf 82' lang='lat' dir='ltr'>muitarum,</span> <span class='ocrx_word' id='word_1_161' title='bbox 784 1892 1098 1930; x_wconf 63' lang='lat' dir='ltr'>magnarumque</span> 
     </span>
     <span class='ocr_line' id='line_1_28' title="bbox 138 1942 1097 1993; baseline 0.001 -13"><span class='ocrx_word' id='word_1_162' title='bbox 138 1953 270 1982; x_wconf 88' lang='lat' dir='ltr'>rerum</span> <span class='ocrx_word' id='word_1_163' title='bbox 303 1954 414 1984; x_wconf 75' lang='lat' dir='ltr'>usus,</span> <span class='ocrx_word' id='word_1_164' title='bbox 444 1943 480 1981; x_wconf 91' lang='lat' dir='ltr'>in</span> <span class='ocrx_word' id='word_1_165' title='bbox 521 1942 666 1993; x_wconf 83' lang='lat' dir='ltr'>quibus</span> <span class='ocrx_word' id='word_1_166' title='bbox 710 1943 765 1981; x_wconf 84' lang='lat' dir='ltr'>tui</span> <span class='ocrx_word' id='word_1_167' title='bbox 815 1944 1097 1993; x_wconf 66' lang='lat' dir='ltr'>sapientissimi</span> 
     </span>
     <span class='ocr_line' id='line_1_29' title="bbox 136 2004 1097 2057; baseline 0.001 -14"><span class='ocrx_word' id='word_1_168' title='bbox 136 2006 314 2056; x_wconf 84' lang='lat' dir='ltr'>parentis</span> <span class='ocrx_word' id='word_1_169' title='bbox 357 2004 600 2051; x_wconf 64' lang='lat' dir='ltr'>benignitate</span> <span class='ocrx_word' id='word_1_170' title='bbox 648 2006 804 2055; x_wconf 79' lang='lat' dir='ltr'>potius,</span> <span class='ocrx_word' id='word_1_171' title='bbox 854 2018 972 2057; x_wconf 86' lang='lat' dir='ltr'>quam</span> <span class='ocrx_word' id='word_1_172' title='bbox 1020 2006 1097 2045; x_wconf 79' lang='lat' dir='ltr'>ulla</span> 
     </span>
     <span class='ocr_line' id='line_1_30' title="bbox 137 2066 1098 2120; baseline 0.003 -16"><span class='ocrx_word' id='word_1_173' title='bbox 137 2077 222 2106; x_wconf 85' lang='lat' dir='ltr'>mea</span> <span class='ocrx_word' id='word_1_174' title='bbox 253 2066 444 2118; x_wconf 83' lang='lat' dir='ltr'>dignitate</span> <span class='ocrx_word' id='word_1_175' title='bbox 465 2069 580 2120; x_wconf 77' lang='lat' dir='ltr'>longo</span> <span class='ocrx_word' id='word_1_176' title='bbox 601 2066 682 2118; x_wconf 86' lang='lat' dir='ltr'>jam</span> <span class='ocrx_word' id='word_1_177' title='bbox 709 2072 886 2117; x_wconf 85' lang='lat' dir='ltr'>tempore</span> <span class='ocrx_word' id='word_1_178' title='bbox 914 2073 1098 2108; x_wconf 87' lang='lat' dir='ltr'>versatus</span> 
     </span>
     <span class='ocr_line' id='line_1_31' title="bbox 135 2130 1097 2182; baseline 0 -14"><span class='ocrx_word' id='word_1_179' title='bbox 135 2139 252 2179; x_wconf 79' lang='lat' dir='ltr'>sum3</span> <span class='ocrx_word' id='word_1_180' title='bbox 285 2141 361 2169; x_wconf 90' lang='lat' dir='ltr'>non</span> <span class='ocrx_word' id='word_1_181' title='bbox 394 2130 535 2179; x_wconf 84' lang='lat' dir='ltr'>dicam,</span> <span class='ocrx_word' id='word_1_182' title='bbox 569 2142 630 2170; x_wconf 83' lang='lat' dir='ltr'>me</span> <span class='ocrx_word' id='word_1_183' title='bbox 661 2131 728 2181; x_wconf 82' lang='lat' dir='ltr'>qui</span> <span class='ocrx_word' id='word_1_184' title='bbox 760 2131 889 2182; x_wconf 76' lang='lat' dir='ltr'>aliqua</span> <span class='ocrx_word' id='word_1_185' title='bbox 933 2132 1097 2170; x_wconf 83' lang='lat' dir='ltr'>fortasse.</span> 
     </span>
     <span class='ocr_line' id='line_1_32' title="bbox 136 2191 1095 2245; baseline 0.002 -15"><span class='ocrx_word' id='word_1_186' title='bbox 136 2191 279 2243; x_wconf 80' lang='lat' dir='ltr'>ingenii</span> <span class='ocrx_word' id='word_1_187' title='bbox 330 2193 602 2233; x_wconf 83' lang='lat' dir='ltr'>mediocritate.</span> <span class='ocrx_word' id='word_1_188' title='bbox 652 2195 807 2233; x_wconf 82' lang='lat' dir='ltr'>censeri</span> <span class='ocrx_word' id='word_1_189' title='bbox 857 2206 976 2245; x_wconf 84' lang='lat' dir='ltr'>queo.</span> <span class='ocrx_word' id='word_1_190' title='bbox 1028 2193 1095 2233; x_wconf 88' lang='lat' dir='ltr'>sed</span> 
     </span>
     <span class='ocr_line' id='line_1_33' title="bbox 136 2256 1097 2306; baseline 0.003 -13"><span class='ocrx_word' id='word_1_191' title='bbox 136 2256 323 2306; x_wconf 85' lang='lat' dir='ltr'>quamvis</span> <span class='ocrx_word' id='word_1_192' title='bbox 355 2256 474 2295; x_wconf 88' lang='lat' dir='ltr'>etiam</span> <span class='ocrx_word' id='word_1_193' title='bbox 507 2257 678 2296; x_wconf 78' lang='lat' dir='ltr'>maxime</span> <span class='ocrx_word' id='word_1_194' title='bbox 708 2258 902 2296; x_wconf 91' lang='lat' dir='ltr'>rusticum</span> <span class='ocrx_word' id='word_1_195' title='bbox 934 2257 1009 2296; x_wconf 88' lang='lat' dir='ltr'>sub</span> <span class='ocrx_word' id='word_1_196' title='bbox 1040 2261 1097 2296; x_wconf 87' lang='lat' dir='ltr'>ta-</span> 
     </span>
     <span class='ocr_line' id='line_1_34' title="bbox 137 2317 1099 2370; baseline 0.003 -14"><span class='ocrx_word' id='word_1_197' title='bbox 137 2317 198 2366; x_wconf 81' lang='lat' dir='ltr'>lis,</span> <span class='ocrx_word' id='word_1_198' title='bbox 230 2319 410 2370; x_wconf 84' lang='lat' dir='ltr'>tantique</span> <span class='ocrx_word' id='word_1_199' title='bbox 447 2321 714 2370; x_wconf 85' lang='lat' dir='ltr'>praeceptoris</span> <span class='ocrx_word' id='word_1_200' title='bbox 759 2320 963 2370; x_wconf 78' lang='lat' dir='ltr'>disciplina</span> <span class='ocrx_word' id='word_1_201' title='bbox 1009 2331 1099 2359; x_wconf 92' lang='lat' dir='ltr'>eru-</span> 
     </span>
     <span class='ocr_line' id='line_1_35' title="bbox 137 2378 1098 2433; baseline 0.003 -15"><span class='ocrx_word' id='word_1_202' title='bbox 137 2378 233 2427; x_wconf 88' lang='lat' dir='ltr'>dire,</span> <span class='ocrx_word' id='word_1_203' title='bbox 263 2384 302 2419; x_wconf 86' lang='lat' dir='ltr'>et</span> <span class='ocrx_word' id='word_1_204' title='bbox 331 2380 377 2420; x_wconf 92' lang='lat' dir='ltr'>ad</span> <span class='ocrx_word' id='word_1_205' title='bbox 409 2379 602 2433; x_wconf 81' lang='lat' dir='ltr'>ejusmodi</span> <span class='ocrx_word' id='word_1_206' title='bbox 651 2387 859 2432; x_wconf 73' lang='lat' dir='ltr'>praecepta</span> <span class='ocrx_word' id='word_1_207' title='bbox 907 2383 1098 2421; x_wconf 79' lang='lat' dir='ltr'>exercita-</span> 
     </span>
     <span class='ocr_line' id='line_1_36' title="bbox 138 2442 1095 2495; baseline 0.003 -15"><span class='ocrx_word' id='word_1_208' title='bbox 138 2445 222 2481; x_wconf 88' lang='lat' dir='ltr'>tum</span> <span class='ocrx_word' id='word_1_209' title='bbox 254 2442 418 2481; x_wconf 83' lang='lat' dir='ltr'>reddere</span> <span class='ocrx_word' id='word_1_210' title='bbox 449 2443 587 2492; x_wconf 85' lang='lat' dir='ltr'>potuit.</span> <span class='ocrx_word' id='word_1_211' title='bbox 617 2444 754 2494; x_wconf 80' lang='lat' dir='ltr'>Itaque</span> <span class='ocrx_word' id='word_1_212' title='bbox 785 2445 816 2482; x_wconf 90' lang='lat' dir='ltr'>si</span> <span class='ocrx_word' id='word_1_213' title='bbox 858 2443 949 2495; x_wconf 90' lang='lat' dir='ltr'>quid</span> <span class='ocrx_word' id='word_1_214' title='bbox 981 2455 1000 2482; x_wconf 92' lang='lat' dir='ltr'>a</span> <span class='ocrx_word' id='word_1_215' title='bbox 1033 2456 1095 2483; x_wconf 81' lang='lat' dir='ltr'>me</span> 
     </span>
     <span class='ocr_line' id='line_1_37' title="bbox 138 2503 1096 2556; baseline 0.002 -13"><span class='ocrx_word' id='word_1_216' title='bbox 138 2503 303 2554; x_wconf 86' lang='lat' dir='ltr'>dicetur,</span> <span class='ocrx_word' id='word_1_217' title='bbox 327 2505 436 2556; x_wconf 83' lang='lat' dir='ltr'>-quod</span> <span class='ocrx_word' id='word_1_218' title='bbox 470 2517 544 2544; x_wconf 92' lang='lat' dir='ltr'>non</span> <span class='ocrx_word' id='word_1_219' title='bbox 574 2505 875 2556; x_wconf 88' lang='lat' dir='ltr'>improbandum</span> <span class='ocrx_word' id='word_1_220' title='bbox 902 2506 1096 2554; x_wconf 85' lang='lat' dir='ltr'>videatur,</span> 
     </span>
     <span class='ocr_line' id='line_1_38' title="bbox 139 2566 1099 2618; baseline 0 -12"><span class='ocrx_word' id='word_1_221' title='bbox 139 2566 174 2606; x_wconf 83' lang='lat' dir='ltr'>id</span> <span class='ocrx_word' id='word_1_222' title='bbox 208 2579 282 2606; x_wconf 89' lang='lat' dir='ltr'>non</span> <span class='ocrx_word' id='word_1_223' title='bbox 317 2569 533 2607; x_wconf 87' lang='lat' dir='ltr'>inventioni</span> <span class='ocrx_word' id='word_1_224' title='bbox 557 2579 683 2615; x_wconf 84' lang='lat' dir='ltr'>meae,</span> <span class='ocrx_word' id='word_1_225' title='bbox 710 2567 778 2606; x_wconf 88' lang='lat' dir='ltr'>sed</span> <span class='ocrx_word' id='word_1_226' title='bbox 806 2569 930 2618; x_wconf 84' lang='lat' dir='ltr'>ipsius</span> <span class='ocrx_word' id='word_1_227' title='bbox 960 2580 1099 2618; x_wconf 85' lang='lat' dir='ltr'>paren-</span> 
     </span>
     <span class='ocr_line' id='line_1_39' title="bbox 140 2631 1094 2682; baseline 0 -13"><span class='ocrx_word' id='word_1_228' title='bbox 140 2631 190 2669; x_wconf 82' lang='lat' dir='ltr'>tis</span> <span class='ocrx_word' id='word_1_229' title='bbox 222 2631 278 2670; x_wconf 86' lang='lat' dir='ltr'>tui</span> <span class='ocrx_word' id='word_1_230' title='bbox 304 2632 520 2681; x_wconf 68' lang='lat' dir='ltr'>sapientiae</span> <span class='ocrx_word' id='word_1_231' title='bbox 547 2642 665 2682; x_wconf 85' lang='lat' dir='ltr'>prope</span> <span class='ocrx_word' id='word_1_232' title='bbox 688 2632 850 2669; x_wconf 77' lang='lat' dir='ltr'>Divinae</span> <span class='ocrx_word' id='word_1_233' title='bbox 874 2632 1094 2680; x_wconf 78' lang='lat' dir='ltr'>attribuit03</span> 
     </span>
     <span class='ocr_line' id='line_1_40' title="bbox 138 2694 1097 2746; baseline 0.001 -14"><span class='ocrx_word' id='word_1_234' title='bbox 138 2698 178 2732; x_wconf 84' lang='lat' dir='ltr'>et</span> <span class='ocrx_word' id='word_1_235' title='bbox 207 2706 297 2734; x_wconf 89' lang='lat' dir='ltr'>eum</span> <span class='ocrx_word' id='word_1_236' title='bbox 331 2695 467 2745; x_wconf 82' lang='lat' dir='ltr'>magis,</span> <span class='ocrx_word' id='word_1_237' title='bbox 497 2706 614 2746; x_wconf 85' lang='lat' dir='ltr'>quam</span> <span class='ocrx_word' id='word_1_238' title='bbox 648 2706 711 2733; x_wconf 76' lang='lat' dir='ltr'>me</span> <span class='ocrx_word' id='word_1_239' title='bbox 746 2694 864 2746; x_wconf 77' lang='lat' dir='ltr'>loqui,</span> <span class='ocrx_word' id='word_1_240' title='bbox 895 2695 1097 2733; x_wconf 83' lang='lat' dir='ltr'>existima-</span> 
     </span>
     <span class='ocr_line' id='line_1_41' title="bbox 140 2756 1096 2803; baseline 0 -8"><span class='ocrx_word' id='word_1_241' title='bbox 140 2760 204 2803; x_wconf 84' lang='lat' dir='ltr'>to,</span> <span class='ocrx_word' id='word_1_242' title='bbox 235 2756 283 2796; x_wconf 91' lang='lat' dir='ltr'>ab</span> <span class='ocrx_word' id='word_1_243' title='bbox 314 2757 403 2796; x_wconf 88' lang='lat' dir='ltr'>iiius</span> <span class='ocrx_word' id='word_1_244' title='bbox 427 2758 530 2795; x_wconf 88' lang='lat' dir='ltr'>enim</span> <span class='ocrx_word' id='word_1_245' title='bbox 556 2757 728 2796; x_wconf 82' lang='lat' dir='ltr'>fontibus</span> <span class='ocrx_word' id='word_1_246' title='bbox 754 2758 883 2795; x_wconf 87' lang='lat' dir='ltr'>omnis</span> <span class='ocrx_word' id='word_1_247' title='bbox 909 2757 1004 2795; x_wconf 81' lang='lat' dir='ltr'>haec</span> <span class='ocrx_word' id='word_1_248' title='bbox 1031 2769 1096 2796; x_wconf 92' lang='lat' dir='ltr'>no-</span> 
     </span>
     <span class='ocr_line' id='line_1_42' title="bbox 139 2818 1097 2869; baseline 0 -11"><span class='ocrx_word' id='word_1_249' title='bbox 139 2823 220 2858; x_wconf 86' lang='lat' dir='ltr'>stra</span> <span class='ocrx_word' id='word_1_250' title='bbox 253 2819 430 2859; x_wconf 87' lang='lat' dir='ltr'>doctrina</span> <span class='ocrx_word' id='word_1_251' title='bbox 458 2821 646 2859; x_wconf 86' lang='lat' dir='ltr'>manavit.</span> <span class='ocrx_word' id='word_1_252' title='bbox 677 2818 774 2859; x_wconf 81' lang='lat' dir='ltr'>Illud</span> <span class='ocrx_word' id='word_1_253' title='bbox 803 2824 1004 2869; x_wconf 81' lang='lat' dir='ltr'>praeterea</span> <span class='ocrx_word' id='word_1_254' title='bbox 1036 2831 1097 2858; x_wconf 90' lang='lat' dir='ltr'>co-</span> 
     </span>
     <span class='ocr_line' id='line_1_43' title="bbox 140 2881 1098 2933; baseline 0.001 -14"><span class='ocrx_word' id='word_1_255' title='bbox 140 2881 296 2933; x_wconf 76' lang='lat' dir='ltr'>gitabiS‚</span> <span class='ocrx_word' id='word_1_256' title='bbox 325 2882 451 2921; x_wconf 80' lang='lat' dir='ltr'>solere</span> <span class='ocrx_word' id='word_1_257' title='bbox 482 2882 643 2933; x_wconf 81' lang='lat' dir='ltr'>quidem</span> <span class='ocrx_word' id='word_1_258' title='bbox 686 2882 883 2921; x_wconf 85' lang='lat' dir='ltr'>interdum</span> <span class='ocrx_word' id='word_1_259' title='bbox 927 2882 1098 2931; x_wconf 84' lang='lat' dir='ltr'>juvenes</span> 
     </span>
     <span class='ocr_line' id='line_1_44' title="bbox 140 2944 1097 2997; baseline 0 -14"><span class='ocrx_word' id='word_1_260' title='bbox 140 2945 359 2996; x_wconf 75' lang='lat' dir='ltr'>prudentes</span> <span class='ocrx_word' id='word_1_261' title='bbox 387 2946 589 2997; x_wconf 70' lang='lat' dir='ltr'>appellari,</span> <span class='ocrx_word' id='word_1_262' title='bbox 619 2944 721 2996; x_wconf 87' lang='lat' dir='ltr'>quod</span> <span class='ocrx_word' id='word_1_263' title='bbox 755 2946 790 2982; x_wconf 93' lang='lat' dir='ltr'>in</span> <span class='ocrx_word' id='word_1_264' title='bbox 818 2949 855 2982; x_wconf 79' lang='lat' dir='ltr'>te</span> <span class='ocrx_word' id='word_1_265' title='bbox 882 2945 995 2995; x_wconf 82' lang='lat' dir='ltr'>piane</span> <span class='ocrx_word' id='word_1_266' title='bbox 1025 2945 1097 2983; x_wconf 84' lang='lat' dir='ltr'>dici</span> 
     </span>
     <span class='ocr_line' id='line_1_45' title="bbox 140 3007 1097 3059; baseline 0 -13"><span class='ocrx_word' id='word_1_267' title='bbox 140 3012 284 3058; x_wconf 83' lang='lat' dir='ltr'>potest,</span> <span class='ocrx_word' id='word_1_268' title='bbox 315 3014 354 3048; x_wconf 81' lang='lat' dir='ltr'>et</span> <span class='ocrx_word' id='word_1_269' title='bbox 383 3010 509 3059; x_wconf 81' lang='lat' dir='ltr'>soiet3</span> <span class='ocrx_word' id='word_1_270' title='bbox 532 3009 598 3048; x_wconf 83' lang='lat' dir='ltr'>sed</span> <span class='ocrx_word' id='word_1_271' title='bbox 626 3014 757 3048; x_wconf 88' lang='lat' dir='ltr'>tamen</span> <span class='ocrx_word' id='word_1_272' title='bbox 785 3007 992 3058; x_wconf 83' lang='lat' dir='ltr'>prudentia</span> <span class='ocrx_word' id='word_1_273' title='bbox 1016 3009 1097 3059; x_wconf 88' lang='lat' dir='ltr'>ipsa</span> 
     </span>
     <span class='ocr_line' id='line_1_46' title="bbox 140 3070 1097 3124; baseline 0.001 -16"><span class='ocrx_word' id='word_1_274' title='bbox 140 3070 203 3110; x_wconf 88' lang='lat' dir='ltr'>vel</span> <span class='ocrx_word' id='word_1_275' title='bbox 234 3070 313 3119; x_wconf 87' lang='lat' dir='ltr'>diu,</span> <span class='ocrx_word' id='word_1_276' title='bbox 345 3077 384 3111; x_wconf 87' lang='lat' dir='ltr'>et</span> <span class='ocrx_word' id='word_1_277' title='bbox 416 3073 644 3124; x_wconf 83' lang='lat' dir='ltr'>frequenter</span> <span class='ocrx_word' id='word_1_278' title='bbox 674 3070 923 3120; x_wconf 70' lang='lat' dir='ltr'>experiendo,</span> <span class='ocrx_word' id='word_1_279' title='bbox 956 3071 1017 3109; x_wconf 86' lang='lat' dir='ltr'>vei</span> <span class='ocrx_word' id='word_1_280' title='bbox 1050 3071 1097 3109; x_wconf 86' lang='lat' dir='ltr'>ab</span> 
     </span>
     <span class='ocr_line' id='line_1_47' title="bbox 141 3129 1101 3183; baseline 0.001 -16"><span class='ocrx_word' id='word_1_281' title='bbox 141 3129 216 3178; x_wconf 88' lang='lat' dir='ltr'>his,</span> <span class='ocrx_word' id='word_1_282' title='bbox 246 3133 311 3182; x_wconf 86' lang='lat' dir='ltr'>qui</span> <span class='ocrx_word' id='word_1_283' title='bbox 343 3134 496 3183; x_wconf 80' lang='lat' dir='ltr'>experti</span> <span class='ocrx_word' id='word_1_284' title='bbox 527 3137 635 3179; x_wconf 81' lang='lat' dir='ltr'>sunt,</span> <span class='ocrx_word' id='word_1_285' title='bbox 666 3130 860 3171; x_wconf 84' lang='lat' dir='ltr'>audiendo</span> <span class='ocrx_word' id='word_1_286' title='bbox 900 3141 1101 3179; x_wconf 82' lang='lat' dir='ltr'>compara—</span> 
     </span>
     <span class='ocr_line' id='line_1_48' title="bbox 143 3194 1095 3244; baseline -0.001 -13"><span class='ocrx_word' id='word_1_287' title='bbox 143 3197 219 3232; x_wconf 89' lang='lat' dir='ltr'>tur.</span> <span class='ocrx_word' id='word_1_288' title='bbox 251 3194 439 3241; x_wconf 83' lang='lat' dir='ltr'>Quocirca</span> <span class='ocrx_word' id='word_1_289' title='bbox 471 3198 607 3235; x_wconf 88' lang='lat' dir='ltr'>tritum</span> <span class='ocrx_word' id='word_1_290' title='bbox 640 3199 702 3233; x_wconf 86' lang='lat' dir='ltr'>est</span> <span class='ocrx_word' id='word_1_291' title='bbox 732 3204 913 3232; x_wconf 85' lang='lat' dir='ltr'>sermone</span> <span class='ocrx_word' id='word_1_292' title='bbox 940 3204 1095 3244; x_wconf 88' lang='lat' dir='ltr'>prover-</span> 
     </span>
     <span class='ocr_line' id='line_1_49' title="bbox 143 3254 1098 3309; baseline -0.001 -15"><span class='ocrx_word' id='word_1_293' title='bbox 143 3254 278 3295; x_wconf 87' lang='lat' dir='ltr'>bium:</span> <span class='ocrx_word' id='word_1_294' title='bbox 316 3258 460 3309; x_wconf 86' lang='lat' dir='ltr'>quibus</span> <span class='ocrx_word' id='word_1_295' title='bbox 506 3259 542 3295; x_wconf 91' lang='lat' dir='ltr'>in</span> <span class='ocrx_word' id='word_1_296' title='bbox 588 3257 705 3295; x_wconf 85' lang='lat' dir='ltr'>rebus</span> <span class='ocrx_word' id='word_1_297' title='bbox 748 3255 917 3303; x_wconf 83' lang='lat' dir='ltr'>dubites,</span> <span class='ocrx_word' id='word_1_298' title='bbox 963 3266 1098 3294; x_wconf 86' lang='lat' dir='ltr'>earum</span> 
     </span>
     <span class='ocr_line' id='line_1_50' title="bbox 145 3316 1101 3370; baseline -0.004 -12"><span class='ocrx_word' id='word_1_299' title='bbox 145 3319 290 3370; x_wconf 78' lang='lat' dir='ltr'>peritos</span> <span class='ocrx_word' id='word_1_300' title='bbox 320 3330 410 3359; x_wconf 86' lang='lat' dir='ltr'>esse</span> <span class='ocrx_word' id='word_1_301' title='bbox 438 3318 727 3359; x_wconf 86' lang='lat' dir='ltr'>consulendos:</span> <span class='ocrx_word' id='word_1_302' title='bbox 760 3318 816 3356; x_wconf 86' lang='lat' dir='ltr'>sic</span> <span class='ocrx_word' id='word_1_303' title='bbox 855 3318 959 3355; x_wconf 86' lang='lat' dir='ltr'>enim</span> <span class='ocrx_word' id='word_1_304' title='bbox 1006 3316 1101 3365; x_wconf 80' lang='lat' dir='ltr'>fieri,</span> 
     </span>
     <span class='ocr_line' id='line_1_51' title="bbox 147 3378 1103 3433; baseline -0.004 -12"><span class='ocrx_word' id='word_1_305' title='bbox 147 3385 192 3422; x_wconf 86' lang='lat' dir='ltr'>ut</span> <span class='ocrx_word' id='word_1_306' title='bbox 221 3392 323 3433; x_wconf 82' lang='lat' dir='ltr'>quac</span> <span class='ocrx_word' id='word_1_307' title='bbox 352 3394 428 3421; x_wconf 93' lang='lat' dir='ltr'>non</span> <span class='ocrx_word' id='word_1_308' title='bbox 461 3384 545 3421; x_wconf 82' lang='lat' dir='ltr'>sino</span> <span class='ocrx_word' id='word_1_309' title='bbox 584 3381 725 3428; x_wconf 84' lang='lat' dir='ltr'>labore,</span> <span class='ocrx_word' id='word_1_310' title='bbox 770 3384 839 3419; x_wconf 82' lang='lat' dir='ltr'>aut</span> <span class='ocrx_word' id='word_1_311' title='bbox 877 3378 1103 3430; x_wconf 76' lang='lat' dir='ltr'>sumptibus</span> 
     </span>
    </p>
   </div>
   <div class='ocr_carea' id='block_1_3' title="bbox 1170 217 2130 1025">
    <p class='ocr_par' dir='ltr' id='par_1_3' title="bbox 1170 217 2130 1025">
     <span class='ocr_line' id='line_1_52' title="bbox 2042 217 2117 259; baseline 0.013 -1"><span class='ocrx_word' id='word_1_312' title='bbox 2042 217 2117 259; x_wconf 65' lang='lat'>6⁴⁴7</span> 
     </span>
     <span class='ocr_line' id='line_1_53' title="bbox 1172 287 2127 346; baseline 0 -14"><span class='ocrx_word' id='word_1_313' title='bbox 1172 295 1242 346; x_wconf 88' lang='lat' dir='ltr'>ipsi</span> <span class='ocrx_word' id='word_1_314' title='bbox 1271 296 1472 335; x_wconf 80' lang='lat' dir='ltr'>consecuti</span> <span class='ocrx_word' id='word_1_315' title='bbox 1503 300 1624 345; x_wconf 82' lang='lat' dir='ltr'>sunt3</span> <span class='ocrx_word' id='word_1_316' title='bbox 1649 306 1693 335; x_wconf 87' lang='lat' dir='ltr'>ea</span> <span class='ocrx_word' id='word_1_317' title='bbox 1718 294 1786 334; x_wconf 87' lang='lat' dir='ltr'>tibi</span> <span class='ocrx_word' id='word_1_318' title='bbox 1818 287 1944 340; x_wconf 76' lang='lat' dir='ltr'>facile,</span> <span class='ocrx_word' id='word_1_319' title='bbox 1972 297 2012 332; x_wconf 87' lang='lat' dir='ltr'>et</span> <span class='ocrx_word' id='word_1_320' title='bbox 2041 305 2127 345; x_wconf 85' lang='lat' dir='ltr'>gra-</span> 
     </span>
     <span class='ocr_line' id='line_1_54' title="bbox 1171 356 2126 410; baseline -0.002 -14"><span class='ocrx_word' id='word_1_321' title='bbox 1171 359 1221 396; x_wconf 87' lang='lat' dir='ltr'>tis</span> <span class='ocrx_word' id='word_1_322' title='bbox 1253 359 1539 410; x_wconf 86' lang='lat' dir='ltr'>impertiantur.</span> <span class='ocrx_word' id='word_1_323' title='bbox 1571 359 1652 410; x_wconf 85' lang='lat' dir='ltr'>Ego</span> <span class='ocrx_word' id='word_1_324' title='bbox 1698 368 1791 398; x_wconf 85' lang='lat' dir='ltr'>vero</span> <span class='ocrx_word' id='word_1_325' title='bbox 1833 357 1882 396; x_wconf 81' lang='lat' dir='ltr'>de</span> <span class='ocrx_word' id='word_1_326' title='bbox 1925 356 1987 396; x_wconf 87' lang='lat' dir='ltr'>his</span> <span class='ocrx_word' id='word_1_327' title='bbox 2031 357 2126 408; x_wconf 84' lang='lat' dir='ltr'>ipsis</span> 
     </span>
     <span class='ocr_line' id='line_1_55' title="bbox 1170 420 2127 474; baseline -0.001 -14"><span class='ocrx_word' id='word_1_328' title='bbox 1170 421 1287 461; x_wconf 84' lang='lat' dir='ltr'>rebus</span> <span class='ocrx_word' id='word_1_329' title='bbox 1319 424 1354 460; x_wconf 87' lang='lat' dir='ltr'>in</span> <span class='ocrx_word' id='word_1_330' title='bbox 1386 423 1530 473; x_wconf 86' lang='lat' dir='ltr'>quibus</span> <span class='ocrx_word' id='word_1_331' title='bbox 1569 421 1721 474; x_wconf 84' lang='lat' dir='ltr'>jamdiu</span> <span class='ocrx_word' id='word_1_332' title='bbox 1756 422 2000 460; x_wconf 81' lang='lat' dir='ltr'>exercitatus</span> <span class='ocrx_word' id='word_1_333' title='bbox 2045 420 2127 460; x_wconf 80' lang='lat' dir='ltr'>fue-</span> 
     </span>
     <span class='ocr_line' id='line_1_56' title="bbox 1171 483 2126 532; baseline 0.001 -10"><span class='ocrx_word' id='word_1_334' title='bbox 1171 495 1266 529; x_wconf 91' lang='lat' dir='ltr'>ram,</span> <span class='ocrx_word' id='word_1_335' title='bbox 1299 489 1340 524; x_wconf 86' lang='lat' dir='ltr'>ut</span> <span class='ocrx_word' id='word_1_336' title='bbox 1373 497 1434 523; x_wconf 84' lang='lat' dir='ltr'>me</span> <span class='ocrx_word' id='word_1_337' title='bbox 1473 484 1539 523; x_wconf 89' lang='lat' dir='ltr'>tibi</span> <span class='ocrx_word' id='word_1_338' title='bbox 1573 486 1608 522; x_wconf 94' lang='lat' dir='ltr'>in</span> <span class='ocrx_word' id='word_1_339' title='bbox 1654 484 1864 523; x_wconf 84' lang='lat' dir='ltr'>consilium</span> <span class='ocrx_word' id='word_1_340' title='bbox 1902 483 2126 532; x_wconf 79' lang='lat' dir='ltr'>adhiberes,</span> 
     </span>
     <span class='ocr_line' id='line_1_57' title="bbox 1171 546 2129 598; baseline 0.002 -15"><span class='ocrx_word' id='word_1_341' title='bbox 1171 558 1245 584; x_wconf 90' lang='lat' dir='ltr'>non</span> <span class='ocrx_word' id='word_1_342' title='bbox 1273 549 1503 598; x_wconf 78' lang='lat' dir='ltr'>expectavi3</span> <span class='ocrx_word' id='word_1_343' title='bbox 1530 547 1596 585; x_wconf 86' lang='lat' dir='ltr'>sed</span> <span class='ocrx_word' id='word_1_344' title='bbox 1618 549 1860 598; x_wconf 81' lang='lat' dir='ltr'>praevenire,</span> <span class='ocrx_word' id='word_1_345' title='bbox 1881 551 1921 585; x_wconf 83' lang='lat' dir='ltr'>et</span> <span class='ocrx_word' id='word_1_346' title='bbox 1941 546 2129 586; x_wconf 79' lang='lat' dir='ltr'>audacter</span> 
     </span>
     <span class='ocr_line' id='line_1_58' title="bbox 1172 609 2129 661; baseline 0.001 -14"><span class='ocrx_word' id='word_1_347' title='bbox 1172 621 1232 647; x_wconf 84' lang='lat' dir='ltr'>me.</span> <span class='ocrx_word' id='word_1_348' title='bbox 1263 610 1329 649; x_wconf 89' lang='lat' dir='ltr'>tibi</span> <span class='ocrx_word' id='word_1_349' title='bbox 1361 611 1499 650; x_wconf 81' lang='lat' dir='ltr'>offerre</span> <span class='ocrx_word' id='word_1_350' title='bbox 1532 611 1648 650; x_wconf 91' lang='lat' dir='ltr'>volui.</span> <span class='ocrx_word' id='word_1_351' title='bbox 1681 610 1765 657; x_wconf 89' lang='lat' dir='ltr'>Qua</span> <span class='ocrx_word' id='word_1_352' title='bbox 1802 609 1961 661; x_wconf 74' lang='lat' dir='ltr'>quidem</span> <span class='ocrx_word' id='word_1_353' title='bbox 2006 611 2042 647; x_wconf 93' lang='lat' dir='ltr'>in</span> <span class='ocrx_word' id='word_1_354' title='bbox 2088 621 2129 649; x_wconf 76' lang='lat' dir='ltr'>re</span> 
     </span>
     <span class='ocr_line' id='line_1_59' title="bbox 1170 673 2130 725; baseline -0.003 -13"><span class='ocrx_word' id='word_1_355' title='bbox 1170 674 1215 718; x_wconf 87' lang='lat' dir='ltr'>si,</span> <span class='ocrx_word' id='word_1_356' title='bbox 1248 677 1290 711; x_wconf 88' lang='lat' dir='ltr'>ut</span> <span class='ocrx_word' id='word_1_357' title='bbox 1319 673 1368 712; x_wconf 89' lang='lat' dir='ltr'>ab</span> <span class='ocrx_word' id='word_1_358' title='bbox 1399 674 1508 711; x_wconf 85' lang='lat' dir='ltr'>initio</span> <span class='ocrx_word' id='word_1_359' title='bbox 1538 673 1615 712; x_wconf 73' lang='lat' dir='ltr'>dixi</span> <span class='ocrx_word' id='word_1_360' title='bbox 1647 684 1836 725; x_wconf 78' lang='lat' dir='ltr'>arrogans</span> <span class='ocrx_word' id='word_1_361' title='bbox 1868 673 2034 712; x_wconf 77' lang='lat' dir='ltr'>fortasse,</span> <span class='ocrx_word' id='word_1_362' title='bbox 2073 674 2130 710; x_wconf 87' lang='lat' dir='ltr'>vi·</span> 
     </span>
     <span class='ocr_line' id='line_1_60' title="bbox 1172 734 2127 787; baseline 0 -14"><span class='ocrx_word' id='word_1_363' title='bbox 1172 746 1242 774; x_wconf 87' lang='lat' dir='ltr'>sus</span> <span class='ocrx_word' id='word_1_364' title='bbox 1273 735 1409 774; x_wconf 81' lang='lat' dir='ltr'>fuero:</span> <span class='ocrx_word' id='word_1_365' title='bbox 1455 740 1498 774; x_wconf 92' lang='lat' dir='ltr'>ut</span> <span class='ocrx_word' id='word_1_366' title='bbox 1542 735 1630 774; x_wconf 90' lang='lat' dir='ltr'>boni</span> <span class='ocrx_word' id='word_1_367' title='bbox 1675 735 1872 782; x_wconf 72' lang='lat' dir='ltr'>consutas,</span> <span class='ocrx_word' id='word_1_368' title='bbox 1904 746 2009 787; x_wconf 83' lang='lat' dir='ltr'>rogo.</span> <span class='ocrx_word' id='word_1_369' title='bbox 2044 734 2127 774; x_wconf 90' lang='lat' dir='ltr'>Non</span> 
     </span>
     <span class='ocr_line' id='line_1_61' title="bbox 1172 797 2126 849; baseline 0 -13"><span class='ocrx_word' id='word_1_370' title='bbox 1172 800 1396 837; x_wconf 84' lang='lat' dir='ltr'>temeritate</span> <span class='ocrx_word' id='word_1_371' title='bbox 1428 797 1502 837; x_wconf 88' lang='lat' dir='ltr'>ulia</span> <span class='ocrx_word' id='word_1_372' title='bbox 1535 797 1572 836; x_wconf 84' lang='lat' dir='ltr'>id</span> <span class='ocrx_word' id='word_1_373' title='bbox 1604 809 1817 849; x_wconf 70' lang='lat' dir='ltr'>aggressus</span> <span class='ocrx_word' id='word_1_374' title='bbox 1848 799 1914 845; x_wconf 84' lang='lat' dir='ltr'>fui⁷</span> <span class='ocrx_word' id='word_1_375' title='bbox 1953 797 2021 836; x_wconf 86' lang='lat' dir='ltr'>sed</span> <span class='ocrx_word' id='word_1_376' title='bbox 2060 799 2126 849; x_wconf 90' lang='lat' dir='ltr'>qui</span> 
     </span>
     <span class='ocr_line' id='line_1_62' title="bbox 1171 859 2127 912; baseline 0.002 -14"><span class='ocrx_word' id='word_1_377' title='bbox 1171 859 1306 899; x_wconf 86' lang='lat' dir='ltr'>honori</span> <span class='ocrx_word' id='word_1_378' title='bbox 1349 865 1416 899; x_wconf 89' lang='lat' dir='ltr'>tuo</span> <span class='ocrx_word' id='word_1_379' title='bbox 1461 871 1619 911; x_wconf 80' lang='lat' dir='ltr'>semper</span> <span class='ocrx_word' id='word_1_380' title='bbox 1664 861 1834 912; x_wconf 81' lang='lat' dir='ltr'>invigilo,</span> <span class='ocrx_word' id='word_1_381' title='bbox 1874 862 2020 911; x_wconf 85' lang='lat' dir='ltr'>quique</span> <span class='ocrx_word' id='word_1_382' title='bbox 2061 866 2127 900; x_wconf 86' lang='lat' dir='ltr'>tua</span> 
     </span>
     <span class='ocr_line' id='line_1_63' title="bbox 1172 922 2130 974; baseline 0.002 -13"><span class='ocrx_word' id='word_1_383' title='bbox 1172 922 1287 962; x_wconf 83' lang='lat' dir='ltr'>laudo</span> <span class='ocrx_word' id='word_1_384' title='bbox 1320 923 1444 962; x_wconf 81' lang='lat' dir='ltr'>multo</span> <span class='ocrx_word' id='word_1_385' title='bbox 1474 923 1592 962; x_wconf 88' lang='lat' dir='ltr'>etiam</span> <span class='ocrx_word' id='word_1_386' title='bbox 1624 924 1750 974; x_wconf 82' lang='lat' dir='ltr'>magis</span> <span class='ocrx_word' id='word_1_387' title='bbox 1779 934 1897 974; x_wconf 85' lang='lat' dir='ltr'>quam</span> <span class='ocrx_word' id='word_1_388' title='bbox 1932 935 2016 963; x_wconf 84' lang='lat' dir='ltr'>mea</span> <span class='ocrx_word' id='word_1_389' title='bbox 2065 923 2130 963; x_wconf 82' lang='lat' dir='ltr'>de-</span> 
     </span>
     <span class='ocr_line' id='line_1_64' title="bbox 1174 986 1308 1025; baseline 0 0"><span class='ocrx_word' id='word_1_390' title='bbox 1174 986 1308 1025; x_wconf 82' lang='lat' dir='ltr'>lector.</span> 
     </span>
    </p>
   </div>
   <div class='ocr_carea' id='block_1_4' title="bbox 1489 1056 1812 1110">
    <p class='ocr_par' dir='ltr' id='par_1_4' title="bbox 1489 1056 1812 1110">
     <span class='ocr_line' id='line_1_65' title="bbox 1489 1056 1812 1110; baseline 0.006 -14"><span class='ocrx_word' id='word_1_391' title='bbox 1489 1056 1632 1110; x_wconf 81' lang='lat' dir='ltr'>Operis</span> <span class='ocrx_word' id='word_1_392' title='bbox 1659 1057 1812 1098; x_wconf 76' lang='grc' dir='ltr'><em>άῐυὶείο.</em></span> 
     </span>
    </p>
   </div>
   <div class='ocr_carea' id='block_1_5' title="bbox 1172 1132 2134 2093">
    <p class='ocr_par' dir='ltr' id='par_1_5' title="bbox 1260 1132 1284 1155">
     <span class='ocr_line' id='line_1_66' title="bbox 1260 1132 1284 1155; baseline 0 -18"><span class='ocrx_word' id='word_1_393' title='bbox 1260 1132 1284 1155; x_wconf 53' lang='lat' dir='ltr'><strong>w</strong></span> 
     </span>
    </p>

    <p class='ocr_par' dir='ltr' id='par_1_6' title="bbox 1172 1133 2134 2093">
     <span class='ocr_line' id='line_1_67' title="bbox 1228 1133 2126 1225; baseline 0.004 -13"><span class='ocrx_word' id='word_1_394' title='bbox 1228 1133 1457 1225; x_wconf 53' lang='lat' dir='ltr'>(Jogitanti</span> <span class='ocrx_word' id='word_1_395' title='bbox 1491 1174 1596 1219; x_wconf 81' lang='lat' dir='ltr'>mihi,</span> <span class='ocrx_word' id='word_1_396' title='bbox 1628 1175 1898 1214; x_wconf 82' lang='lat' dir='ltr'>illustrissima</span> <span class='ocrx_word' id='word_1_397' title='bbox 1931 1175 2126 1224; x_wconf 77' lang='lat' dir='ltr'>Elianora,</span> 
     </span>
     <span class='ocr_line' id='line_1_68' title="bbox 1173 1239 2132 1290; baseline 0.003 -15"><span class='ocrx_word' id='word_1_398' title='bbox 1173 1241 1213 1275; x_wconf 82' lang='lat' dir='ltr'>et</span> <span class='ocrx_word' id='word_1_399' title='bbox 1244 1248 1447 1289; x_wconf 78' lang='lat' dir='ltr'>persaepe,</span> <span class='ocrx_word' id='word_1_400' title='bbox 1479 1249 1523 1277; x_wconf 88' lang='lat' dir='ltr'>ac</span> <span class='ocrx_word' id='word_1_401' title='bbox 1560 1239 1768 1289; x_wconf 82' lang='lat' dir='ltr'>diiigenter</span> <span class='ocrx_word' id='word_1_402' title='bbox 1809 1239 1940 1278; x_wconf 86' lang='lat' dir='ltr'>animo</span> <span class='ocrx_word' id='word_1_403' title='bbox 1982 1245 2132 1290; x_wconf 88' lang='lat' dir='ltr'>pertra-</span> 
     </span>
     <span class='ocr_line' id='line_1_69' title="bbox 1172 1301 2130 1354; baseline 0.002 -17"><span class='ocrx_word' id='word_1_404' title='bbox 1172 1301 1294 1338; x_wconf 89' lang='lat' dir='ltr'>ctanti</span> <span class='ocrx_word' id='word_1_405' title='bbox 1325 1305 1496 1351; x_wconf 87' lang='lat' dir='ltr'>quatuor</span> <span class='ocrx_word' id='word_1_406' title='bbox 1521 1303 1771 1352; x_wconf 84' lang='lat' dir='ltr'>potissimum</span> <span class='ocrx_word' id='word_1_407' title='bbox 1797 1304 2042 1354; x_wconf 78' lang='lat' dir='ltr'>negotiorum</span> <span class='ocrx_word' id='word_1_408' title='bbox 2066 1314 2130 1354; x_wconf 78' lang='lat' dir='ltr'>ge-</span> 
     </span>
     <span class='ocr_line' id='line_1_70' title="bbox 1174 1363 2130 1416; baseline 0.004 -16"><span class='ocrx_word' id='word_1_409' title='bbox 1174 1374 1266 1401; x_wconf 87' lang='lat' dir='ltr'>nera</span> <span class='ocrx_word' id='word_1_410' title='bbox 1298 1374 1386 1401; x_wconf 85' lang='lat' dir='ltr'>esse</span> <span class='ocrx_word' id='word_1_411' title='bbox 1419 1363 1616 1411; x_wconf 76' lang='lat' dir='ltr'>videntur,</span> <span class='ocrx_word' id='word_1_412' title='bbox 1641 1376 1742 1416; x_wconf 85' lang='lat' dir='ltr'>quae</span> <span class='ocrx_word' id='word_1_413' title='bbox 1772 1364 1818 1404; x_wconf 89' lang='lat' dir='ltr'>ad</span> <span class='ocrx_word' id='word_1_414' title='bbox 1849 1376 1984 1404; x_wconf 88' lang='lat' dir='ltr'>curam</span> <span class='ocrx_word' id='word_1_415' title='bbox 2007 1370 2130 1415; x_wconf 84' lang='lat' dir='ltr'>tuam,</span> 
     </span>
     <span class='ocr_line' id='line_1_71' title="bbox 1173 1425 2128 1478; baseline 0.004 -15"><span class='ocrx_word' id='word_1_416' title='bbox 1173 1425 1428 1477; x_wconf 83' lang='lat' dir='ltr'>officiumque</span> <span class='ocrx_word' id='word_1_417' title='bbox 1478 1429 1675 1477; x_wconf 84' lang='lat' dir='ltr'>pertinere</span> <span class='ocrx_word' id='word_1_418' title='bbox 1719 1431 1912 1478; x_wconf 80' lang='lat' dir='ltr'>possunt3</span> <span class='ocrx_word' id='word_1_419' title='bbox 1961 1439 2128 1478; x_wconf 85' lang='lat' dir='ltr'>quorum</span> 
     </span>
     <span class='ocr_line' id='line_1_72' title="bbox 1174 1489 2130 1541; baseline 0.004 -16"><span class='ocrx_word' id='word_1_420' title='bbox 1174 1489 1345 1538; x_wconf 85' lang='lat' dir='ltr'>primum</span> <span class='ocrx_word' id='word_1_421' title='bbox 1378 1489 1424 1528; x_wconf 85' lang='lat' dir='ltr'>ad</span> <span class='ocrx_word' id='word_1_422' title='bbox 1459 1490 1652 1528; x_wconf 88' lang='lat' dir='ltr'>tuendum</span> <span class='ocrx_word' id='word_1_423' title='bbox 1685 1489 1836 1540; x_wconf 72' lang='lat' dir='ltr'>imperii</span> <span class='ocrx_word' id='word_1_424' title='bbox 1863 1495 2010 1529; x_wconf 90' lang='lat' dir='ltr'>statum</span> <span class='ocrx_word' id='word_1_425' title='bbox 2043 1501 2130 1541; x_wconf 82' lang='lat' dir='ltr'>spe·</span> 
     </span>
     <span class='ocr_line' id='line_1_73' title="bbox 1173 1551 2127 1602; baseline 0.003 -14"><span class='ocrx_word' id='word_1_426' title='bbox 1173 1554 1280 1589; x_wconf 89' lang='lat' dir='ltr'>ctat·</span> <span class='ocrx_word' id='word_1_427' title='bbox 1310 1551 1478 1591; x_wconf 84' lang='lat' dir='ltr'>alterum</span> <span class='ocrx_word' id='word_1_428' title='bbox 1513 1552 1548 1590; x_wconf 93' lang='lat' dir='ltr'>in</span> <span class='ocrx_word' id='word_1_429' title='bbox 1592 1555 1680 1602; x_wconf 84' lang='lat' dir='ltr'>jure</span> <span class='ocrx_word' id='word_1_430' title='bbox 1710 1551 1875 1590; x_wconf 80' lang='lat' dir='ltr'>dicendo</span> <span class='ocrx_word' id='word_1_431' title='bbox 1920 1558 2127 1591; x_wconf 82' lang='lat' dir='ltr'>versatur:</span> 
     </span>
     <span class='ocr_line' id='line_1_74' title="bbox 1175 1614 2134 1665; baseline 0.003 -14"><span class='ocrx_word' id='word_1_432' title='bbox 1175 1614 1336 1653; x_wconf 87' lang='lat' dir='ltr'>tertium</span> <span class='ocrx_word' id='word_1_433' title='bbox 1370 1615 1421 1652; x_wconf 83' lang='lat' dir='ltr'>rei</span> <span class='ocrx_word' id='word_1_434' title='bbox 1455 1614 1668 1661; x_wconf 84' lang='lat' dir='ltr'>familiaris,</span> <span class='ocrx_word' id='word_1_435' title='bbox 1698 1619 1738 1653; x_wconf 89' lang='lat' dir='ltr'>et</span> <span class='ocrx_word' id='word_1_436' title='bbox 1768 1615 2020 1665; x_wconf 80' lang='lat' dir='ltr'>vectigalium</span> <span class='ocrx_word' id='word_1_437' title='bbox 2066 1614 2134 1654; x_wconf 88' lang='lat' dir='ltr'>ad-</span> 
     </span>
     <span class='ocr_line' id='line_1_75' title="bbox 1175 1677 2133 1728; baseline 0.003 -15"><span class='ocrx_word' id='word_1_438' title='bbox 1175 1677 1521 1726; x_wconf 82' lang='lat' dir='ltr'>ministrationem,</span> <span class='ocrx_word' id='word_1_439' title='bbox 1566 1677 1983 1728; x_wconf 82' lang='lat' dir='ltr'>dispensationemque</span> <span class='ocrx_word' id='word_1_440' title='bbox 2027 1690 2133 1717; x_wconf 85' lang='lat' dir='ltr'>com-</span> 
     </span>
     <span class='ocr_line' id='line_1_76' title="bbox 1174 1739 2133 1791; baseline 0.002 -14"><span class='ocrx_word' id='word_1_441' title='bbox 1174 1739 1388 1789; x_wconf 83' lang='lat' dir='ltr'>piectitur:</span> <span class='ocrx_word' id='word_1_442' title='bbox 1420 1745 1605 1791; x_wconf 84' lang='lat' dir='ltr'>quartum</span> <span class='ocrx_word' id='word_1_443' title='bbox 1639 1742 1675 1779; x_wconf 92' lang='lat' dir='ltr'>in</span> <span class='ocrx_word' id='word_1_444' title='bbox 1707 1740 1968 1787; x_wconf 80' lang='lat' dir='ltr'>subditorum,</span> <span class='ocrx_word' id='word_1_445' title='bbox 2000 1745 2040 1779; x_wconf 87' lang='lat' dir='ltr'>et</span> <span class='ocrx_word' id='word_1_446' title='bbox 2080 1742 2133 1779; x_wconf 89' lang='lat' dir='ltr'>ci-</span> 
     </span>
     <span class='ocr_line' id='line_1_77' title="bbox 1175 1802 2132 1854; baseline 0.003 -16"><span class='ocrx_word' id='word_1_447' title='bbox 1175 1803 1309 1840; x_wconf 84' lang='lat' dir='ltr'>vitatis</span> <span class='ocrx_word' id='word_1_448' title='bbox 1345 1803 1565 1842; x_wconf 88' lang='lat' dir='ltr'>commodis</span> <span class='ocrx_word' id='word_1_449' title='bbox 1609 1802 1879 1853; x_wconf 79' lang='lat' dir='ltr'>procurandis,</span> <span class='ocrx_word' id='word_1_450' title='bbox 1921 1802 2132 1854; x_wconf 82' lang='lat' dir='ltr'>augendis·</span> 
     </span>
     <span class='ocr_line' id='line_1_78' title="bbox 1172 1864 2130 1916; baseline 0.001 -14"><span class='ocrx_word' id='word_1_451' title='bbox 1172 1876 1250 1915; x_wconf 84' lang='lat' dir='ltr'>que</span> <span class='ocrx_word' id='word_1_452' title='bbox 1279 1867 1543 1905; x_wconf 86' lang='lat' dir='ltr'>consumitur.</span> <span class='ocrx_word' id='word_1_453' title='bbox 1571 1864 1708 1916; x_wconf 83' lang='lat' dir='ltr'>Neqne</span> <span class='ocrx_word' id='word_1_454' title='bbox 1749 1867 1853 1904; x_wconf 88' lang='lat' dir='ltr'>enim</span> <span class='ocrx_word' id='word_1_455' title='bbox 1886 1866 1966 1911; x_wconf 87' lang='lat' dir='ltr'>tibi,</span> <span class='ocrx_word' id='word_1_456' title='bbox 2005 1870 2045 1903; x_wconf 90' lang='lat' dir='ltr'>et</span> <span class='ocrx_word' id='word_1_457' title='bbox 2076 1867 2130 1904; x_wconf 86' lang='lat' dir='ltr'>tui</span> 
     </span>
     <span class='ocr_line' id='line_1_79' title="bbox 1173 1927 2133 1979; baseline 0.003 -15"><span class='ocrx_word' id='word_1_458' title='bbox 1173 1927 1368 1967; x_wconf 88' lang='lat' dir='ltr'>similibus</span> <span class='ocrx_word' id='word_1_459' title='bbox 1398 1929 1578 1979; x_wconf 85' lang='lat' dir='ltr'>personis</span> <span class='ocrx_word' id='word_1_460' title='bbox 1610 1933 1886 1977; x_wconf 84' lang='lat' dir='ltr'>mercaturam,</span> <span class='ocrx_word' id='word_1_461' title='bbox 1916 1933 1985 1967; x_wconf 90' lang='lat' dir='ltr'>aut</span> <span class='ocrx_word' id='word_1_462' title='bbox 2018 1931 2133 1967; x_wconf 89' lang='lat' dir='ltr'>mari-</span> 
     </span>
     <span class='ocr_line' id='line_1_80' title="bbox 1172 1990 2131 2041; baseline 0.003 -14"><span class='ocrx_word' id='word_1_463' title='bbox 1172 1990 1291 2028; x_wconf 87' lang='lat' dir='ltr'>timas</span> <span class='ocrx_word' id='word_1_464' title='bbox 1316 1991 1603 2041; x_wconf 79' lang='lat' dir='ltr'>negotiationes</span> <span class='ocrx_word' id='word_1_465' title='bbox 1619 1996 1912 2031; x_wconf 87' lang='lat' dir='ltr'>consentaneas</span> <span class='ocrx_word' id='word_1_466' title='bbox 1935 2002 2023 2030; x_wconf 83' lang='lat' dir='ltr'>esse</span> <span class='ocrx_word' id='word_1_467' title='bbox 2048 1992 2131 2030; x_wconf 79' lang='lat' dir='ltr'>exi-</span> 
     </span>
     <span class='ocr_line' id='line_1_81' title="bbox 1173 2053 1527 2093; baseline 0.006 -2"><span class='ocrx_word' id='word_1_468' title='bbox 1173 2053 1421 2093; x_wconf 88' lang='lat' dir='ltr'>stimandum</span> <span class='ocrx_word' id='word_1_469' title='bbox 1452 2058 1527 2093; x_wconf 76' lang='lat' dir='ltr'>est,</span> 
     </span>
    </p>
   </div>
   <div class='ocr_carea' id='block_1_6' title="bbox 1495 2180 1813 2222">
    <p class='ocr_par' dir='ltr' id='par_1_7' title="bbox 1495 2180 1813 2222">
     <span class='ocr_line' id='line_1_82' title="bbox 1495 2180 1813 2222; baseline 0 -1"><span class='ocrx_word' id='word_1_470' title='bbox 1495 2180 1618 2221; x_wconf 77' lang='lat' dir='ltr'>PARS</span> <span class='ocrx_word' id='word_1_471' title='bbox 1650 2181 1813 2222; x_wconf 76' lang='lat' dir='ltr'>PRIMA.</span> 
     </span>
    </p>
   </div>
   <div class='ocr_carea' id='block_1_7' title="bbox 1435 2306 1875 2360">
    <p class='ocr_par' dir='ltr' id='par_1_8' title="bbox 1435 2306 1875 2360">
     <span class='ocr_line' id='line_1_83' title="bbox 1435 2306 1875 2360; baseline 0 -14"><span class='ocrx_word' id='word_1_472' title='bbox 1435 2307 1489 2347; x_wconf 87' lang='lat' dir='ltr'>De</span> <span class='ocrx_word' id='word_1_473' title='bbox 1517 2307 1689 2360; x_wconf 77' lang='lat' dir='ltr'>Jmperz&#39;o</span> <span class='ocrx_word' id='word_1_474' title='bbox 1722 2306 1875 2347; x_wconf 78' lang='lat' dir='ltr'>luendo.</span> 
     </span>
    </p>
   </div>
   <div class='ocr_carea' id='block_1_8' title="bbox 1171 2389 2133 3425">
    <p class='ocr_par' dir='ltr' id='par_1_9' title="bbox 1171 2389 2133 3222">
     <span class='ocr_line' id='line_1_84' title="bbox 1225 2389 2126 2484; baseline 0.006 -16"><span class='ocrx_word' id='word_1_475' title='bbox 1225 2389 1365 2471; x_wconf 81' lang='lat' dir='ltr'>Ante</span> <span class='ocrx_word' id='word_1_476' title='bbox 1395 2433 1524 2472; x_wconf 90' lang='lat' dir='ltr'>omnia</span> <span class='ocrx_word' id='word_1_477' title='bbox 1556 2445 1650 2471; x_wconf 83' lang='lat' dir='ltr'>vero</span> <span class='ocrx_word' id='word_1_478' title='bbox 1679 2432 1727 2472; x_wconf 88' lang='lat' dir='ltr'>ab</span> <span class='ocrx_word' id='word_1_479' title='bbox 1755 2444 1812 2483; x_wconf 83' lang='lat' dir='ltr'>eo,</span> <span class='ocrx_word' id='word_1_480' title='bbox 1833 2432 1935 2484; x_wconf 83' lang='lat' dir='ltr'>quod</span> <span class='ocrx_word' id='word_1_481' title='bbox 1956 2434 2126 2484; x_wconf 87' lang='lat' dir='ltr'>primum</span> 
     </span>
     <span class='ocr_line' id='line_1_85' title="bbox 1172 2495 2128 2546; baseline 0.003 -15"><span class='ocrx_word' id='word_1_482' title='bbox 1172 2495 1416 2544; x_wconf 85' lang='lat' dir='ltr'>propositum</span> <span class='ocrx_word' id='word_1_483' title='bbox 1447 2499 1520 2540; x_wconf 79' lang='lat' dir='ltr'>est,</span> <span class='ocrx_word' id='word_1_484' title='bbox 1552 2495 1775 2543; x_wconf 80' lang='lat' dir='ltr'>ordiemur3</span> <span class='ocrx_word' id='word_1_485' title='bbox 1822 2497 2007 2546; x_wconf 87' lang='lat' dir='ltr'>quoniam</span> <span class='ocrx_word' id='word_1_486' title='bbox 2056 2498 2128 2534; x_wconf 86' lang='lat' dir='ltr'>nisi</span> 
     </span>
     <span class='ocr_line' id='line_1_86' title="bbox 1172 2558 2128 2609; baseline 0.003 -15"><span class='ocrx_word' id='word_1_487' title='bbox 1172 2560 1322 2595; x_wconf 85' lang='lat' dir='ltr'>statum</span> <span class='ocrx_word' id='word_1_488' title='bbox 1372 2558 1522 2607; x_wconf 86' lang='lat' dir='ltr'>imperii</span> <span class='ocrx_word' id='word_1_489' title='bbox 1572 2559 1811 2605; x_wconf 76' lang='lat' dir='ltr'>servaveri5‚</span> <span class='ocrx_word' id='word_1_490' title='bbox 1857 2559 1892 2596; x_wconf 91' lang='lat' dir='ltr'>in</span> <span class='ocrx_word' id='word_1_491' title='bbox 1940 2559 2128 2609; x_wconf 76' lang='lat' dir='ltr'>reliquis,</span> 
     </span>
     <span class='ocr_line' id='line_1_87' title="bbox 1171 2619 2124 2670; baseline 0.002 -12"><span class='ocrx_word' id='word_1_492' title='bbox 1171 2630 1272 2669; x_wconf 78' lang='lat' dir='ltr'>quae</span> <span class='ocrx_word' id='word_1_493' title='bbox 1302 2619 1350 2657; x_wconf 85' lang='lat' dir='ltr'>ab</span> <span class='ocrx_word' id='word_1_494' title='bbox 1381 2619 1443 2658; x_wconf 89' lang='lat' dir='ltr'>illo</span> <span class='ocrx_word' id='word_1_495' title='bbox 1473 2619 1712 2670; x_wconf 85' lang='lat' dir='ltr'>dependent,</span> <span class='ocrx_word' id='word_1_496' title='bbox 1744 2621 1886 2660; x_wconf 82' lang='lat' dir='ltr'>frustra</span> <span class='ocrx_word' id='word_1_497' title='bbox 1919 2621 2124 2661; x_wconf 82' lang='lat' dir='ltr'>Iaborabis.</span> 
     </span>
     <span class='ocr_line' id='line_1_88' title="bbox 1172 2682 2124 2734; baseline 0.001 -12"><span class='ocrx_word' id='word_1_498' title='bbox 1172 2684 1270 2723; x_wconf 89' lang='lat' dir='ltr'>Cum</span> <span class='ocrx_word' id='word_1_499' title='bbox 1303 2687 1435 2722; x_wconf 83' lang='lat' dir='ltr'>autem</span> <span class='ocrx_word' id='word_1_500' title='bbox 1476 2683 1521 2722; x_wconf 91' lang='lat' dir='ltr'>ad</span> <span class='ocrx_word' id='word_1_501' title='bbox 1571 2682 1605 2721; x_wconf 91' lang='lat' dir='ltr'>id</span> <span class='ocrx_word' id='word_1_502' title='bbox 1652 2695 1797 2722; x_wconf 89' lang='lat' dir='ltr'>munus</span> <span class='ocrx_word' id='word_1_503' title='bbox 1842 2683 2124 2734; x_wconf 85' lang='lat' dir='ltr'>praestandum</span> 
     </span>
     <span class='ocr_line' id='line_1_89' title="bbox 1173 2746 2129 2796; baseline 0.001 -13"><span class='ocrx_word' id='word_1_504' title='bbox 1173 2757 1336 2784; x_wconf 84' lang='lat' dir='ltr'>necesse</span> <span class='ocrx_word' id='word_1_505' title='bbox 1366 2747 1430 2793; x_wconf 88' lang='lat' dir='ltr'>sit,</span> <span class='ocrx_word' id='word_1_506' title='bbox 1460 2746 1612 2796; x_wconf 89' lang='lat' dir='ltr'>aliquos</span> <span class='ocrx_word' id='word_1_507' title='bbox 1642 2748 1753 2796; x_wconf 87' lang='lat' dir='ltr'>quasi</span> <span class='ocrx_word' id='word_1_508' title='bbox 1785 2746 2037 2785; x_wconf 78' lang='lat' dir='ltr'>consiliorum</span> <span class='ocrx_word' id='word_1_509' title='bbox 2069 2757 2129 2784; x_wconf 88' lang='lat' dir='ltr'>so·</span> 
     </span>
     <span class='ocr_line' id='line_1_90' title="bbox 1171 2807 2129 2858; baseline 0 -12"><span class='ocrx_word' id='word_1_510' title='bbox 1171 2808 1264 2856; x_wconf 89' lang='lat' dir='ltr'>cios,</span> <span class='ocrx_word' id='word_1_511' title='bbox 1295 2813 1334 2846; x_wconf 85' lang='lat' dir='ltr'>et</span> <span class='ocrx_word' id='word_1_512' title='bbox 1364 2809 1567 2847; x_wconf 80' lang='lat' dir='ltr'>ministros</span> <span class='ocrx_word' id='word_1_513' title='bbox 1595 2807 1789 2857; x_wconf 74' lang='lat' dir='ltr'>adhiberi,</span> <span class='ocrx_word' id='word_1_514' title='bbox 1817 2808 1945 2848; x_wconf 87' lang='lat' dir='ltr'>danda</span> <span class='ocrx_word' id='word_1_515' title='bbox 1984 2810 2020 2846; x_wconf 94' lang='lat' dir='ltr'>in</span> <span class='ocrx_word' id='word_1_516' title='bbox 2053 2809 2129 2858; x_wconf 91' lang='lat' dir='ltr'>pri-</span> 
     </span>
     <span class='ocr_line' id='line_1_91' title="bbox 1173 2870 2129 2922; baseline 0.001 -14"><span class='ocrx_word' id='word_1_517' title='bbox 1173 2872 1248 2909; x_wconf 89' lang='lat' dir='ltr'>mis</span> <span class='ocrx_word' id='word_1_518' title='bbox 1278 2872 1352 2909; x_wconf 89' lang='lat' dir='ltr'>erit</span> <span class='ocrx_word' id='word_1_519' title='bbox 1380 2882 1510 2922; x_wconf 86' lang='lat' dir='ltr'>opera,</span> <span class='ocrx_word' id='word_1_520' title='bbox 1542 2876 1583 2910; x_wconf 90' lang='lat' dir='ltr'>ut</span> <span class='ocrx_word' id='word_1_521' title='bbox 1614 2871 1651 2909; x_wconf 86' lang='lat' dir='ltr'>hi</span> <span class='ocrx_word' id='word_1_522' title='bbox 1683 2871 1919 2922; x_wconf 78' lang='lat' dir='ltr'>deligantur,</span> <span class='ocrx_word' id='word_1_523' title='bbox 1944 2872 2008 2922; x_wconf 86' lang='lat' dir='ltr'>qui</span> <span class='ocrx_word' id='word_1_524' title='bbox 2037 2870 2129 2909; x_wconf 80' lang='lat' dir='ltr'>Iide-</span> 
     </span>
     <span class='ocr_line' id='line_1_92' title="bbox 1172 2932 2129 2984; baseline 0.001 -13"><span class='ocrx_word' id='word_1_525' title='bbox 1172 2933 1242 2981; x_wconf 76' lang='lat' dir='ltr'>Ies,</span> <span class='ocrx_word' id='word_1_526' title='bbox 1273 2938 1312 2972; x_wconf 88' lang='lat' dir='ltr'>et</span> <span class='ocrx_word' id='word_1_527' title='bbox 1344 2945 1474 2973; x_wconf 88' lang='lat' dir='ltr'>rerum</span> <span class='ocrx_word' id='word_1_528' title='bbox 1506 2935 1747 2984; x_wconf 83' lang='lat' dir='ltr'>experientia</span> <span class='ocrx_word' id='word_1_529' title='bbox 1779 2933 1907 2984; x_wconf 84' lang='lat' dir='ltr'>docti3</span> <span class='ocrx_word' id='word_1_530' title='bbox 1941 2932 1987 2972; x_wconf 89' lang='lat' dir='ltr'>ad</span> <span class='ocrx_word' id='word_1_531' title='bbox 2035 2933 2129 2972; x_wconf 79' lang='lat' dir='ltr'>haec</span> 
     </span>
     <span class='ocr_line' id='line_1_93' title="bbox 1177 2995 2131 3047; baseline -0.001 -13"><span class='ocrx_word' id='word_1_532' title='bbox 1177 3001 1269 3035; x_wconf 82' lang='lat' dir='ltr'>natu</span> <span class='ocrx_word' id='word_1_533' title='bbox 1300 2995 1529 3046; x_wconf 80' lang='lat' dir='ltr'>grandiores</span> <span class='ocrx_word' id='word_1_534' title='bbox 1559 2998 1650 3044; x_wconf 82' lang='lat' dir='ltr'>sint,</span> <span class='ocrx_word' id='word_1_535' title='bbox 1681 3001 1720 3034; x_wconf 89' lang='lat' dir='ltr'>et</span> <span class='ocrx_word' id='word_1_536' title='bbox 1764 2996 1933 3035; x_wconf 85' lang='lat' dir='ltr'>naturali</span> <span class='ocrx_word' id='word_1_537' title='bbox 1978 2996 2131 3047; x_wconf 80' lang='lat' dir='ltr'>perspi-</span> 
     </span>
     <span class='ocr_line' id='line_1_94' title="bbox 1172 3059 2133 3109; baseline 0.001 -12"><span class='ocrx_word' id='word_1_538' title='bbox 1172 3061 1350 3105; x_wconf 86' lang='lat' dir='ltr'>cacitate,</span> <span class='ocrx_word' id='word_1_539' title='bbox 1381 3064 1500 3109; x_wconf 88' lang='lat' dir='ltr'>atquc</span> <span class='ocrx_word' id='word_1_540' title='bbox 1529 3059 1606 3097; x_wconf 86' lang='lat' dir='ltr'>acri</span> <span class='ocrx_word' id='word_1_541' title='bbox 1653 3060 1808 3109; x_wconf 77' lang='lat' dir='ltr'>ingenio</span> <span class='ocrx_word' id='word_1_542' title='bbox 1854 3060 2039 3108; x_wconf 84' lang='lat' dir='ltr'>vigeant:</span> <span class='ocrx_word' id='word_1_543' title='bbox 2087 3070 2133 3098; x_wconf 86' lang='lat' dir='ltr'>ac</span> 
     </span>
     <span class='ocr_line' id='line_1_95' title="bbox 1175 3122 2127 3172; baseline 0.003 -14"><span class='ocrx_word' id='word_1_544' title='bbox 1175 3126 1390 3172; x_wconf 77' lang='lat' dir='ltr'>postremo,</span> <span class='ocrx_word' id='word_1_545' title='bbox 1421 3133 1522 3172; x_wconf 88' lang='lat' dir='ltr'>quae.</span> <span class='ocrx_word' id='word_1_546' title='bbox 1561 3126 1727 3160; x_wconf 86' lang='lat' dir='ltr'>tractata</span> <span class='ocrx_word' id='word_1_547' title='bbox 1773 3122 1929 3169; x_wconf 83' lang='lat' dir='ltr'>fuerint,</span> <span class='ocrx_word' id='word_1_548' title='bbox 1975 3128 2127 3162; x_wconf 86' lang='lat' dir='ltr'>secreta</span> 
     </span>
     <span class='ocr_line' id='line_1_96' title="bbox 1173 3185 1378 3222; baseline -0.005 0"><span class='ocrx_word' id='word_1_549' title='bbox 1173 3185 1378 3222; x_wconf 81' lang='lat' dir='ltr'>reticeant.</span> 
     </span>
    </p>

    <p class='ocr_par' dir='ltr' id='par_1_10' title="bbox 1174 3248 2130 3425">
     <span class='ocr_line' id='line_1_97' title="bbox 1223 3248 2129 3298; baseline 0.001 -11"><span class='ocrx_word' id='word_1_550' title='bbox 1223 3248 1332 3294; x_wconf 78' lang='lat' dir='ltr'>Quae.</span> <span class='ocrx_word' id='word_1_551' title='bbox 1362 3248 1547 3298; x_wconf 85' lang='lat' dir='ltr'>quoniam</span> <span class='ocrx_word' id='word_1_552' title='bbox 1579 3249 1615 3285; x_wconf 94' lang='lat' dir='ltr'>in</span> <span class='ocrx_word' id='word_1_553' title='bbox 1649 3248 1898 3298; x_wconf 84' lang='lat' dir='ltr'>paucissimis</span> <span class='ocrx_word' id='word_1_554' title='bbox 1943 3249 2129 3288; x_wconf 86' lang='lat' dir='ltr'>universa</span> 
     </span>
     <span class='ocr_line' id='line_1_98' title="bbox 1174 3311 2130 3362; baseline 0.001 -13"><span class='ocrx_word' id='word_1_555' title='bbox 1174 3312 1450 3362; x_wconf 83' lang='lat' dir='ltr'>reperiuntur:</span> <span class='ocrx_word' id='word_1_556' title='bbox 1498 3311 1518 3349; x_wconf 92' lang='lat' dir='ltr'>ii</span> <span class='ocrx_word' id='word_1_557' title='bbox 1560 3311 1640 3350; x_wconf 82' lang='lat' dir='ltr'>fere</span> <span class='ocrx_word' id='word_1_558' title='bbox 1681 3311 1809 3350; x_wconf 85' lang='lat' dir='ltr'>soient</span> <span class='ocrx_word' id='word_1_559' title='bbox 1852 3311 2045 3360; x_wconf 84' lang='lat' dir='ltr'>adhiberi,</span> <span class='ocrx_word' id='word_1_560' title='bbox 2093 3314 2130 3350; x_wconf 90' lang='lat' dir='ltr'>in</span> 
     </span>
     <span class='ocr_line' id='line_1_99' title="bbox 1177 3373 2125 3425; baseline 0 -12"><span class='ocrx_word' id='word_1_561' title='bbox 1177 3374 1321 3424; x_wconf 87' lang='lat' dir='ltr'>quibus</span> <span class='ocrx_word' id='word_1_562' title='bbox 1343 3375 1523 3425; x_wconf 81' lang='lat' dir='ltr'>pauciora</span> <span class='ocrx_word' id='word_1_563' title='bbox 1554 3373 1695 3414; x_wconf 80' lang='lat' dir='ltr'>deesse</span> <span class='ocrx_word' id='word_1_564' title='bbox 1719 3379 2019 3425; x_wconf 74' lang='lat' dir='ltr'>cognoscantur.</span> <span class='ocrx_word' id='word_1_565' title='bbox 2051 3373 2125 3413; x_wconf 87' lang='lat' dir='ltr'>Sed</span> 
     </span>
    </p>
   </div>
  </div>
 </body>
</html>
