2517 4009
879 253 1270 294 ROBERTUS

133 323 292 362 Tertius
321 322 420 362 alius
449 321 574 361 codex
612 322 774 361 exhibet
805 323 1036 375 Quadraqe-

80 383 221 422 simale
248 382 295 422 de
318 382 516 435 peccatis,
543 384 580 421 in
605 385 723 422 cuius
748 384 825 423 sine
855 386 911 424 sic
942 386 1036 436 legi-

82 450 166 494 tur,
197 443 380 495 Emplicit
405 442 760 495 Quadrayesimale
788 444 834 484 de
858 446 1033 497 peccatis

81 509 258 559 coeptum
278 505 318 543 in
337 503 497 543 civitate
512 505 611 543 Licii
625 535 632 552 ,
654 504 785 557 ibique
805 505 1035 557 completum
1103 508 1112 513 “

80 567 137 606 ad
163 566 318 606 laudem
343 569 382 605 et
398 565 569 616 qloriam
599 567 870 619 omnipotentis
901 568 975 606 Dei
1000 572 1038 606 et

86 628 258 680 Viryinis
282 627 478 680 yloriosae
522 629 683 668 Mariae
720 641 768 668 ac
806 629 1041 669 Beatissimi

87 690 298 730 Francisci
323 693 362 729 et
386 689 478 727 novi
504 691 545 729 S.
574 691 889 730 Bonaventurae.
930 691 1036 730 Fini-

82 755 164 790 tum
181 756 242 791 est
257 751 369 790 Anno
391 751 434 789 D.
463 752 581 790 4485.
609 752 670 790 die
693 753 719 791 9
756 764 877 792 mens.
906 751 1038 792 Octob.

80 812 180 852 hora
220 812 477 864 vespertina,-
521 816 559 851 et
597 814 837 865 impressum
871 815 1038 854 Venetiis

75 885 154 926 per
167 874 370 914 Andream
407 874 454 913 de
493 875 730 914 Turresanis
757 875 804 913 A.
839 875 884 913 D.
919 876 1036 915 4488.

79 935 116 975 d.
152 937 190 975 V.
221 935 313 975 Kal.
347 935 478 976 Octob.
511 937 549 976 Si
581 936 932 988 Quadragesimale
963 938 1037 977 hoc

80 1008 200 1037 suum
224 998 396 1037 absolvit
425 999 570 1038 author
593 1010 658 1038 an.
679 999 781 1038 4483
809 1010 885 1038 non
911 1002 1039 1051 potuit

82 1060 220 1110 utique
249 1060 434 1099 Coloniae
463 1072 528 1099 an.
560 1060 663 1100 4475
693 1059 901 1111 prodiisse.

133 1121 311 1167 Quartus
338 1127 402 1160 est
430 1121 562 1172 Codex
596 1123 814 1172 inscriptus
845 1122 903 1161 De
932 1123 1038 1161 Lau-

80 1180 198 1222 dibus
226 1184 466 1223 sanctorum
496 1184 736 1234 impressum
770 1184 946 1222 Venetiis
974 1194 1042 1221 an.

2 1263 8 1267 .
83 1245 201 1283 ⁴489.
246 1247 283 1283 in
329 1246 364 1283 4.
409 1246 452 1283 ln
485 1245 563 1283 fine
593 1243 957 1294 Quadragesimalis
986 1245 1041 1282 De

81 1307 255 1356 peccatis
282 1309 379 1344 sunt
408 1305 496 1344 folia
527 1304 724 1355 quaedam
754 1305 863 1344 MSS.
889 1307 926 1342 in
952 1306 1040 1355 qui-

79 1367 156 1406 bus
196 1367 384 1418 descripti
427 1370 524 1405 sunt
566 1377 775 1405 sermones
820 1368 854 1405 l.
886 1367 943 1405 De
972 1378 1040 1419 spe

81 1426 175 1466 boni
198 1428 235 1467 2.
264 1427 312 1468 de
344 1427 577 1479 Viryinitate
606 1429 643 1467 3.
667 1427 715 1466 de
735 1427 891 1479 judicio
915 1428 1040 1479 pesti-

83 1488 237 1536 lentiae.
268 1489 441 1529 Additur
468 1489 516 1529 ad
547 1501 656 1529 oram
689 1490 766 1528 folii
792 1489 890 1529 haec
918 1490 1040 1529 adno-

81 1552 190 1591 tatio.
219 1551 299 1591 Iste
334 1562 464 1591 sermo
500 1562 590 1590 cum
626 1550 719 1590 aliis
751 1557 842 1590 erat
878 1550 1039 1590 additus

77 1611 187 1652 solus
214 1613 256 1651 in
283 1612 544 1664 impressione
567 1623 671 1651 nova
695 1611 1038 1663 Quaslrayesima-

77 1673 126 1714 lis
146 1674 286 1726 primi.
314 1676 519 1714 Postremo
542 1676 586 1713 in
617 1675 695 1714 MS.
726 1674 900 1725 quodam
941 1674 1035 1715 Cod.

78 1738 247 1776 Lucensi
272 1744 432 1776 servato
453 1738 492 1775 in
514 1737 757 1776 Bibliotheca
782 1737 878 1776 Can.
903 1736 1036 1788 Major.

78 1799 283 1839 Ecclesiae
311 1803 424 1838 extat
452 1799 691 1851 opusculum
717 1799 823 1838 aliud
853 1799 1035 1838 eiusdem

77 1861 263 1909 Roberti,
295 1865 340 1900 ut
368 1860 488 1900 credo
518 1861 594 1900 sub
622 1860 696 1899 hoc
731 1862 790 1899 tit.
824 1860 1038 1900 Praedica-

80 1921 203 1962 tiones
231 1923 287 1961 F.
310 1921 474 1962 Roberti
511 1922 559 1962 de
595 1921 840 1962 virtutibus:
872 1924 1034 1974 incipit:

81 1984 228 2023 Discite
255 1983 506 2036 disciplinam
530 1988 569 2024 et
594 1988 712 2024 estote
739 1984 948 2036 sapientes.
970 1985 1033 2023 Ex

77 2045 140 2084 his
159 2046 507 2086 Bibliothecarium
529 2051 711 2086 nostrum
730 2046 923 2085 emendes
940 2076 948 2095 ,
966 2047 1034 2097 qui

76 2109 197 2148 etiam
226 2110 377 2148 erravit
404 2110 445 2148 in
469 2108 715 2160 designanda
741 2108 914 2147 editione
935 2109 1037 2159 Aug.

81 2169 377 2211 vindelicorum
396 2202 407 2219 ‚
433 2182 524 2211 nam
551 2172 590 2209 in
615 2170 744 2210 indice
774 2170 1039 2209 Bibliothecae

77 2232 298 2272 Vindobon.
340 2233 500 2273 Civicae
530 2234 573 2272 T.
604 2233 634 2272 Ι.
664 2245 702 2284 p.
737 2232 827 2272 254.
871 2235 1037 2271 extant:

74 2292 239 2334 Roberti
249 2293 444 2334 Carazoli
457 2296 666 2333 Sermones
683 2295 738 2332 De
754 2291 941 2331 laudibus
963 2293 1036 2332 SS.

77 2355 177 2406 Auy.
203 2354 384 2394 Vindelic.
415 2367 480 2394 an.
501 2355 619 2395 ⁴490.
645 2357 773 2395 Huius
797 2355 872 2393 viri
899 2353 1037 2394 laudes

79 2417 256 2456 celebrat
279 2416 520 2466 Anonymus
551 2417 852 2456 carthusiensis
888 2418 926 2454 in
959 2421 1038 2455 tra-

79 2483 190 2518 ctatu
218 2478 268 2518 de
297 2478 544 2529 Religionum
575 2479 724 2528 origine
754 2478 916 2529 vulgato
945 2491 966 2516 a
996 2477 1039 2516 P.

79 2541 256 2580 Martene
284 2540 372 2579 Vet.
401 2541 503 2578 Mon.
534 2539 596 2578 VI.
626 2538 689 2578 75.
717 2540 882 2578 XXXII.
910 2538 1041 2577 Huius

81 2601 164 2641 ord.
194 2599 418 2641 membrum
445 2598 672 2640 venerabile
699 2598 779 2651 fuit
807 2600 863 2639 M.
896 2598 1042 2638 Rober-

83 2669 148 2704 tus
189 2665 245 2704 De
289 2663 422 2712 Lieio,
453 2663 527 2714 qui
556 2662 700 2714 paucis
740 2660 885 2713 elapsis
927 2660 1043 2701 annis

83 2725 186 2766 diem
215 2726 364 2766 clausit
389 2728 631 2764 extremum.
661 2723 736 2762 Hic
767 2722 947 2774 primum
977 2723 1043 2762 do-

84 2792 170 2828 ctor
197 2790 240 2828 in
270 2790 310 2829 S.
343 2788 496 2840 Paqina
535 2791 574 2826 et
605 2785 743 2824 rhetor
784 2784 1047 2824 vernantissi-

85 2862 175 2891 mus
192 2881 201 2900 ,
219 2850 347 2890 multa
366 2849 488 2889 edidit
507 2859 687 2889 sermone
711 2851 877 2886 venusto
900 2846 1016 2885 valde
1035 2859 1046 2893 ,·

88 2913 193 2952 inter
220 2924 325 2965 quae
354 2923 556 2952 sermones
579 2910 625 2950 de
647 2910 828 2949 Adventu
848 2940 857 2956 ,
883 2913 919 2947 et
947 2920 1047 2959 qua-

0 2988 1 3009 1
73 2975 318 3026 ,drayesima
343 2972 537 3025 perutiles
572 2970 792 3012 volentibus
830 2971 869 3008 in
896 2969 1046 3008 virtute

87 3037 300 3089 proficere.
329 3034 408 3075 Sed
434 3038 472 3073 et
498 3034 545 3072 de
575 3034 713 3072 timore
747 3031 915 3070 dtvz'nor.
936 3030 1048 3082 judi-

93 3098 246 3138 ciorum
275 3107 374 3148 opus
403 3094 619 3147 sinyulare.
652 3096 822 3144 Propter
845 3104 947 3143 quae
971 3104 1049 3131 om-

64 3184 67 3187 ·
91 3159 163 3199 nia
188 3158 306 3211 fidem
335 3169 478 3197 sanam
506 3167 712 3207 moresque
746 3153 958 3193 catholicos
987 3166 1049 3193 re-

93 3220 294 3269 dolentia;
322 3219 393 3259 sed
423 3224 461 3258 et
496 3217 543 3257 ob
578 3217 761 3256 meritum
798 3220 958 3255 sanctae
992 3216 1050 3255 vi-

1990 251 2069 291 403

1109 325 1375 377 Aquinensem
1389 354 1399 373 ,
1426 329 1468 364 ut
1491 324 1655 364 lucerna
1669 321 1913 375 jamdudum
1935 321 2061 375 reful-

1109 397 1205 437 9ens
1222 419 1232 436 ,
1256 388 1388 439 posita
1415 398 1537 438 super
1572 383 1859 425 candelabrum
1899 383 2068 424 nitidius

1114 448 1388 488 relucesceret.
1422 449 1442 472 *
1517 482 1521 486 .

1168 511 1272 560 (298.
1307 510 1495 549 Prediclze
1525 513 1679 562 corepte
1701 509 1870 548 secundo
1896 509 1927 548 li
1944 509 2073 548 Evan-

1112 571 1203 624 qelj.
1235 573 1362 611 Venet.
1391 571 1444 610 da
1475 573 1634 610 Portese
1674 572 1792 611 ⁴5¹4.
1823 572 1856 609 4.
1887 583 1979 610 cum
2009 571 2075 622 fig.

1112 646 1192 685 a-p.
1222 635 1344 684 Incip.
1376 633 1474 672 Cum
1496 633 1728 684 jejunatis.)

1167 695 1435 735 ROBERTUS
1451 693 1731 733 Lincolniensis
1747 695 1990 746 Episcopus,
2008 706 2073 734 co-

1113 758 1300 808 gnomine
1347 755 1590 804 Grostlzearl,
1634 756 1783 795 Gallice
1829 756 2073 806 Grossetest,

1115 819 1253 858 Latine
1287 817 1450 870 Capito,
1481 817 1585 867 quod
1620 818 1791 855 nominis
1835 818 1924 856 inde
1953 829 2067 857 acce—

1114 881 1201 931 pit,
1231 881 1321 930 quia
1351 883 1472 929 caput
1502 879 1662 930 majoris
1690 878 1804 916 molis
1831 878 2075 918 habuit.Na-

1114 946 1182 980 tus
1211 946 1273 979 est
1302 939 1538 991 parentibus
1570 939 1727 978 infimae
1757 941 1875 978 sortis
1911 942 1947 978 in
1987 942 2076 979 vico

1114 1001 1357 1041 Stradbiook
1386 1003 1467 1053 agri
1500 1002 1785 1049 Suffolcensis,
1816 1001 1960 1040 litteris
1982 1013 2074 1053 ope-

1113 1075 1197 1103 ram
1230 1063 1394 1115 impedit
1422 1062 1600 1102 Oxoniae
1625 1067 1665 1101 et
1690 1064 1872 1111 Parisiis,
1899 1062 2077 1102 Oxoniae

1114 1137 1273 1176 quoque
1299 1136 1498 1164 summam
1526 1125 1760 1175 Theologiae
1785 1125 1960 1164 lauream
1984 1137 2078 1163 con—

1114 1191 1280 1225 secutus
1307 1191 1382 1225 est.
1412 1188 1501 1225 Fuit
1549 1188 1721 1237 primum
1761 1186 2077 1225 Archidiaconus

1116 1248 1427 1293 Leicestrensis,
1457 1247 1601 1286 deinde
1630 1259 1663 1286 a.
1697 1248 1812 1287 4235.
1850 1249 2076 1299 Episcopus

1116 1309 1428 1354 Lincolniensis‚
1454 1309 1491 1345 in
1522 1320 1601 1358 qua
1634 1309 1827 1359 dignitate
1853 1310 1950 1347 obiit
1973 1320 2078 1348 anno

1118 1370 1232 1409 4253.
1263 1370 1302 1408 9.
1331 1369 1526 1408 Octobris.
1555 1375 1641 1408 erat
1671 1372 1709 1408 in
1739 1382 1785 1409 eo
1815 1376 1977 1422 propter
2006 1382 2075 1410 va-

1116 1433 1263 1470 riarum
1292 1430 1520 1480 linguarum
1537 1459 1544 1478 ,
1561 1431 1735 1469 Graecae
1755 1442 1915 1481 quoque
1939 1436 1980 1470 et
2005 1434 2078 1471 He·

1115 1493 1298 1539 braicae,
1328 1491 1629 1541 disciplinarum
1659 1493 1779 1529 etiam
1823 1491 2072 1543 Philosophi-

1113 1564 1250 1593 carum
1269 1552 1534 1603 cognitionem
1555 1563 1716 1591 summa
1735 1554 1820 1590 veri
1837 1555 2079 1603 perspicien-

1114 1616 1186 1665 tia,
1217 1614 1324 1654 unde
1356 1615 1450 1652 vitia
1481 1612 1582 1652 Cleri
1604 1614 1768 1653 Romani
1791 1615 2080 1664 nonintrospe-

1112 1679 1171 1716 xit
1199 1678 1354 1721 soium,
1385 1675 1454 1713 sed
1485 1680 1526 1713 et
1553 1675 1722 1714 candide
1753 1677 1916 1726 arguit.
1945 1680 1986 1714 et
2020 1676 2078 1713 in-

1111 1745 1172 1780 ter
1195 1744 1323 1778 testes
1353 1739 1535 1777 veritatis
1554 1737 1686 1776 locum
1704 1748 1782 1775 non
1806 1736 1992 1776 infimum
2009 1736 2079 1775 ha-

1108 1803 1188 1841 bet.
1217 1802 1269 1841 Et
1298 1802 1331 1840 si
1362 1800 1524 1838 meliore
1553 1799 1689 1837 seculo
1721 1799 1912 1846 vixisset,
1936 1797 2068 1848 majus

1111 1866 1250 1914 utique
1278 1863 1414 1901 lumen
1445 1860 1680 1911 Theologiae
1709 1864 1750 1897 et
1792 1859 1906 1897 bonis
1947 1858 2075 1897 literis

1108 1924 1327 1964 accendere
1358 1923 1568 1974 potuisset.
1598 1921 1725 1971 Digna
1754 1925 1876 1969 sunt,
1899 1932 2001 1971 quae
2025 1920 2074 1958 de

1107 1998 1153 2026 eo
1183 1986 1262 2025 huc
1284 1985 1506 2024 referamus
1526 1981 1649 2021 verba
1669 1980 1939 2020 Cardinalium
1964 1980 2070 2032 apud

1111 2049 1355 2088 Matthaeum
1384 2046 1596 2085 Parisiens.
1624 2042 1673 2082 ad
1703 2055 1738 2082 a.
1769 2044 1873 2082 ⁴253
1904 2041 2078 2083 Catholi-

1114 2121 1184 2149 cus
1207 2114 1291 2159 est,
1315 2109 1392 2147 imo
1407 2105 1695 2154 sanctissimus,
1712 2102 1824 2144 nobis
1839 2103 2076 2155 reli9iost'or‚

1115 2170 1225 2210 nobis
1254 2175 1293 2210 et
1317 2169 1520 2216 sanctior,
1552 2164 1811 2206 eoecellentior
1827 2169 1866 2204 et
1884 2163 2079 2205 excellen-

1114 2233 1227 2272 tioris
1246 2232 1376 2280 vitae,
1406 2231 1462 2270 ita
1490 2233 1538 2268 ut
1564 2240 1643 2267 non
1672 2227 1865 2266 credatur
1880 2227 1982 2265 inter
1998 2237 2080 2264 om-

1114 2306 1182 2334 nes
1216 2293 1427 2332 Praelalos
1470 2291 1690 2343 majorem,
1722 2289 1798 2327 imo
1828 2300 1898 2327 nec
1935 2299 2080 2338 parem

1114 2355 1272 2395 habere.
1288 2355 1407 2394 Novit
1434 2353 1503 2392 hoc
1535 2350 1747 2391 Gallicana
1786 2354 1824 2389 et
1859 2349 2079 2400 Anqlicana

1114 2417 1214 2457 cIeri
1235 2416 1506 2462 universitas,
1530 2416 1669 2452 nostra
1708 2424 1783 2451 non
1823 2410 2083 2464 praevaleret

1112 2478 1388 2519 contradictio,
1421 2475 1663 2528 Hujusmodi
1690 2472 1876 2528 epistolae
1900 2472 2076 2518 veritas,

1116 2553 1218 2593 quae
1247 2542 1338 2593 jam
1377 2539 1481 2591 forte
1513 2537 1647 2576 niultis
1691 2535 1882 2583 itznotuit,
1929 2531 2073 2571 multos

1117 2606 1255 2641 contra
1270 2612 1340 2640 nos
1354 2600 1501 2653 poterit
1514 2608 1768 2637 commovere.
1786 2597 1955 2646 Maynus
1973 2594 2077 2633 enim

1118 2661 1285 2702 liabetur
1306 2659 1568 2712 Philosophus
1590 2689 1598 2705 ,
1626 2657 1760 2697 latinis
1789 2661 1827 2696 et
1845 2656 2004 2708 qraeeis
2021 2654 2082 2693 lit-

1119 2724 1218 2763 teris
1241 2722 1296 2761 ad
1314 2722 1476 2775 plenum
1492 2720 1692 2767 eruditus,
1710 2719 1742 2758 Z
1746 2718 1873 2757 elator
1888 2717 2076 2762 Justitae,

1121 2785 1245 2824 lector
1277 2785 1317 2823 in
1346 2783 1572 2834 Theoloyiae
1605 2780 1785 2827 Scholis,
1822 2778 2082 2832 praedicator

1121 2848 1161 2886 in
1184 2846 1358 2899 popul0,
1392 2846 1588 2885 castilatis
1628 2846 1810 2889 amator,
1850 2842 2083 2893 persecutor

1121 2907 1397 2948 Simonialium
1435 2908 1540 2946 Haec
1557 2905 1755 2944 dioeerunt
1773 2902 1953 2941 ‹lonn'ims
1972 2900 2084 2950 ,Ἐρί-

1121 2971 1212 3010 dius
1239 2971 1444 3020 Hispanus
1471 2965 1729 3013 Ca-rdinalis,
1762 2968 1797 3003 et
1839 2962 1937 3009 alii,
1985 2971 2082 3012 quos

1119 3043 1286 3084 propria
1303 3028 1489 3080 tanyebat
1503 3026 1754 3067 conscientia.
1776 3025 1919 3064 Confer
1935 3023 1983 3061 de
2003 3024 2084 3060 vita

1121 3093 1209 3143 ejus
1228 3090 1646 3130 Franc.Goodwinum
1666 3088 1714 3126 dc
1732 3086 1986 3126 Praesulibus
2003 3084 2085 3122 An-

1120 3156 1219 3205 gliae
1249 3165 1284 3204 p.
1317 3152 1406 3190 3748.
1426 3152 1619 3190 Bulneum
1640 3150 1733 3187 hist.
1755 3149 1937 3187 Univers.
1959 3147 2083 3185 Paris,

1123 3221 1151 3253 t.
1182 3216 1246 3254 llI.
1278 3227 1313 3265 p.
1344 3213 1438 3251 709.
1468 3212 1690 3260 250.seqq.
1722 3211 1921 3260 Execrpta
1951 3208 2085 3247 Anna-

94 3285 158 3321 tae
177 3291 190 3322 .’
217 3286 296 3321 tam
327 3282 404 3320 Deo
441 3292 561 3333 quam
605 3277 827 3318 hominibus
869 3280 1052 3329 acceptus
1125 3279 1220 3316 lium
1252 3276 1300 3313 dc
1332 3277 1573 3320 Lancrcost,
1605 3278 1633 3310 t.
1664 3273 1709 3311 ll.
1743 3272 1909 3322 Angliae
1939 3270 2084 3309 Sacrae

24 3339 26 3342 ’
96 3347 135 3382 et
175 3349 320 3394 qratus
363 3345 594 3392 assumptus
637 3345 693 3380 est
736 3341 776 3378 in
821 3339 1054 3391 Episcopum
1129 3351 1153 3388 p
1182 3337 1417 3377 3tiNitnm
1435 3335 1525 3384 ojus
1549 3334 1783 3385 singulatim
1802 3329 2089 3382 descripsitRi—
