2533 4009
437 251 460 286 ti
1019 254 1022 255 ’
1184 251 1660 293 MAGEMBERG

434 320 590 357 nomine
620 319 850 358 Annalistae
880 318 1124 365 SAXOMS,
1153 321 1201 360 ab
1239 323 1380 362 illustri

430 381 620 418 Leibnitio
644 381 821 427 editum,
854 381 902 419 ab
933 382 1020 420 aliis
1050 381 1380 434 EGGEHARDO,

431 443 515 480 sive
546 443 805 489 ECCARDO,
836 442 884 481 de
929 455 1006 493 quo
1049 456 1169 496 supra
1206 451 1299 484 tom.
1331 449 1379 495 2,

429 515 514 553 pag.
545 504 635 543 239.
667 505 877 552 tribuitur,
909 516 929 544 a
951 506 1188 556 quibusdam
1217 508 1380 548 Chroni-

429 576 500 603 con
530 570 693 604 vocatur
722 564 1096 617 illaqdebu7·91'cuni,
1128 570 1216 608 vide
1240 572 1379 610 Biblio-

429 625 587 665 thecam
596 627 730 665 Philol.
743 627 1205 682 Theolo.Bremcnsemt.
1224 633 1247 670 7
1262 645 1298 683 p.
1315 635 1376 671 98.

479 689 532 726 De
556 689 642 726 aliis
668 688 872 728 Chronicis
897 691 1298 743 Magdeburgensibus
1320 695 1376 732 di-

425 754 532 788 ctum
563 760 682 800 supra
714 751 751 788 in
783 752 1005 792 GEORGIO
1039 754 1247 806 Torqua-to.
1280 761 1373 794 tom.

425 813 458 849 3.
491 822 575 861 pag.
607 812 694 851 105.
719 817 759 851 et
783 814 981 854 ECCONE
1007 820 1100 854 tom.
1127 818 1162 856 2.
1185 830 1220 867 p.
1247 819 1337 856 242.

477 875 570 912 Jura
613 875 925 914 Ministerialium
974 877 1373 928 Magdeburgensium

425 934 513 973 vide
543 937 598 973 sis
628 937 664 974 in
697 937 872 975 nobiliss.
901 940 1050 988 Lunigii
1074 941 1244 990 Corpore
1266 940 1373 978 Juris

425 997 606 1036 Feudalis
636 1009 722 1048 pag.
753 1000 872 1037 2022.

474 1057 562 1098 Seb.
585 1059 864 1099 Besselmaierz'
892 1063 1061 1099 narratio
1091 1061 1139 1099 de
1168 1062 1371 1101 obsidione

422 1120 744 1171 Magdeburgensi
762 1132 824 1159 an.
851 1123 951 1160 1550
974 1133 1057 1172 seq.
1076 1124 1252 1173 Magdeb.
1271 1126 1373 1166 1552

425 1183 445 1219 4
476 1187 516 1220 et
546 1184 581 1219 in
613 1183 707 1220 Sim.
740 1182 917 1220 Schardii
948 1185 1207 1234 scriptoribus
1238 1198 1372 1226 rerum

421 1243 604 1280 German.
649 1248 741 1281 tom.
773 1244 809 1283 2.
840 1244 995 1283 Confer.
1039 1247 1158 1284 Baelii
1205 1250 1372 1288 Lexicon

422 1306 459 1341 in
490 1303 687 1352 Lotzclzio,
717 1310 757 1343 et
791 1306 831 1344 V.
863 1307 904 1346 C.
931 1307 1018 1346 Seb.
1051 1309 1246 1348 Kortholti
1276 1311 1370 1351 diss.

423 1366 496 1404 Kil.
523 1366 625 1405 1703
656 1368 693 1404 4.

480 1428 689 1468 Conradus
709 1428 755 1467 cle
777 1429 1081 1472 MAGENBERG
1101 1463 1109 1482 ,
1135 1445 1255 1486 supra
1276 1440 1370 1476 tom.

424 1492 437 1530 1
464 1521 472 1540 ,
503 1503 587 1541 pag.
622 1490 712 1531 385.

476 1553 798 1595 MAGmULFUS
828 1557 1084 1596 llercsiarcha
1123 1558 1218 1598 Vide
1251 1571 1370 1612 supra

422 1615 686 1655 ARNULFL'S
717 1617 745 1656 1.
776 1618 863 1656 133.

473 1677 1372 1729 MartinusdeMAGlS‘l‘RIS,infralllARTINUS

474 1737 763 1778 MAGNETIUS
791 1740 895 1790 apud
925 1742 1176 1793 sigebertum
1200 1756 1284 1796 cap.
1309 1747 1373 1784 89.

421 1810 640 1850 cognomen
659 1801 842 1840 RABAM
858 1804 1005 1852 Mauri,
1030 1804 1078 1844 de
1093 1817 1171 1856 quo
1190 1818 1261 1845 suo
1279 1808 1373 1846 loco.

476 1862 730 1902 MAGMNUS
756 1864 1079 1915 MediolanensiS,
1105 1868 1279 1908 Medicus
1302 1871 1375 1909 cir-

421 1935 465 1963 03
495 1924 540 1963 A.
572 1926 686 1964 1300.
717 1926 899 1978 Reqz'men
928 1929 1119 1968 Sanitatt's
1143 1931 1245 1981 quod
1273 1934 1375 1971 inter

420 1985 640 2026 ARNOLDI
677 1987 923 2028 Villanovani
948 1992 993 2029 A.
1039 1993 1153 2032 1312.
1195 1993 1371 2033 defuncti

421 2059 539 2098 opera
569 2061 655 2101 pag.
688 2051 776 2090 658.
807 2058 969 2102 exstat,
1001 2054 1074 2092 sibi
1105 2056 1273 2095 traditur
1308 2057 1375 2096 ad—

421 2110 550 2149 dendo
579 2118 619 2150 et
649 2114 894 2154 immutando
921 2118 1107 2156 nonnulla
1128 2121 1374 2170 approprias-

423 2183 480 2211 se.
516 2175 570 2212 De
603 2176 689 2213 aliis
713 2176 799 2226 ejus
822 2180 982 2228 scriptis
1000 2180 1234 2229 Lindenius,
1253 2182 1376 2220 Merk—

423 2234 555 2285 linus,
585 2238 792 2289 Mangetus
823 2241 858 2277 in
892 2241 990 2280 Bibl.
1017 2242 1177 2281 Medica.

475 2297 495 2319 *
524 2298 689 2350 Scripsit
718 2303 836 2340 etiam
868 2314 1034 2352 parvum
1067 2306 1302 2355 opusculum
1329 2306 1374 2345 de

423 2360 617 2411 Mysterio
646 2363 929 2414 Baptismatis,
960 2366 1063 2416 quod
1095 2379 1142 2406 an
1190 2368 1292 2406 idem
1322 2371 1374 2407 sit

422 2433 513 2460 cum
545 2426 735 2474 opusculo
779 2427 956 2466 eiusdem
991 2430 1092 2468 tituli
1137 2442 1158 2468 a
1201 2432 1375 2470 Martene

421 2484 469 2522 (10
499 2488 619 2536 antiq.
652 2488 851 2527 Ecclesiae
876 2491 1017 2529 ritibus
1055 2497 1079 2529 t.
1120 2495 1133 2531 1
1174 2505 1259 2544 pag.
1286 2495 1375 2533 158.

422 2547 594 2597 vulgato,
623 2549 674 2587 illi
704 2550 864 2589 demum
897 2558 1113 2602 agnoscent
1141 2556 1251 2593 aiunt
1281 2557 1376 2594 5011-

419 2612 553 2658 ptores
591 2612 783 2650 Historiae
822 2613 1035 2653 litterariae
1066 2616 1235 2655 Gallicae
1266 2622 1292 2654 t.
1325 2619 1373 2656 lv

422 2681 458 2720 p.
491 2671 579 2710 427.
611 2674 677 2722 qui
705 2675 803 2713 forte
841 2678 1076 2727 opusculum
1110 2679 1214 2717 istud
1240 2691 1261 2717 a
1296 2680 1375 2718 Sir-

423 2733 565 2772 mondo
596 2734 811 2775 indicatum
842 2739 1058 2788 possident.
1092 2743 1201 2780 110110
1230 2743 1375 2791 Magni-

425 2807 520 2834 num
564 2795 769 2835 diversum
813 2802 973 2838 omnino
1004 2812 1092 2840 esse
1128 2803 1176 2840 ab
1205 2803 1377 2841 Λ11101110

420 2857 678 2896 Villanovano
708 2860 846 2909 probat
869 2862 1079 2912 Argelatus
1105 2864 1141 2900 in
1167 2864 1377 2902 Bibliothe-

422 2930 464 2958 ca
496 2919 790 2959 Mediolanensi.
815 2926 925 2973 Opus
949 2925 1034 2962 eius
1061 2926 1291 2975 inscriptum
1318 2938 1377 2963 re-

422 2983 552 3030 gimen
579 2984 761 3021 sanitatis
786 2984 914 3023 lucem
944 2985 1043 3024 vidit
1067 2988 1191 3036 primo
1216 2987 1375 3025 Lovanii

424 3055 487 3081 an.
523 3045 634 3083 1482.
665 3045 751 3085 Α113
780 3048 866 3085 0105
896 3059 1012 3098 opera
1042 3060 1132 3087 cum
1176 3049 1375 3087 nonnullis

423 3107 651 3145 Aviccnnae
683 3109 863 3160 Lugduni
895 3110 1009 3149 1517.
1044 3111 1080 3148 111
1115 3111 1147 3148 4.

506 3255 539 3294 a)
562 3259 744 3288 Damianus
769 3258 785 3288 ii
811 3261 892 3292 Goes
923 3263 956 3292 in
995 3262 1226 3302 deploratione
1264 3264 1379 3294 Gentis

428 3307 636 3344 Lapponicae
653 3330 661 3345 ,
686 3308 842 3339 Joannes
866 3310 1023 3350 Maurius
1053 3313 1109 3343 vir
1133 3313 1278 3353 optimis
1314 3321 1381 3352 pa-

420 3358 581 3391 rentibus
607 3365 649 3387 ac
676 3356 843 3389 divitibus
867 3365 972 3391 natus
991 3384 1001 3399 ,
1027 3370 1213 3395 sacrarum
1241 3362 1382 3394 littera-

1508 325 1765 364 MAGNONIS
1792 329 1904 364 uotae
1931 327 2042 366 duris
2073 330 2158 367 sive
2199 329 2318 379 siglae
2366 333 2407 368 et

1456 385 1771 425 abbreviationes
1797 387 1924 427 editae
1950 389 1985 426 in
2012 390 2184 440 Dionysii
2205 389 2408 429 Gothofre-

1455 448 1494 486 di
1526 449 1752 488 auctoribus
1783 449 1937 500 linguae
1968 452 2126 490 Latinae
2159 462 2244 502 pag.
2293 452 2406 491 1481.

1453 515 1493 548 et
1516 512 1554 548 111
1578 511 1686 550 Ε1130
1710 511 1884 550 Putschii
1907 512 2162 552 Gammaticis
2181 525 2266 564 pag.
2284 513 2406 554 1542-

1453 572 1566 611 1679.
1599 573 1662 611 ubi
1695 573 1858 613 alterius
1887 576 2056 613 auctoris
2085 575 2306 625 explanatio
2336 586 2405 613 no-

1452 638 1583 672 tarum
1613 634 1876 674 1111111103111111
1907 648 1994 687 pag.
2025 637 2402 676 1660-1683.0(11(111

1449 697 1567 733 etiam
1599 697 1699 734 Frid.
1725 698 1940 749 Tiliobroga
1965 700 2050 735 sive
2087 697 2398 750 Lindenborgius

1447 769 1538 796 cum
1569 759 1719 796 Valerio
1737 759 1857 797 Probo
1875 760 1923 798 de
1945 761 2047 798 notis
2061 760 2255 810 antiquis,
2276 761 2400 812 Lugd.

1448 821 1531 857 Bat.
1567 820 1680 858 1599.
1712 822 1749 858 8.
1780 821 1916 859 Carolo
1946 823 2063 873 Regi,
2094 824 2289 862 incertum
2315 823 2403 862 Cal-

1450 891 1550 918 vone
1580 892 1628 918 an
1660 883 1797 931 Magno
1826 882 2100 922 lucubratione
2131 895 2244 924 suam
2267 889 2403 925 auctor

1446 941 1596 980 dicavit
1626 942 1687 979 his
1717 944 1948 992 praemissis
1975 945 2162 984 versibus

1460 1019 1545 1048 naec
1570 1018 1657 1048 suris
1681 1004 1955 1062 cnuss'cotstibens
1977 1021 2042 1051 Rex
2065 1021 2181 1060 accipe
2203 1021 2298 1053 carie
2317 1046 2327 1060 ,

1461 1065 1563 1095 Oll'ert
1586 1065 1723 1096 devotus
1750 1071 1836 1104 qnae
1863 1064 1924 1096 tibi
1950 1067 2067 1105 Magno
2090 1070 2180 1099 tuus⁴

1498 1123 1701 1162 MAGNUS
1726 1125 1892 1162 Haconis
1922 1125 2007 1163 sive
2036 1126 2202 1175 Haquini
2233 1126 2276 1164 F.
2304 1127 2399 1165 Rex.

1446 1187 1679 1236 Norwagiae
1709 1187 1757 1225 ab
1787 1186 1860 1224 An.
1894 1187 2010 1226 1263.
2039 1187 2087 1226 311
2120 1187 2234 1228 1280.

1498 1247 1597 1299 Ejus
1627 1251 1898 1287 testamentum
1927 1248 2001 1288 An.
2047 1248 2160 1289 1277.
2205 1250 2397 1300 scriptum

1444 1309 1566 1348 edidit
1594 1310 1723 1350 Arnas
1753 1311 1991 1361 Magnaeus.
2022 1310 2187 1350 Hafniae
2219 1310 2332 1351 1719.
2355 1311 2391 1349 8.

1445 1373 1540 1411 Vide
1568 1373 1667 1411 Acta
1696 1373 1883 1411 Eruditor
1913 1377 1940 1411 t.
1983 1374 2077 1412 VliI.
2127 1373 2393 1424 supplementi

1444 1435 1648 1484 1133320.
1683 1434 1736 1473 De
1781 1433 1930 1486 leqz'bus
1970 1435 2019 1474 ab
2061 1446 2106 1473 eo
2149 1434 2394 1484 emendatis,

1445 1495 1548 1535 unde
1580 1508 1722 1535 nomen
1749 1498 1866 1535 etiam
1890 1496 2151 1536 emendatoris
2173 1498 2316 1548 Leyum
2335 1501 2398 1536 tu-

1444 1559 1512 1607 lit,
1543 1559 1814 1598 consulendus
1843 1559 2091 1599 Thormodus
2121 1559 2311 1598 Torfaeus
2335 1564 2396 1597 to-

1445 1632 1507 1659 mo
1532 1621 1593 1660 lv.
1626 1621 1716 1659 llist
1745 1623 1978 1674 Norwagiae
2008 1633 2093 1672 pag.
2119 1620 2211 1660 349.
2230 1631 2315 1671 seq.
2330 1621 2395 1660 ubi

1444 1685 1561 1722 etiam
1593 1685 1780 1735 epistolae
1805 1685 1892 1734 ejus
1916 1683 2110 1735 quaedam
2135 1685 2170 1722 ei
2194 1683 2396 1724 Constitu-

1447 1748 1587 1785 tiones.

1499 1810 1701 1848 MAGNUS
1726 1808 1915 1847 Aurelius
1935 1806 2199 1848 Cassiodorus
2219 1810 2396 1860 Senator,

1448 1882 1568 1922 supra
1599 1872 1954 1911 CASSIODORUSi

1501 1933 1706 1973 MAGNUS
1735 1933 1854 1973 Felice
1883 1933 2110 1973 Eunodius:
2141 1945 2286 1985 supra,
2311 1932 2399 1973 EN-

1446 1996 1627 2036 NODIUS
1657 2002 1749 2034 tom.
1781 1997 1804 2036 2
1836 2008 1922 2047 pag.
1954 1999 2044 2036 511.

1499 2059 1701 2098 MAGNUS
1730 2058 1868 2097 Hunde
1897 2060 1982 2098 sive
2023 2058 2174 2108 Canis,
2217 2058 2391 2098 Medicus

1448 2121 1664 2171 Lipsiensis
1693 2122 1795 2159 circa
1827 2120 1899 2159 An.
1924 2122 2036 2160 1500.
2063 2122 2238 2171 primus,
2259 2124 2300 2159 ut
2326 2130 2394 2158 110-

1447 2188 1558 2232 tant,
1588 2188 1724 2222 auctor
1754 2183 1965 2234 figurarum
1983 2184 2067 2222 sive
2084 2183 2393 2222 delineationum

1447 2248 1757 2284 anatomicarum
1778 2276 1788 2293 ,
1820 2246 1924 2296 ligno
1971 2256 2213 2296 quamquam
2243 2244 2394 2284 ruditer

1447 2307 1736 2359 descriptarum
1756 2337 1764 2356 ,
1781 2309 1918 2357 quales
1936 2309 2236 2358 conspiciuntur
2254 2308 2290 2345 in
2307 2306 2396 2359 ejus

1446 2369 1739 2421 aiztlzropoloyio
1769 2381 1916 2408 excuso
1949 2370 2100 2421 Lipsiae
2145 2369 2259 2409 1501.
2303 2368 2399 2408 Vide

1448 2434 1491 2471 D.
1521 2433 1547 2471 1.
1578 2433 1784 2471 Zachariae
1815 2432 2013 2471 Plathneri
2056 2431 2305 2470 schediasma
2351 2430 2400 2469 de

1449 2495 1522 2534 hoc
1552 2497 1688 2545 Magno
1718 2494 1871 2533 editum
1905 2494 1994 2533 ibid.
2030 2494 2143 2533 1735.
2176 2494 2212 2532 4.

1499 2555 1670 2595 Jacobus
1699 2557 1928 2605 MAGNUS,
1958 2567 2076 2607 supra
2102 2557 2196 2609 ut.
2222 2567 2308 2607 pag.
2336 2556 2399 2595 31-

1499 2619 1667 2656 Joaimes
1696 2618 1901 2657 MAGNUS
1947 2618 2120 2667 (Svecice
2149 2618 2268 2668 δεον.)
2313 2619 2400 2656 Lin—

1447 2681 1629 2731 copensis
1658 2681 1836 2728 Gothus,
1869 2679 2049 2719 Hadriani
2081 2680 2141 2718 Vl.
2172 2689 2291 2728 quem
2323 2679 2401 2729 pri-

1448 2744 1538 2781 dem
1564 2744 1721 2780 Lovanii
1748 2742 1955 2780 docentem
1973 2741 2200 2787 audiverat,
2218 2741 2398 2780 Nuncius

1448 2805 1521 2843 An.
1555 2804 1671 2843 1522.
1702 2805 1739 2842 111
1771 2804 1932 2851 Svecia‚
1963 2807 2081 2852 atque
2113 2802 2202 2840 inde
2239 2801 2400 2840 Archie-

1450 2867 1635 2916 piscopos
1661 2865 1926 2915 Upsaliensis,
1955 2875 2080 2914 usque
2109 2864 2158 2903 ad
2181 2864 2255 2903 An.
2281 2862 2398 2904 1527.

1449 2939 1527 2978 quo
1559 2927 1694 2965 multis
1724 2926 1872 2965 chartis
1901 2931 1940 2964 et
1964 2927 2236 2965 monumentis
2260 2937 2397 2966 secum

1449 2990 1662 3039 asportatis
1707 2989 1870 3027 Romam
1916 2990 2054 3038 petiit,
2098 2988 2322 3028 Gustavum
2367 2989 2394 3027 1.

1448 3053 1591 3101 Regem
1637 3052 1808 3089 Romana
1852 3050 1970 3089 Sacra
2016 3050 2270 3100 abrogantem
2313 3060 2391 3088 non

1451 3115 1606 3163 ferens,
1636 3119 1668 3159 a)
1698 3113 1870 3163 obiitque
1899 3113 1992 3151 exul
2020 3114 2164 3151 Romae
2186 3111 2260 3150 An.
2280 3111 2394 3150 1544.

1443 3274 1522 3296 rum
1545 3273 1616 3295 non
1631 3263 1829 3303 vutqariter
1840 3264 1978 3303 peritus
1992 3288 2002 3303 ,
2018 3261 2194 3304 probitate
2212 3262 2307 3293 vitae
2321 3270 2401 3301 spe-

1444 3313 1668 3345 ctatissimus
1686 3337 1694 3351 ,
1717 3313 1902 3344 Ecclesiae
1925 3314 2104 3345 Romanae
2127 3312 2181 3344 ita
2204 3310 2391 3350 addictus,

1442 3368 1480 3395 ut
1503 3363 1580 3402 ejus
1604 3372 1715 3395 causa
1740 3363 2001 3403 amplissimum
2028 3360 2175 3402 Upsalia
2212 3359 2396 3402 111-01110111-
