2517 4009
890 214 1256 255 PONTICUS

107 284 199 324 hillo
230 286 266 323 in
298 284 394 323 Bibl.
426 284 609 323 Umbriae
640 295 673 334 p.
706 283 794 324 467.
830 284 876 324 de
905 286 1054 338 oriqine

108 345 368 396 Umbrorum
398 347 468 386 sed
489 347 588 386 liber
608 358 737 398 neque
766 359 941 388 excusus
959 379 967 395 ,
988 360 1056 388 ne-

105 421 183 460 que
211 409 286 449 MS.
319 409 533 448 invenitur.
577 407 702 461 Ajunt
738 422 896 462 quoque
929 410 1056 450 Vitam

104 469 245 511 Jacobi
287 469 460 509 Picinini
502 472 738 523 scripsisse,
769 474 842 512 nisi
873 473 971 512 forte
1000 472 1058 511 hi-

105 535 268 573 storiam
311 533 401 572 belli
445 534 688 585 Neapolitani
736 536 972 588 indigitant,
1016 537 1054 574 in

103 607 183 647 quo
211 595 260 635 de
287 596 407 635 rebus
444 596 549 636 illius
583 602 721 638 contra
762 597 1055 638 Ferdinandum

103 660 250 711 Regem
280 660 423 710 agitur.
453 659 763 700 Commentarios
792 661 833 700 iu
853 659 1056 701 Catullum

106 726 302 761 memorat
343 723 484 762 Petrus
527 724 827 773 Summontius,
864 725 930 775 qui
960 725 1057 762 scri-

101 788 168 835 pta
216 783 305 835 ejus
351 785 595 835 conjunctim
645 786 834 825 ediderat.
880 789 1054 826 Pontano

103 858 262 898 quoque
290 847 459 886 debetur
491 846 671 888 Tiberius
701 849 879 889 Donatus
907 850 948 888 in
983 848 1055 888 AE—

100 908 218 948 ueida
262 908 440 961 Viryilii,
470 921 520 949 ex
549 910 665 961 cujus
695 910 836 950 Codice
880 913 1053 962 primum

102 970 325 1022 impressus
347 977 409 1011 est
427 973 583 1023 Neapoli
606 985 676 1024 per
695 974 751 1012 Jo.
772 972 1052 1014 Sulzbachium

103 1036 144 1071 et
171 1033 374 1072 Matthiam
406 1035 586 1082 Cancer,
617 1036 733 1075 4535.
775 1036 836 1074 fol.
868 1037 970 1076 Haec
994 1036 1053 1076 ul-

101 1097 200 1136 tima
228 1108 279 1136 ex
307 1098 440 1137 Diario
470 1098 604 1137 Italico
646 1098 706 1137 Ad
737 1099 934 1138 Donatum
958 1110 1053 1138 vero

101 1158 204 1210 quod
236 1164 418 1211 spectat,
447 1160 545 1199 haec
573 1160 693 1199 editio
723 1166 940 1201 memorata
974 1173 1050 1200 non

101 1226 164 1260 est
192 1223 319 1273 prima
339 1253 347 1272 ,
365 1234 489 1273 quum
506 1222 685 1261 Adamus
701 1224 842 1262 Petrus
855 1224 1054 1262 Basileen-

101 1286 158 1323 sis
187 1285 224 1322 in
254 1285 497 1335 praefatione
527 1284 575 1323 ad
599 1285 840 1324 Rhemnium
856 1285 1054 1324 Palaemo-

103 1358 194 1385 nem
237 1351 278 1385 et
319 1347 416 1385 alios
460 1346 752 1385 Grammaticos
798 1347 973 1385 minores
1018 1358 1052 1386 a.

99 1407 229 1453 ⁴527.
258 1409 404 1460 scripta
442 1407 524 1459 jam
558 1412 759 1458 testetur,
790 1407 902 1447 illum
936 1420 962 1448 a
989 1410 1054 1447 Jo-

99 1470 216 1512 viano
247 1472 420 1511 Pontano
451 1482 471 1510 e
498 1470 578 1510 situ
599 1469 804 1523 prolatum
833 1481 927 1510 esse.

154 1532 456 1582 PONTIANUS,
499 1534 682 1584 Episcop.
725 1533 938 1573 Africanus
967 1534 1052 1573 Sec.

102 1597 167 1636 VI.
183 1597 343 1648 scripsit
363 1595 581 1648 Epistolam
600 1595 648 1635 ad
668 1597 687 1634 J
695 1597 938 1636 ustinianum
955 1597 1052 1648 Imp.

101 1660 141 1697 in
170 1670 249 1710 qua
277 1658 462 1698 adfirmat
504 1663 682 1698 mortuos
718 1669 795 1697 non
826 1669 917 1698 esse
945 1658 1055 1698 dam-

101 1726 182 1761 nat.
209 1721 326 1762 Edita
353 1724 416 1760 est
444 1726 538 1760 tom.
571 1723 585 1761 4
623 1721 888 1762 Conciliorum
926 1722 1050 1770 Binii,

102 1788 143 1823 et
170 1797 193 1823 a
220 1784 386 1823 Baronio
413 1783 461 1823 ad
491 1794 527 1822 a.
551 1784 641 1823 546.
670 1795 709 1821 n.
739 1783 805 1823 52.
833 1784 897 1823 53.

154 1845 436 1886 PONTIANUS
451 1877 462 1895 ,
492 1847 619 1896 patria
639 1847 866 1896 Romanus,
889 1846 1053 1897 Episco-

102 1919 178 1960 pus
204 1910 407 1948 Romanus
436 1909 511 1948 sub
531 1910 673 1959 Imper.
699 1907 938 1958 Alexandro,
957 1910 1054 1948 scri-

104 1973 185 2023 psit
211 1970 412 2024 Epistolas
441 1969 665 2010 Decretales
701 1970 828 2019 duas,
859 1982 960 2022 quae
985 1971 1054 2010 ha-

101 2034 245 2074 bentur
286 2039 393 2073 tomo
423 2035 449 2073 1.
480 2033 749 2072 Conciliorum
792 2033 987 2073 Harduini
1018 2045 1054 2084 p.

101 2097 190 2137 4⁴5.
235 2101 277 2136 et
317 2107 409 2136 cum
455 2095 672 2136 Clementis
705 2097 1054 2147 Recognitionihus

99 2171 170 2211 per
197 2159 438 2199 Sichardum
467 2159 574 2198 Basil
610 2158 728 2199 4526.
751 2159 921 2198 Decreta
948 2159 1054 2210 apud

99 2223 293 2271 Ivonem,
321 2222 557 2261 Gratianum
600 2225 641 2261 et
677 2222 788 2260 alios.
817 2221 1054 2272 Martyrium

99 2296 245 2337 passus
286 2289 350 2323 est
391 2283 466 2323 sub
497 2285 711 2324 Maximino
740 2284 778 2321 in
810 2282 991 2322 Sardinia
1021 2293 1058 2322 a.

100 2347 190 2388 237.
221 2347 260 2387 d.
289 2347 351 2387 ⁴9.
381 2348 478 2386 Nov.
508 2346 696 2387 Mandosii
739 2346 839 2385 Bibl.
883 2347 1057 2385 Romana

104 2413 220 2453 Ceut.
249 2412 279 2450 I.
311 2411 373 2449 44.
404 2410 509 2449 Lud.
539 2412 620 2448 Jac.
651 2421 672 2448 a
703 2410 742 2448 S.
772 2409 913 2448 Carolo
956 2409 1053 2448 Bibl.

100 2474 303 2514 Pontificia
333 2485 370 2524 p.
401 2473 490 2511 496.
519 2472 676 2511 Oldoini
705 2471 957 2510 Athenaeum
978 2472 1053 2510 Ro-

103 2549 268 2577 manum
298 2547 335 2587 p.
367 2533 457 2575 570.
486 2535 576 2574 574.

159 2598 407 2640 PONTICUS
450 2597 712 2644 VIRUMUS,
741 2594 857 2645 cujus
891 2606 1054 2645 praeno-

106 2664 248 2703 meniu
267 2661 464 2712 baptismo
479 2663 685 2709 acceptum
705 2669 776 2696 nos
796 2659 906 2706 latet,
923 2668 1048 2707 quum

103 2732 145 2767 et
181 2724 362 2765 Andreas
405 2721 606 2770 UbalduS,
635 2721 701 2771 qui
748 2722 870 2758 vitam
901 2718 989 2769 ejus
1019 2720 1052 2767 a)

105 2788 336 2839 descripsit,
368 2785 462 2824 illud
493 2785 683 2822 omiserit.
718 2781 869 2821 Pontici
909 2792 1053 2819 nomen

105 2850 250 2898 habet,
278 2848 371 2899 quia
399 2859 448 2885 ex
480 2846 621 2885 illustri
661 2846 804 2884 familia
835 2844 881 2883 de
910 2845 1052 2891 Ponte,

106 2923 209 2964 quae
236 2910 391 2950 Belluni
421 2909 577 2957 floruit,
607 2912 824 2959 prognatus
867 2911 946 2946 est:
994 2906 1055 2944 Vi-

26 3005 29 3009 .
106 2973 220 3013 runii
265 2983 386 3021 vero,
428 2972 519 3022 quia
570 2971 737 3022 patriam
771 2981 884 3010 suam
929 2969 1057 3009 Bellu-

109 3048 205 3077 num
221 3036 315 3074 olim
342 3035 537 3074 Virunum
563 3032 708 3072 dictam
731 3033 853 3072 fuisse
877 3031 1055 3072 credidit.

109 3099 364 3140 Tarvisinum
386 3096 505 3147 vulgo
526 3097 691 3146 patriam
716 3095 837 3134 fuisse
855 3098 1055 3134 statuunt:

113 3171 337 3214 perperam.
365 3160 514 3198 Parens
542 3158 628 3208 ojus
658 3157 799 3196 nobilis
828 3157 900 3195 suit
923 3161 962 3194 et
986 3157 1059 3195 Ve-

110 3225 216 3264 netis
245 3222 455 3262 militavit:
490 3225 617 3259 mater
650 3221 826 3266 Catium,
856 3217 1055 3265 Radichii,

165 3366 198 3405 a)
216 3367 314 3398 Edita
331 3367 379 3396 est
398 3364 452 3396 illa
471 3366 538 3395 vita
557 3371 613 3403 pei·
630 3363 784 3395 ovidium
805 3362 1062 3401 montanianum,

1999 217 2071 256 311

1126 286 1375 326 Macedoniae
1406 288 1598 339 Principis
1629 287 1717 326 filia.
1749 287 1889 326 Noster
1911 289 2014 327 circa
2042 300 2074 327 a.

1129 349 1241 387 4467.
1274 354 1392 389 natus
1421 355 1509 399 est,
1540 354 1650 401 patre
1676 351 1939 402 nonagenario
1958 380 1967 394 ‚
1988 361 2076 389 ma—

1129 417 1188 450 tre
1217 423 1344 451 annos
1376 414 1455 452 LIV
1485 418 1589 453 nata.
1624 415 1746 452 Mater
1775 415 1904 465 ipsum
1934 415 1972 452 in
2002 414 2075 452 lin-

1128 485 1204 526 gua
1233 474 1407 524 Graeca,
1437 476 1630 526 Georgius
1659 476 1792 525 Valla,
1823 478 1935 527 Bapt.
1972 476 2076 516 Gua-

1130 538 1240 576 rinus
1267 541 1308 575 et
1336 538 1400 576 alii
1431 539 1468 576 in
1499 539 1662 589 reliquis
1704 538 1844 577 studiis
1879 540 2078 578 instruxe-

1128 604 1234 638 runt.
1265 601 1405 639 Docuit
1435 602 1472 639 in
1503 602 1640 640 multis
1680 602 1935 650 civitatibus,
1966 614 2078 653 prae-

1127 663 1241 712 cipue
1271 661 1470 711 Arimini,
1514 664 1739 712 Ferrariae,
1774 665 1907 714 Regii,
1937 665 2079 703 Foroli-

1128 725 1193 762 vii.
1226 724 1374 763 Deinde
1403 726 1509 776 Regii
1550 736 1582 764 a.
1630 725 1744 765 4506.
1776 728 2075 777 typographiam

1128 788 1344 835 instruxit,
1373 789 1560 838 quamvis
1604 788 1717 835 libri,
1749 791 1815 839 qui
1859 801 1907 827 ex
1938 790 2077 828 eadem

1128 849 1384 900 prodierunt,
1409 850 1623 889 admodum
1655 852 1735 889 sint
1765 852 1861 899 rari,
1892 854 1982 902 quia
2009 853 2080 890 ini-

1128 913 1218 951 mici
1248 913 1335 963 ejus
1359 917 1450 964 post
1478 913 1599 952 breve
1624 918 1784 964 tempus
1821 914 1925 952 illam
1958 914 2078 953 dissi-

1127 977 1542 1025 paverunt.Mortuum
1555 975 1693 1015 dicunt
1706 977 1901 1014 Bononiae
1917 987 1950 1014 a.
1963 979 1975 1015 l
1988 977 2077 1015 520.

1179 1037 1333 1089 Scripta
1363 1037 1450 1088 ejus
1476 1039 1590 1089 longa
1615 1046 1716 1077 serie
1740 1043 1924 1076 recenset
1948 1039 2081 1078 lauda-

1127 1105 1192 1139 tus
1222 1099 1422 1149 Ubaldus,
1453 1112 1529 1139 non
1556 1106 1689 1140 autem
1715 1100 1854 1149 addit,
1880 1113 2077 1152 quaenam

1126 1174 1174 1202 ex
1204 1163 1280 1201 illis
1304 1165 1497 1214 impressa
1524 1164 1696 1212 fuerint,
1728 1165 1843 1202 sicuti
1875 1175 1946 1202 nec
1977 1165 2078 1203 Sim-

1126 1225 1245 1264 lerus.
1291 1226 1626 1265 Enumerabimus
1661 1230 1793 1265 autem
1839 1227 1876 1263 in
1919 1227 2079 1265 Classes

1127 1287 1280 1338 aliquot
1309 1287 1488 1338 digesta:

1181 1351 1215 1388 4.
1261 1350 1547 1389 Commentarii
1586 1350 1626 1388 in
1655 1348 1914 1398 Sallustium,
1959 1352 2079 1389 Meta-

1126 1410 1352 1464 morphosin
1405 1411 1562 1459 Ovidii,
1604 1412 1798 1459 Statium,
1841 1414 2074 1460 Horatium,

1129 1473 1425 1523 Claudianum,
1459 1473 1680 1525 Virgilium.

1180 1537 1219 1578 2.
1265 1537 1475 1578 Commeat.
1518 1538 1560 1575 in
1603 1536 1844 1584 Hesiodum,
1891 1536 2079 1577 Callima-

1127 1598 1267 1648 chum,
1317 1599 1474 1651 Orphea
1508 1599 1555 1639 cle
1593 1601 1781 1652 yemmis,
1826 1598 2078 1651 Autholoyiae

1128 1661 1274 1702 librum
1298 1663 1363 1702 IV.

1179 1727 1217 1765 5.
1240 1725 1442 1766 Versiones
1463 1738 1482 1765 e
1503 1738 1646 1778 9raeco
1669 1725 1870 1774 Pindari,
1893 1727 2077 1775 Homeri,

1125 1789 1314 1836 Hesiodi,
1363 1788 1582 1842 Apollonii,
1633 1788 1848 1836 Theocriti,
1895 1789 2080 1838 Musaei,

1124 1851 1387 1905 Phocyltcloe,
1421 1852 1544 1891 trium
1579 1852 1889 1904 Trayoedz'arum
1918 1852 2081 1903 Euripi-

1125 1914 1211 1965 dis,
1251 1920 1426 1967 quatuor
1455 1915 1680 1968 Sophoclis,
1711 1915 1966 1968 quarundam
2008 1915 2078 1955 Co-

1126 1976 1368 2016 moecliarum
1393 1977 1669 2030 Aristophanis
1684 2011 1694 2027 ,
1719 1977 1933 2016 multorum
1951 1976 2082 2016 Dialo-

1123 2051 1265 2091 9orum
1290 2041 1458 2080 Luciani
1471 2071 1478 2087 ,
1504 2040 1723 2080 Ptolemaei
1743 2045 1781 2080 et
1809 2040 2020 2080 Plutarchi
2036 2040 2082 2079 de

1126 2103 1306 2153 Musica,
1337 2102 1507 2142 Helenae
1532 2104 1728 2143 Demetrii
1754 2102 1933 2151 Moschi,
1963 2103 2082 2142 unius

1129 2163 1226 2203 libri
1251 2173 1306 2204 eoe
1326 2166 1515 2215 Zonara,
1551 2165 1750 2219 Theophili
1771 2165 1817 2205 cle
1840 2164 2024 2218 pulsibus
2047 2170 2084 2204 et

1127 2226 1283 2275 ruinis,
1328 2226 1451 2265 Pauli
1489 2228 1698 2278 AEyinetae
1715 2261 1723 2277 ,
1752 2228 1858 2267 Ae‘tii
1882 2228 2021 2279 Mayni
2047 2233 2085 2267 et

1129 2288 1314 2340 Melampi
1344 2288 1599 2328 Medicorum.

1185 2344 1220 2380 4.
1250 2342 1310 2381 De
1334 2342 1606 2382 Grammatica
1630 2341 1728 2382 libri
1753 2343 1828 2381 ΙῙΙ.
1854 2343 2082 2395 Eoeplicatio

1127 2405 1402 2444 Erotematum
1437 2404 1631 2445 Manuelis
1663 2404 1939 2458 Chrysolorae.
1971 2408 2081 2445 llunc

1128 2467 1270 2507 librum
1296 2469 1496 2507 Ferrariae
1514 2468 1628 2507 ⁴509.
1651 2468 1674 2506 8
1708 2468 1858 2507 editum
1877 2480 1945 2518 per
1968 2470 2083 2507 Joan-

1128 2541 1220 2568 nem
1250 2530 1509 2576 Mazochum,
1540 2531 1728 2568 rariorem
1760 2535 1922 2580 utpote,
1961 2531 2083 2582 pluri—

1127 2592 1203 2631 bus
1232 2591 1365 2630 verbis
1395 2596 1580 2630 recenset
1607 2593 1826 2632 Niceronus
1858 2594 1894 2630 in
1924 2592 2084 2631 Adden-

1128 2653 1189 2691 dis
1233 2652 1280 2691 ad
1311 2653 1587 2692 Memoriarum
1618 2657 1712 2692 tom.
1745 2654 1844 2693 VIIl.
1874 2665 1959 2705 pag.
1990 2655 2081 2694 ⁶253.

1129 2715 1240 2755 Adde
1263 2714 1438 2754 Annales
1462 2715 1769 2766 typographicos
1792 2717 1906 2756 Mich.
1930 2718 2081 2756 Maitta—

1128 2779 1182 2816 ire
1213 2782 1304 2816 tom.
1338 2778 1384 2816 ΙΙ.
1416 2790 1451 2829 p.
1482 2778 1574 2816 202.
1604 2778 1693 2817 203.

1179 2840 1215 2879 5.
1255 2841 1460 2879 Historica.
1491 2839 1672 2878 Historia
1702 2839 1840 2879 Italiac
1877 2840 2077 2879 recondita

1128 2900 1226 2941 libri
1252 2903 1316 2941 XI.
1342 2903 1423 2942 vita
1455 2902 1682 2942 Emanuclis
1708 2901 1998 2954 Chrysalorac:
2028 2905 2080 2942 De

1128 2963 1312 3004 laudibus
1341 2965 1562 3012 Bcatricis,
1585 2967 1732 3005 uoeoris
1758 2966 1946 3005 Lmlouici
1969 2967 2080 3019 Ssor-

1127 3029 1234 3074 ctae,
1266 3027 1385 3067 Ducis
1409 3028 1732 3068 Mediolanensis:
1761 3029 1959 3067 Historiae
1992 3030 2079 3067 Bri-

1129 3089 1308 3128 taimicae
1324 3088 1420 3128 libri
1441 3091 1477 3128 V.
1494 3091 1565 3129 Est
1587 3090 1867 3142 compendium
1892 3091 2079 3131 historiae

1128 3150 1650 3200 GalfrediMonumctensis‚
1678 3154 1915 3203 impressum
1944 3153 2077 3205 Augu-

1130 3218 1213 3252 stae
1229 3212 1520 3253 vindelicorum
1542 3216 1654 3255 4534.
1673 3216 1707 3253 8.
1731 3227 1800 3266 per
1825 3214 1920 3255 Alex
1947 3216 2077 3256 Weis—

1125 3365 1294 3395 Bononiae.
1312 3364 1431 3394 litteris
1448 3364 1559 3396 Jacobi
1578 3367 1698 3403 monti,
1720 3365 1808 3397 1655.
1830 3367 1857 3398 l.
