2517 4009
907 203 1315 244 SIFFRIDUS

164 282 210 320 V.
231 281 267 319 2.
293 278 537 332 Imperium)
558 277 648 316 add.
678 279 756 315 Leo
785 278 854 315 PP.
883 276 997 327 epist.
1023 275 1070 315 ad

109 344 288 382 Nicetam
336 341 632 391 aquileiensem
666 339 703 376 in
734 339 824 377 fine.
862 338 956 377 data
985 339 1069 379 XII.

106 403 274 443 Kalend.
305 400 506 453 Aprilium
535 400 742 451 Majorano
771 400 948 451 Auqusto
983 402 1067 452 pri-

105 476 214 504 mum
239 462 425 505 Consule.

158 528 220 566 VI.
246 529 281 566 i.
301 537 420 565 carm.
454 536 631 576 sequens
663 528 700 564 in
731 527 903 565 editione
934 530 1067 576 poste-

105 591 204 628 riore
226 588 290 626 hic
319 588 493 638 ponitur.

153 651 217 690 VI.
242 649 307 689 35.
325 647 515 688 Publicus
540 648 602 688 hic
622 653 739 701 pater
763 653 823 688 est
845 649 881 688 id
906 654 969 687 est
994 650 1069 687 im-

100 715 259 764 perator
276 742 287 759 ,
318 711 419 750 ratio
441 711 624 750 redditur
647 723 766 762 supra
788 713 903 762 epist.
928 713 962 750 i.
981 712 1003 750 i.
1028 712 1067 749 2.

98 776 136 812 in
169 774 274 820 fine,
299 772 390 811 vide
421 777 548 811 notas.
579 773 796 812 Altercatio
825 771 986 811 Adriani
1019 773 1064 811 Α.

96 839 137 874 et
161 835 345 886 Epicteti.
371 833 476 883 Quid
498 837 556 872 est
597 833 791 881 Caesarss?
814 835 943 884 Epict.
983 833 1063 872 Pu-

98 895 224 935 blicae
253 894 354 934 lucis
380 899 500 947 caput

145 958 229 997 VII.
261 958 324 998 ⁴2.
352 958 442 996 Jam
473 957 648 997 consulis
671 959 678 1003 )
711 961 798 1008 post
823 958 943 997 verba
963 972 969 996 :
992 970 1060 997 au-

95 1019 274 1070 spicatus
297 1024 388 1068 est,
427 1019 524 1059 haec
563 1020 652 1059 add.
692 1026 810 1060 vetus
848 1020 1061 1071 epigraphe

92 1092 270 1126 semesa,
299 1092 419 1132 quam
452 1094 543 1121 cum
575 1084 664 1121 aliis
696 1095 773 1121 non
805 1085 944 1133 paucis
991 1095 1060 1133 pu-

90 1142 192 1180 blico
212 1141 331 1181 debet
351 1144 563 1182 Caduceus
587 1150 724 1183 noster
742 1159 749 1183 :

173 1232 182 1241 .
214 1233 222 1242 .
254 1234 262 1242 .
293 1233 303 1242 .
332 1205 471 1244 AGNE
498 1207 751 1245 INNOCENS

173 1295 181 1303 .
215 1295 222 1302 .
255 1296 262 1303 .
295 1296 304 1303 .
333 1267 431 1305 NVS
460 1267 523 1305 SII
553 1267 804 1307 DEPOSITA

171 1357 180 1372 ,
211 1356 219 1364 .
252 1355 263 1364 .
293 1357 300 1364 .
332 1327 480 1366 VLIAS
510 1329 581 1366 FL.
609 1329 766 1368 AVITO

169 1417 179 1426 .
211 1414 220 1424 .
251 1417 260 1424 .
291 1418 300 1425 .
331 1389 374 1427 C.
402 1388 657 1428 CONSULE.

89 1454 266 1489 attamen
299 1451 336 1488 in
367 1451 498 1489 Fastis
529 1456 604 1489 etc.
637 1452 720 1491 Sub
751 1452 871 1491 finem
903 1453 1062 1492 additur

89 1522 166 1550 vox
183 1542 194 1560 ,
216 1510 573 1563 quadrimestrem.

141 1574 223 1613 Vll.
265 1575 356 1615 221.
392 1575 496 1614 Nam
533 1577 653 1627 post)
700 1575 791 1614 add.
837 1577 1062 1616 Eumenius

92 1635 231 1674 rhetor
246 1636 285 1674 in
303 1647 494 1687 panegyr.
515 1638 750 1677 Constanno
766 1637 886 1686 dicto,
905 1637 1065 1677 Vitliun-

83 1697 146 1749 qi,
177 1697 347 1747 Quadri,
373 1698 514 1750 Carpi,
539 1699 686 1751 Carpi,
712 1701 823 1738 toties
841 1699 1060 1750 profliyati.

87 1762 133 1799 D.
155 1759 340 1800 Ambros.
365 1772 426 1812 ep.
454 1762 520 1800 27.
547 1762 593 1800 In
612 1761 738 1800 medio
769 1761 941 1799 Romani
977 1762 1056 1799 Im—

83 1821 194 1873 perii
212 1821 328 1869 sinu,
353 1822 549 1874 Jutlzunyi
558 1822 865 1875 populabantur
883 1823 1054 1869 Rhenus,

91 1887 130 1921 et
150 1882 235 1922 ideo
275 1883 476 1924 adversus
513 1884 760 1936 Jutlzunqum
790 1886 961 1924 Hunnus
990 1896 1057 1923 ac-

91 1944 193 1984 citus
212 1948 281 1983 est.
306 1946 450 1984 Notitia
475 1947 634 1997 Imperii
659 1947 864 1985 orientalis
885 1977 896 1992 ,
917 1946 967 1984 de
991 1958 1055 1984 co—

92 2006 191 2045 mite
220 2007 360 2045 limitis
386 2008 587 2058 AEgyptii‚
620 2007 773 2049 Cohors
809 2010 959 2058 quarta
987 2009 1056 2046 Ju-

87 2067 327 2118 tliunqorum
347 2099 358 2117 ,
378 2068 613 2119 Aphrodito,

139 2130 221 2169 VII.
252 2129 344 2169 567.
376 2132 479 2169 Haec
516 2133 721 2170 annotatio
750 2133 807 2170 sic
846 2136 908 2169 est
943 2142 1056 2181 repo-

85 2190 242 2230 nenda:
283 2192 439 2241 Vterni)
476 2194 528 2231 ita
567 2194 675 2232 MSS.
715 2198 756 2230 et
799 2197 896 2230 vett.
946 2193 1055 2231 MSS.

87 2253 222 2291 Santo.
247 2255 323 2291 Put
345 2255 429 2292 Jur.
462 2254 633 2293 Vierum.
661 2254 788 2293 Anxie
812 2255 992 2304 quaesivi
1014 2259 1054 2292 et

88 2315 236 2352 inveni.
280 2314 406 2353 Vetus
446 2316 595 2354 Tabula
629 2313 1054 2362 itineraria,Ambru-

84 2376 189 2414 sium
204 2375 461 2414 XV.Nemuso
484 2377 560 2414 XV.
586 2378 734 2426 qurno
751 2377 848 2414 VIII
877 2375 1050 2414 Arelate.
1071 2414 1077 2415 ⁷

86 2437 322 2475 ‚arelatense
343 2441 522 2475 castrum
544 2442 631 2484 est,
654 2438 880 2486 Cyprianus
898 2440 936 2475 in
959 2438 1050 2475 hist.

85 2500 126 2539 S.
145 2499 319 2538 Caesarii
341 2527 349 2546 ,
377 2502 452 2537 aut
479 2505 584 2536 certe
615 2497 654 2535 in
675 2501 811 2536 castro
839 2499 1052 2547 L'yernensi

86 2559 332 2608 detineatur,
362 2560 411 2599 de
441 2571 519 2610 quo
549 2560 764 2609 Gregorius
795 2564 930 2596 noster
954 2559 1048 2596 hist.

86 2623 112 2661 I.
143 2623 179 2659 8.
211 2626 247 2660 o.'
277 2622 340 2660 30.
371 2626 412 2660 et
440 2622 464 2660 i.
495 2621 533 2659 9.
562 2632 594 2658 c.
626 2620 662 2658 7.
695 2620 812 2658 idacii
843 2620 986 2659 Chron.
1013 2620 1053 2657 in

87 2683 172 2735 ipso
194 2682 308 2721 Anno
329 2682 473 2722 Avitus
493 2680 633 2720 Gallus
657 2679 708 2719 ab
733 2681 913 2719 exercitu
931 2680 1053 2720 Galli-

87 2755 199 2792 cano,
216 2743 349 2796 primo
377 2743 537 2783 Tolosae
559 2773 567 2788 ,
591 2742 679 2781 (lein
707 2741 817 2793 apud
846 2740 1051 2780 Arelatum

87 2805 296 2856 Auyustus
329 2804 563 2857 appellatus.
591 2804 691 2842 idem
731 2803 876 2841 (lhron.
914 2803 1049 2841 Isidori

87 2878 108 2905 a
133 2867 177 2905 C.
204 2867 292 2905 46⁴.

111 2929 208 2968 .ΙΧ.
244 2929 335 2968 329.
374 2928 618 2967 Germanum
662 2925 857 2975 Probum)
895 2926 983 2965 add.
1009 2933 1049 2965 ct

88 3000 209 3039 supra
239 2990 356 3040 epist.
375 2989 414 3028 6.
441 2991 466 3028 i.
491 2992 527 3029 5.
552 2991 637 3027 init.

141 3051 211 3090 ΧΙ.
243 3050 333 3090 132.
362 3050 452 3090 Sint
478 3051 583 3097 nati)
614 3050 796 3088 Omatius
834 3049 937 3088 filius
971 3050 1047 3089 Ru-

90 3113 172 3151 ricii
194 3115 236 3150 et
259 3111 407 3151 Iberiac
423 3144 433 3159 ‚
458 3124 578 3162 quem
600 3113 781 3150 Ruricius
806 3111 861 3148 sic
881 3112 1047 3150 nutrivit

89 3178 129 3212 et
157 3172 326 3220 erudiit,
360 3178 402 3212 ut
426 3172 475 3212 ad
506 3172 780 3212 Sacerdotium
808 3183 934 3221 usquc
961 3184 1047 3222 per-

91 3235 262 3275 duxerit.
290 3235 474 3275 Ruricius
497 3236 611 3285 epist.
638 3234 706 3272 uit.
729 3234 751 3271 I.
780 3235 793 3272 i
832 3237 871 3270 ot
889 3234 949 3272 47.
970 3234 992 3272 i.
1013 3235 1044 3273 i.

143 3295 305 3347 Simque
326 3301 478 3349 nepotes
498 3299 505 3344 )
533 3297 671 3334 Ruricii
691 3305 833 3344 nepos
861 3295 1040 3334 Ruricius

2035 211 2113 252 473

1150 286 1309 325 quoque
1331 276 1423 323 fuit,
1439 276 1488 315 de
1513 289 1591 327 quo
1610 280 1846 318 Fortunati.
1866 282 1900 319 i.
1926 281 2058 321 Carm.
2074 285 2111 322 5.

1162 337 1291 368 Ruricii
1316 339 1440 377 gemini
1457 363 1466 375 ‚
1483 337 1577 370 ssore'
1598 339 1722 378 quibus
1744 342 1932 374 AnnIcioru
1946 350 1980 373 m

1201 387 1322 417 Juncta
1340 388 1503 425 parentali
1523 388 1675 420 cuimine
1692 391 1795 420 Roma
1815 390 1892 428 ruit,

1159 434 1398 467 accumulante
1423 436 1548 476 gradus
1564 439 1783 478 praenomine
1801 461 1811 476 ,
1829 442 1995 479 sanguine
2020 443 2109 474 nexi.

1198 484 1359 516 Exuitant
1378 487 1503 524 pariter
1531 487 1612 519 hinc
1632 495 1713 519 avus
1733 511 1742 526 ,
1762 487 1840 520 inde
1857 496 1973 529 nepos.

1199 536 1303 573 XIiI.
1348 536 1407 573 i8.
1447 537 1610 574 Manum
1652 549 1700 575 ac
1748 537 1981 582 rudentem)
2021 539 2111 577 add.

1146 596 1366 635 Landuifus
1389 597 1409 634 I.
1437 598 1500 635 22.
1526 599 1764 650 accipientes
1811 599 1951 651 pedem
1983 600 2109 652 ipsius

1142 657 1310 696 rudente
1336 657 1516 708 liqantes.

1199 720 1297 758 UIII.
1325 721 1387 759 49.
1413 721 1493 768 Qui
1516 720 1685 770 Phoebi)
1711 724 1799 761 add.
1826 730 1865 763 at
1893 736 1968 762 non
1995 725 2106 763 false.

1196 782 1302 820 XIII.
1331 782 1394 820 20.
1427 782 1541 821 Nunc
1579 785 1821 836 suspendia)
1851 787 1908 824 Eo
1939 798 2004 825 res
2035 788 2109 825 Ro-

1141 854 1259 882 mana
1293 849 1484 882 venerat.
1511 849 1554 883 ut
1575 845 1620 883 ad
1657 848 1797 885 incitas
1828 849 1987 887 redacta
2016 859 2108 887 esse

1139 904 1371 953 videretur,
1412 905 1580 956 ideoque
1620 909 1793 946 tricones
1840 921 1909 947 nec
1950 911 2108 948 solvere

1138 967 1258 1014 lenti,
1293 967 1340 1005 ad
1367 967 1606 1006 solutionem
1632 970 1863 1008 tributariae
1888 971 2104 1010 functionis

1138 1029 1367 1078 suspendiis
1413 1029 1688 1078 adigebantur.
1738 1032 1986 1071 Theodosius
2034 1035 2108 1072 ,Νο-

1138 1090 1239 1128 vella
1283 1090 1332 1129 de.
1373 1091 1595 1141 indulgent.
1636 1093 1821 1142 reliquor.
1872 1093 2107 1132 innumerae

1136 1150 1273 1189 deinde
1293 1151 1425 1190 clades
1442 1181 1452 1196 ,
1485 1164 1606 1192 saeva
1635 1153 1816 1192 custodia
1837 1184 1844 1203 ,
1875 1154 2104 1205 suspendio-

1136 1223 1229 1250 rum
1254 1213 1474 1252 crudelitas
1494 1218 1561 1253 etc⁴
1587 1216 1824 1265 Majorianus
1849 1215 2001 1254 Novell.
2018 1216 2103 1254 eod.

1142 1275 1200 1312 tit.
1229 1275 1329 1314 Cum
1354 1287 1430 1312 non
1454 1275 1533 1313 iam
1553 1276 1717 1315 amissio
1730 1276 1988 1328 fortunarum
2009 1310 2019 1326 ,
2037 1278 2106 1316 sed

1138 1345 1261 1373 saeva
1276 1335 1456 1373 custodia
1475 1366 1482 1381 ,
1501 1341 1538 1374 et
1555 1338 1863 1388 suspendiorum
1886 1338 2104 1378 crudelitas

1135 1395 1448 1446 formidabatur.

1194 1469 1229 1507 p.
1258 1457 1346 1495 445.
1375 1463 1455 1495 not.
1486 1458 1565 1496 Nec
1586 1461 1685 1506 non)
1715 1460 1804 1498 add.
1834 1461 2034 1512 Liturgiae
2065 1464 2105 1502 S.

1140 1520 1271 1558 Basilii
1295 1525 1374 1558 vet.
1397 1521 1626 1571 Interpres,
1661 1521 1910 1562 Christianos
1935 1524 2033 1574 fines
2062 1526 2103 1563 in

1138 1581 1220 1619 vita
1244 1585 1410 1620 nostra:
1438 1581 1589 1632 fideles,
1619 1582 1831 1631 indoloros,
1863 1584 2102 1636 inconfusos,

1139 1642 1485 1694 ineoepuqnabiles.
1520 1644 1670 1683 Eadem
1714 1645 1833 1684 verba
1869 1648 2012 1696 repetit
2038 1658 2103 1696 po-

1137 1710 1222 1744 stea
1254 1706 1343 1744 ibid.

1190 1768 1289 1806 XVI.
1321 1768 1384 1805 72.
1426 1768 1527 1806 Dum
1572 1766 1732 1806 lubrica
1760 1767 1933 1808 volvitur
1962 1773 2099 1818 aetas)

1130 1828 1220 1866 add.
1264 1831 1307 1867 D.
1350 1830 1535 1868 Ambros.
1573 1830 1620 1867 de
1655 1830 1766 1868 obitu
1805 1831 2099 1876 Valentiniani,

1131 1892 1243 1928 lanta
1286 1891 1388 1928 enim
1425 1890 1506 1942 fuit
1534 1891 1751 1929 emendatio
1780 1891 1888 1930 vitae
1917 1892 2029 1939 eius,
2062 1893 2101 1930 in

1131 1949 1197 1989 illo
1228 1950 1410 1991 omnibus
1441 1951 1595 1990 lubrico
1619 1952 1906 1991 adolescentiae
1931 1957 2100 2004 tempore

1131 2016 1188 2050 etc
1234 2014 1276 2051 D.
1310 2015 1413 2052 Hier.
1444 2014 1492 2051 de
1525 2017 1603 2052 vita
1636 2015 1675 2052 S.
1707 2015 1865 2052 Antonii
1905 2026 1939 2052 c.
1971 2016 2005 2052 3.
2037 2013 2101 2053 ille

1131 2072 1330 2112 lubricum
1359 2074 1649 2113 adolescentiae-
1674 2075 1750 2114 iter
1770 2107 1778 2123 ,
1806 2075 1915 2113 etad
1937 2076 2100 2114 ruinam

1128 2134 1248 2186 facile
1266 2134 1523 2187 proponebat.
1543 2138 1779 2188 Fuigentius
1804 2138 1852 2175 de
1877 2140 2097 2176 continent..

1130 2197 1274 2246 Vergil.
1317 2199 1513 2247 posposito
1559 2197 1738 2237 lubricae
1800 2199 1944 2238 aetatis
2001 2211 2100 2237 nau-

1126 2255 1260 2307 fragio
1293 2260 1364 2295 etc.
1677 2299 1682 2303 ,

1181 2319 1286 2355 XVI.
1311 2318 1396 2355 ⁴03.
1423 2319 1466 2355 i).
1488 2319 1645 2356 HIeron.
1667 2320 1705 2355 in
1728 2318 1816 2367 ejus
1836 2321 1942 2358 vita:
1965 2320 2096 2358 cibum

1127 2382 1164 2416 et
1181 2378 1453 2416 vestimentum
1483 2379 1521 2416 ei
1536 2378 1673 2429 palma
1687 2377 1926 2430 praebebat,
1955 2386 2092 2430 postea

1127 2439 1321 2478 contemtis
1348 2439 1577 2490 palmarum
1593 2439 1700 2491 soliis
1728 2439 1984 2479 vestiebatur.

1179 2499 1282 2538 xvi.
1316 2501 1404 2539 406.
1442 2501 1596 2551 Viaeque
1626 2500 1706 2538 otia
1736 2501 1886 2547 somni)
1918 2501 2007 2539 add.
2053 2503 2089 2541 S.

1127 2560 1371 2599 Athanasius
1399 2563 1435 2598 in
1461 2568 1541 2598 vita
1572 2563 1611 2599 S.
1639 2564 1799 2599 Antonii
1822 2573 1855 2600 c.
1881 2564 1915 2600 5.
1941 2562 1988 2600 (le
2002 2574 2091 2600 rar-

1125 2618 1242 2659 nibus
1285 2633 1379 2659 vero
1423 2625 1461 2659 et
1496 2622 1584 2660 vino
1625 2626 1756 2660 tacere
1800 2622 1940 2661 melius
1966 2631 2088 2673 puto,

1125 2693 1245 2732 quarn
1268 2682 1483 2733 quicquam
1508 2682 1640 2721 (licere
1654 2698 1670 2731 ‚⁴
1691 2683 1878 2734 quoniam
1900 2695 1966 2722 nec
1983 2684 2092 2735 apud

1119 2741 1322 2793 plurimos
1351 2744 1509 2794 quidem
1540 2744 1824 2783 monachorum
1862 2745 2086 2784 istiusmodi

1125 2816 1237 2844 escae
1268 2805 1307 2843 in
1330 2818 1405 2844 usu
1436 2804 1644 2844 habentur.

1178 2869 1279 2906 xvi.
1315 2869 1327 2905 i
1340 2870 1402 2906 ·I3.
1436 2866 1605 2915 Urbem)
1638 2868 1726 2907 mid.
1766 2868 2052 2920 monachosque
2074 2901 2083 2917 ,,

1123 2929 1159 2966 id
1182 2934 1245 2967 est
1261 2961 1270 2976 ,
1295 2927 1525 2967 Lirinensvs
1549 2930 1779 2968 cellulanos.

1177 2991 1278 3029 xvi.
1306 2992 1392 3030 iii.
1419 2991 1485 3029 Bis
1513 2996 1743 3038 successor,
1777 2991 1863 3030 add.
1890 2991 2026 3030 urbem
2045 2998 2079 3029 oi

1124 3053 1337 3091 monachos
1363 3055 1477 3103 regis.
1506 3055 1675 3091 Faustus
1702 3054 1844 3091 iioinoi.
1871 3054 1918 3091 de
1940 3056 1981 3092 S.
2007 3055 2082 3092 Ma-

1122 3116 1239 3152 ximo.
1286 3115 1433 3153 Beatus
1471 3119 1506 3152 el
1555 3114 1633 3165 ipse
1682 3116 1898 3153 commannis
1940 3120 2081 3166 pater,

1119 3186 1233 3226 quem
1281 3178 1318 3213 et
1361 3175 1439 3213 illic
1487 3177 1712 3215 Honoratus
1750 3178 1925 3227 accepit,
1957 3181 1993 3215 et
2021 3177 2082 3216 liic

1119 3235 1241 3273 honor
1271 3237 1435 3286 rapuit,
1468 3237 1609 3286 iliqnus
1639 3238 1880 3289 culpi-imus
1901 3237 1962 3276 ille
1990 3238 2079 3289 sun·

1120 3297 1235 3334 «lator
1260 3297 1532 3344 (laborum-ula
1581 3299 1797 3338 larinensis
1836 3312 1948 3338 ητιυιε
1989 3309 2079 3350 post

1712 3378 1776 3414 sii
