2517 4009
930 265 1217 305 PETRUS

127 335 321 376 PETRUS
344 334 393 373 dc
417 332 464 372 dc
483 333 606 385 Spira
635 335 873 384 Germanus,
896 337 1028 388 Augu·

67 401 266 438 stinianus
289 398 392 435 circa
422 397 546 436 seculi
572 397 654 436 XV.
697 399 831 437 initia:
870 404 1027 450 praeter

68 462 276 510 Sermones
305 458 354 496 de
378 462 558 509 tempore
583 463 623 497 et
661 460 709 498 de
741 461 896 499 Sanctis
933 462 1028 499 scri-

67 522 150 574 psit
171 522 209 558 in
232 520 353 558 libros
376 519 611 560 Ethicorum
650 521 890 561 Aristotelis.
930 521 1025 559 Vide

67 582 332 622 Trithemium
357 593 443 633 cap.
470 582 548 621 74Ιι
579 583 626 621 de
648 584 686 623 S.
713 585 757 623 E.
783 585 890 624 etde
911 584 1026 624 lumi-

65 645 228 684 naribus
250 643 487 683 Germaniae
511 655 597 696 cap.
625 647 713 685 450,

115 707 310 746 PETRUS
340 704 524 755 Stoekes,
556 719 628 746 seu
658 709 821 747 Stoccus
869 708 1025 760 Anglus

63 767 277 807 Carmelita
316 768 636 817 Norvolciensis,
666 770 891 820 Theologus
920 771 1025 809 Oxo-

62 830 213 868 niensis
241 829 290 868 ab
316 829 362 868 A.
391 830 506 869 4382.
525 831 620 869 obiit
646 832 683 868 in
709 831 905 870 Coenobio
930 833 1024 871 Nor-

61 891 252 930 volciensi
280 890 327 930 A.
359 892 475 931 4399.
506 893 569 932 28.
599 893 677 932 Jul.
710 894 877 943 Scripsit
904 895 1025 932 Prae-

61 952 176 991 conia
205 954 246 993 S.
273 953 524 1006 Scripturae.
547 955 858 994 Commentarios
882 955 1026 995 Biblio-

59 1025 164 1053 rum.
195 1016 388 1055 Lecturus
420 1016 697 1056 Scholasticas.
744 1016 1024 1070 Replicationes

61 1076 294 1116 Lectionum.
318 1078 528 1117 Lecturam
546 1080 841 1118 Sententiarum
866 1082 902 1118 in
928 1092 1025 1131 qua-

58 1142 149 1178 tuor
194 1140 314 1178 libros
357 1142 460 1179 Petri
506 1141 728 1179 Lombardi.
782 1141 1022 1181 ordinarias

60 1201 333 1250 Quaestiones.
360 1201 640 1242 Conclusiones
667 1204 760 1241 LIV.
788 1203 1024 1243 Collatlones

57 1263 210 1302 varias.
243 1265 392 1303 Contra
428 1263 576 1315 Wiclefi
604 1266 807 1303 articulos.
837 1266 1025 1304 Defenso-

57 1325 160 1363 rium
194 1323 367 1363 Occami.
389 1326 425 1373 a)
449 1326 595 1364 Contra
627 1325 853 1377 Philippum
884 1327 1025 1379 Repin-

52 1389 226 1437 ytonum.
256 1387 403 1426 Contra
433 1385 642 1426 Nicolaum
665 1387 925 1440 Herfordium
964 1388 1024 1427 De

54 1447 337 1499 superioritate
387 1446 507 1487 Cleri.
537 1447 638 1487 Vide
668 1450 833 1488 Baleum
864 1451 926 1488 VI.
958 1451 1020 1489 84.

55 1509 232 1548 Pitseum
263 1521 301 1560 p.
332 1510 421 1549 565.
454 1521 539 1560 seq.
570 1510 777 1561 Alegrium
808 1522 844 1560 p.
877 1512 968 1550 322.

106 1572 301 1611 PETRUS
331 1569 607 1620 Studebodus,
641 1572 742 1611 infra
776 1573 917 1612 Petrus
952 1574 1022 1612 Ta-

54 1629 243 1672 debodus.

107 1696 302 1735 PETRUS
349 1698 689 1745 Beneventanus,
741 1695 1019 1737 subdiaconus

53 1759 258 1798 Romanus
286 1763 326 1798 et
354 1760 574 1798 Innocentii
605 1759 672 1798 ΙΙΙ.
702 1761 905 1809 notarius,
941 1760 1023 1799 An-

54 1831 106 1859 no
136 1819 376 1860 duodecimo
402 1821 584 1871 ejusdem
612 1821 811 1860 Pontificis
829 1853 841 1870 ,
872 1823 1025 1862 CHristi

55 1882 169 1921 4209.
199 1883 368 1933 primam
399 1883 555 1933 publica
586 1885 823 1922 auctoritate
863 1883 1020 1934 Episto-

56 1943 190 1983 larum
209 1943 480 1984 Decretalium
503 1945 737 1984 Pontificum
754 1944 1018 1985 collectionem

54 2011 144 2057 post
187 2006 422 2045 Gratianum
465 2008 716 2058 composuit,
747 2007 895 2046 editam
925 2020 1018 2048 cum

0 2105 1 2110 ,
52 2068 140 2106 aliis
168 2068 468 2108 collectionibus
498 2069 821 2120 illustratamque
860 2070 909 2108 ab
939 2070 1020 2109 An-

51 2131 158 2169 tonio
177 2130 416 2182 Augustino,
439 2131 607 2170 Illerdae
631 2132 668 2169 in
687 2132 875 2183 Hispania
901 2133 1018 2171 4576.

53 2191 117 2230 fol.
145 2196 188 2230 et
216 2193 374 2231 Parisiis
405 2194 425 2231 a
457 2193 598 2232 Carolo
628 2194 782 2232 Labbeo
814 2194 930 2233 4640.
956 2195 1020 2233 fol.

53 2252 151 2292 Vide
179 2257 274 2292 tom.
304 2255 360 2295 XI
389 2255 572 2293 Biblioth.
603 2255 778 2294 Graecae
825 2266 910 2306 pag.
955 2256 1019 2295 20.

54 2325 137 2366 seq.
168 2319 290 2367 atque
318 2316 522 2356 Oudinum
555 2321 581 2355 t.
613 2317 637 2356 2
667 2328 705 2367 p.
733 2317 887 2355 ultima.

107 2378 303 2416 PETRUS
332 2376 609 2417 subdiaconus
636 2380 839 2417 Romanus
874 2383 914 2417 et
944 2381 1024 2418 Μο-

55 2438 210 2478 nachus
240 2439 476 2478 Casinensis
499 2440 603 2477 circa
628 2439 789 2478 Annum
825 2439 939 2478 4420.
963 2452 1024 2478 ro-

43 2492 150 2552 'gatu
177 2500 279 2539 Petri
305 2501 465 2538 Diaconi
490 2505 530 2538 et
554 2500 849 2538 Bibliothecarii
870 2501 1025 2551 passio-

55 2574 143 2602 nem
172 2563 215 2601 B.
246 2562 384 2602 Marci
412 2562 599 2601 versibus
624 2561 861 2609 adornavit,
889 2567 934 2600 ut
958 2563 1024 2601 hic

56 2627 142 2677 ipse
170 2628 344 2664 testatur
373 2636 458 2676 cap.
487 2625 551 2663 43.
574 2624 662 2663 libri
682 2623 732 2662 de
763 2624 1023 2674 scriptoribus

59 2687 359 2728 casinensibus.

16 2746 19 2753 ’
112 2750 308 2790 PETRUS
334 2747 528 2800 Sulpinus
551 2777 559 2797 ,
589 2745 700 2799 infra
727 2748 869 2785 Petrus
903 2747 1024 2785 Vasa—

63 2811 193 2852 tensis.

111 2875 308 2914 PETRUS
350 2873 688 2925 Swaninytonus,
720 2870 892 2910 Lelando
935 2882 1022 2920 cap.

61 2936 152 2977 309.
175 2936 467 2977 Svanendunus
492 2936 673 2987 AngluS‚
698 2933 927 2980 Carmelita,
950 2934 1026 2982 pri-

63 3009 154 3038 mus
181 3010 229 3038 ex
259 2998 397 3037 ordine
427 2997 637 3037 Heliadum
681 2997 766 3034 sive
796 2995 1027 3034 Carmelita-

40 3060 155 3100 'rum
186 3060 420 3111 Theologiae
449 3060 594 3098 Doctor
630 3057 881 3096 Oxoniensis.
925 3056 1028 3095 Scri-

64 3124 146 3174 psit
173 3121 215 3161 in
237 3122 260 3159 Ι
264 3123 302 3161 V.
329 3119 453 3160 libros
476 3119 770 3160 Sententiarum
799 3118 931 3156 clarus
955 3120 1030 3155 cir-

65 3196 110 3224 ca
140 3184 188 3224 A.
218 3184 334 3224 4270.
378 3188 499 3234 atque
546 3183 660 3220 Baleo
707 3181 767 3219 IV.
801 3181 862 3219 31.
896 3183 1028 3227 toste,

68 3247 187 3287 etiam
214 3245 412 3286 Lectiones
440 3243 776 3294 scripturarum,
808 3243 842 3279 et
872 3239 1031 3289 Quodli-

125 3378 158 3419 ε)
175 3379 288 3410 Pitseo
314 3377 490 3413 Holchori.

1984 267 2062 306 207

1103 335 1191 375 beta
1239 337 1392 376 XLVll.
1433 342 1474 375 et
1519 336 1758 376 Orclinarias
1797 337 2065 386 Quaestiones.

1101 398 1250 437 Eadem
1282 400 1439 437 Pitseus
1471 411 1507 450 p.
1539 400 1628 438 346.
1658 399 1843 451 Alegrius
1872 411 1910 450 p.
1947 400 2038 438 266.

1156 461 1346 500 PETRUS
1378 461 1701 499 Bilswardiensis
1744 461 2065 513 Augustinianus

1103 523 1138 559 in
1171 522 1354 570 Thabor,
1385 524 1532 561 Frisiae
1553 524 1812 571 Monasterio,
1840 522 1946 562 undo
1972 523 2067 562 Vos—

1101 585 1158 621 sio
1189 596 1222 634 p.
1254 584 1331 623 746
1376 584 1545 635 aliisque
1581 583 1791 623 Thaborita
1822 586 1908 624 sive
1944 583 2066 623 Tabo-

1080 656 1247 684 vraeus:
1281 647 1433 696 peritus
1460 648 1512 683 rei
1539 647 1864 694 Mathematicae,
1896 649 2066 697 scriptor

1102 707 1291 748 Clzronici
1304 706 1549 758 Brabantiae
1569 708 1803 760 Frisiaequc
1820 709 1867 747 ab
1884 709 1928 747 A.
1949 709 2066 748 4281.

1099 770 1145 808 ad
1179 770 1295 808 4550.
1315 770 1336 808 ὸ
1355 781 1433 820 quo
1467 770 1679 819 profecisse
1704 781 1746 808 se
1773 771 1921 808 fatetur
1951 770 2068 808 Chri-

1100 834 1256 870 stianus
1281 833 1495 870 Massaeus.
1518 831 1616 869 Vide
1643 832 1841 870 Valerium
1864 832 2063 872 Andrean]

1102 905 1138 944 p.
1169 894 1258 932 725.
1291 893 1534 931 Sweertium
1566 904 1601 943 p.
1636 893 1725 931 603.
1757 904 1840 944 seq.

1153 956 1347 994 PETRUS
1377 954 1423 993 cle
1451 954 1686 994 Tarentasia
1724 954 1772 992 de
1817 966 1895 1005 quo
1941 966 2062 1005 supra

1101 1018 1137 1054 in
1170 1015 1481 1056 INNOCENTIO
1504 1017 1545 1054 V.
1573 1018 1714 1055 Petrus
1746 1018 1885 1054 Frizon
1914 1018 1949 1054 in
1976 1017 2066 1055 Gal-

1100 1079 1147 1118 lia
1179 1084 1400 1130 purpurata
1432 1090 1520 1129 pag.
1552 1079 1613 1118 44.
1645 1090 1728 1129 seq.
1760 1084 1836 1117 etc.

1153 1141 1346 1179 PETRUS
1376 1139 1567 1191 Salpinus
1593 1142 1679 1178 sive
1704 1138 1920 1191 Sulpinus,
1952 1139 2065 1177 Tolo-

1099 1213 1247 1250 sanus,
1278 1201 1372 1240 Ord.
1418 1202 1552 1240 Minor.
1584 1202 1807 1252 Episcopus
1854 1203 1891 1238 in
1937 1201 2062 1239 Gallia

1098 1265 1201 1303 circa
1231 1264 1276 1302 A.
1325 1264 1438 1302 4406.
1469 1264 1506 1311 a)
1542 1264 1792 1310 Vasatensis,
1825 1264 2061 1312 Dionysium

1101 1327 1279 1364 imitatus
1310 1326 1472 1375 scripsit
1502 1325 1550 1362 de
1582 1325 1800 1363 hierarchia
1850 1325 2064 1373 Angelica,

1099 1387 1147 1425 de
1170 1386 1391 1425 hierarchia
1417 1386 1724 1431 Ecclesiastica‚
1749 1386 1797 1424 de
1822 1388 1974 1424 Divinis
2001 1398 2069 1423 no-

1099 1449 1300 1497 minibus,
1330 1452 1370 1485 et
1400 1447 1449 1485 de.
1488 1448 1661 1496 mystica
1700 1448 1923 1497 Theologia.
1970 1448 2065 1486 Vide.

1100 1510 1372 1560 Waddingum
1405 1522 1492 1560 pag.
1518 1509 1611 1547 289.

1152 1572 1345 1610 PETRUS
1380 1570 1618 1609 Theanensis
1647 1571 1751 1607 circa
1777 1569 1822 1607 A.
1850 1568 1964 1608 4100.
1993 1571 2066 1607 Mo-

1097 1633 1252 1673 nachus
1302 1634 1564 1680 Casinensis,
1617 1643 1737 1682 quem
1792 1632 2066 1669 institutorem

1096 1708 1214 1735 suum
1260 1700 1300 1734 et
1344 1695 1654 1734 declamatorem
1702 1694 1899 1744 insignem
1950 1696 2067 1731 vocat

1097 1761 1242 1797 Petrus
1269 1759 1467 1796 Diaconus
1498 1768 1583 1807 cap.
1615 1757 1663 1795 39
1709 1756 1796 1794 libri
1827 1755 1875 1793 de
1901 1756 2068 1805 scripto-

1099 1821 1210 1859 ribus
1240 1820 1528 1859 Casinensibus
1551 1847 1560 1861 ‚
1592 1818 1760 1857 laudans
1791 1817 1878 1866 ejus
1909 1818 2067 1856 Sermo-

1101 1894 1176 1921 nes
1208 1882 1257 1920 de
1287 1882 1588 1933 Septuagesima
1609 1911 1616 1928 ‚
1641 1880 1689 1918 de
1719 1879 1964 1918 dedicatione
1994 1880 2069 1917 Ec-

1094 1945 1239 1983 clesiae
1262 1974 1269 1991 ,
1295 1944 1344 1982 de
1370 1944 1588 1982 Nativitate
1608 1944 1794 1989 Domini,
1821 1941 1869 1979 de
1890 1941 2066 1991 Epipha-

1095 2008 1183 2053 nia,
1213 2006 1392 2055 aliosque
1421 2015 1541 2055 quam
1574 2003 1778 2054 plurimos.

1151 2066 1188 2105 S.
1215 2067 1412 2106 PETRUS
1440 2065 1624 2113 Thomas,
1650 2064 1790 2103 Gallus
1813 2065 1953 2113 Vasco,
1971 2064 2066 2103 Car-

1096 2130 1231 2168 melita
1275 2141 1326 2168 ex
1376 2130 1571 2179 Episcopo
1616 2128 1782 2166 Pacensi
1810 2132 1851 2165 et
1881 2127 2063 2166 Cretensi

1094 2191 1403 2242 Archiepiscopo
1434 2189 1660 2228 patriarcha
1703 2189 2065 2239 Constantinopoli-

1095 2257 1215 2291 tanus
1247 2252 1294 2291 ab
1326 2252 1484 2290 Urbano
1515 2252 1558 2289 V.
1590 2254 1635 2288 A.
1669 2250 1785 2289 4368.
1826 2251 2065 2300 pronuncia-

1097 2318 1167 2352 tus
1198 2313 1303 2352 diem
1335 2313 1431 2351 obiit
1462 2313 1499 2350 in
1532 2312 1666 2361 Cypro
1698 2311 1831 2348 Insula
1866 2311 1912 2348 Α.
1949 2311 2065 2348 4366.

1096 2375 1158 2414 23.
1189 2375 1351 2413 Januar.
1378 2375 1506 2412 Vitam
1528 2372 1616 2423 ejus
1637 2372 1761 2411 edidit
1787 2373 1914 2409 Lucas
1946 2371 2066 2408 Wad-

1096 2437 1242 2486 dingus
1273 2435 1394 2486 Lugd.
1429 2435 1545 2475 4637.
1575 2436 1611 2472 8.
1644 2435 1810 2484 Scripsit
1840 2433 1985 2470 librum
2017 2431 2064 2469 (Ie

1101 2497 1275 2548 Viryinis
1298 2496 1454 2535 Mariae
1479 2495 1723 2547 conceptione
1745 2495 1908 2545 ejusque
1932 2491 2063 2530 excel-

1099 2558 1243 2598 lentiis.
1275 2558 1372 2597 Vide
1404 2559 1611 2608 Alegrium
1642 2568 1729 2606 pag.
1761 2558 1849 2594 303.

1152 2621 1346 2659 PETRUS
1366 2618 1413 2657 cle
1445 2619 1604 2669 Thynw,
1625 2618 1903 2655 thesaurarius
1927 2621 1967 2654 et
1991 2616 2065 2654 Cn-

1098 2683 1266 2721 nonicus
1309 2682 1348 2720 S.
1386 2681 1552 2719 Gudilae
1583 2679 1885 2725 Bruxellensis,
1916 2689 1964 2716 ex
1996 2689 2065 2716 cu-

1094 2751 1159 2794 jus
1192 2742 1386 2783 Chronico
1423 2740 1668 2780 Brabanti'ae
1698 2743 1896 2780 Manuscr.
1932 2741 2064 2779 locum

1098 2807 1224 2846 affort.
1254 2807 1310 2844 Jo.
1341 2805 1512 2844 Jacobus
1542 2804 1752 2843 Chilletius
1781 2803 1879 2841 libro
1910 2804 1973 2841 cui
2017 2804 2065 2840 ti-

1099 2869 1236 2908 tulus:
1269 2868 1304 2906 le
1337 2867 1427 2905 faux
1460 2865 1741 2905 Childebrand.
1774 2876 1810 2915 p.
1844 2865 1932 2903 436.

1154 2928 1345 2969 PETRUS
1393 2925 1611 2966 Titebodus.
1644 2927 1743 2965 infra
1776 2937 1865 2964 mox
1918 2924 2064 2963 Petrus

1106 2990 1350 3030 Tudebodus.

1157 3054 1350 3092 PETRUS
1375 3050 1577 3090 Trecensis
1604 3050 1706 3088 idem
1733 3060 1824 3087 cum
1854 3051 1970 3087 Petro
1994 3051 2065 3089 Co-

1104 3119 1269 3154 mestore
1298 3114 1346 3152 (lc
1371 3125 1448 3164 quo
1474 3118 1500 3150 t.
1528 3114 1562 3150 4.
1593 3124 1677 3162 pag.
1706 3111 1796 3148 373.

1159 3177 1354 3216 PETRUS
1374 3172 1602 3213 Turleboslus
1619 3173 1757 3211 (lullus
1776 3173 1988 3224 Presbyter
2004 3175 2066 3213 Ci-

1106 3239 1327 3277 vriacensis
1366 3236 1573 3286 (Civray)
1613 3237 1698 3271 sive
1730 3236 1990 3274 Sivriacensis
2027 3238 2064 3273 in

1166 3371 1197 3409 a)
1220 3368 1469 3401 sammarthani
1488 3372 1569 3399 tom.
1588 3368 1619 3399 5.
1635 3376 1711 3407 pag.
1731 3367 1822 3398 4131.
