2533 4009
429 279 480 317 7'4
1245 271 1588 311 MICIIAEL

431 350 555 400 patria
581 321 890 389 cornubiensis,
916 342 1071 391 Anglus
1095 343 1196 380 circa
1218 342 1263 380 A.
1286 342 1386 381 4420
1462 341 1510 379 de
1529 341 1604 379 CC.
1627 339 1937 390 Augustinianis.
1959 345 1977 367 *⁶
1999 343 2198 382 Laudatur
2218 347 2258 381 et
2277 354 2297 381 3
2319 344 2410 382 Ber-

434 414 550 449 Poola
588 414 626 446 et
669 408 837 455 scriptor
880 402 1084 441 Historiae
1124 403 1392 441 Normanniae

429 484 549 522 quam
579 472 771 507 memorat
792 467 957 503 Vossius
976 476 1061 514 pag.
1088 465 1175 502 474.
1201 476 1248 502 ex
1272 466 1395 503 Pitsei

435 547 520 585 pag.
544 534 618 571 322
652 531 731 568 Non
751 528 936 565 diversus
959 527 1020 564 liic
1047 528 1068 564 3
1093 524 1284 564 Michaele
1306 526 1395 563 Tre-

432 595 542 646 qorio
561 595 684 643 primo
703 590 939 628 Academiae
957 588 1219 627 Cadomensis
1236 587 1396 625 doctore

436 669 478 696 ac
505 641 675 702 do‘niquo
715 651 1023 700 Archiepiscopo
1062 650 1296 688 Dublinensi
1317 680 1324 697 ‚
1349 649 1397 687 dc

435 728 512 767 quo
540 715 642 752 idem
675 715 833 751 Pitseus
859 724 948 761 pag.
967 713 1057 750 662.
1084 713 1250 749 Iluetius
1267 712 1397 761 Origg.

435 779 673 818 (ladomens.
699 786 785 825 cap.
812 776 874 813 48.
900 775 1096 812 Waraeus
1127 774 1334 811 Hiberniae
1360 772 1397 809 S.

435 853 523 891 pag.
550 840 641 879 446.
667 842 706 875 et
736 848 783 874 ex
817 835 977 874 Lelandi
1009 847 1093 885 cap.
1126 835 1214 873 527.
1257 834 1399 872 Baleus

436 903 537 940 VIII.
570 901 630 939 44.
675 898 740 937 ubi
780 903 820 936 et
851 900 1060 936 Lecturam
1098 897 1138 933 in
1177 896 1240 932 IV.
1277 892 1398 931 libros

436 961 731 1002 Sententiarum
747 990 757 1006 ,
778 963 817 996 et
844 960 1103 1006 Quaestiones
1127 955 1370 994 Ordinarias
1386 984 1396 1000 ,

438 1034 478 1062 et
509 1024 652 1062 librum
684 1021 732 1059 de
762 1021 921 1070 Origine
961 1018 1090 1056 Studii
1123 1019 1210 1054 sive
1250 1015 1401 1053 Acade-

441 1087 540 1124 miae
565 1082 842 1123 Cadomensis.
868 1080 967 1128 Ejus
992 1079 1220 1116 aculeatum
1239 1087 1400 1114 carmen

439 1153 575 1186 contra
596 1145 805 1183 ilenricum
818 1141 1150 1179 Abrineatensem
1165 1137 1403 1175 siveAbrin-

440 1218 601 1247 oensem
635 1207 828 1242 memorat
861 1201 1063 1240 Lelandus
1094 1211 1179 1249 cap.
1211 1200 1303 1237 200.
1342 1199 1405 1236 In-

440 1265 770 1319 cip.ArcI1ipoeta
794 1262 883 1302 vide
905 1262 1012 1314 quod
1035 1261 1190 1300 nonsit.
1213 1260 1299 1299 Alia
1317 1258 1405 1309 ejus

439 1330 615 1369 carmina
646 1331 685 1363 et
714 1326 914 1376 Epistolas
945 1325 1089 1363 Balcus
1114 1324 1175 1362 IV.
1204 1323 1265 1361 40.
1293 1323 1405 1360 Hunc

440 1402 530 1429 esse
560 1400 680 1439 quem
711 1387 947 1425 Michaelem
972 1386 1181 1436 Anglicum
1214 1384 1406 1422 J0.Ravi-

441 1454 525 1491 sius
543 1452 691 1489 Textor
709 1451 745 1487 in
770 1450 1017 1498 Cornucopia
1052 1447 1250 1497 appellat,
1275 1445 1404 1484 eidem

443 1516 573 1552 Pitseo
606 1516 815 1549 notatum:
847 1514 910 1548 est
939 1515 1073 1548 autem
1107 1509 1289 1546 Textoris
1313 1508 1408 1545 Cor-

445 1575 638 1623 nucopiae
668 1572 826 1610 libellus
851 1583 941 1610 cum
968 1572 1135 1609 Officina
1159 1569 1246 1619 ejus
1262 1569 1406 1616 editus,

445 1640 483 1675 in
514 1647 591 1687 quo
638 1636 817 1673 referens
861 1633 999 1671 ordine
1043 1633 1291 1681 alphabetico
1344 1642 1408 1669 res

445 1700 575 1737 omnis
600 1698 758 1747 generis
774 1727 784 1743 ,
816 1699 981 1734 annotat
1005 1694 1151 1744 quibus
1172 1696 1209 1730 in
1232 1694 1328 1731 locis
1349 1704 1410 1730 rc-

445 1762 651 1811 periantur
694 1763 734 1795 et
777 1757 1158 1806 frequentissimae,
1198 1759 1238 1792 et
1267 1765 1339 1793 suo
1370 1755 1407 1791 in

448 1832 593 1872 genere
619 1819 816 1856 meliores.

502 1876 1410 1929 MICHAELMagister.infra‚IlI2'cliaelScotus.

504 1944 672 1983 Marcus
711 1941 904 1980 Antonius
934 1939 1186 1987 MICHAEL,
1216 1938 1410 1977 Patricius

451 2006 632 2044 Venetus
663 2004 737 2043 An.
766 2003 880 2041 4546.
920 2002 1145 2050 composuit
1181 1998 1412 2049 descriptio-

448 2079 536 2106 nem
560 2078 653 2117 aori
676 2069 713 2103 et
736 2063 851 2102 urbis
884 2061 1157 2113 Bmyoenatis,
1187 2072 1289 2111 quac
1319 2070 1412 2098 cum

451 2129 651 2167 Francisci
698 2126 877 2166 Bellal'mi
907 2125 955 2162 de
980 2125 1129 2174 origine
1159 2127 1199 2161 et
1229 2122 1415 2171 tempori-

455 2191 531 2229 bus
562 2191 647 2227 sive
678 2189 770 2227 fatis
800 2187 918 2226 Urbis
957 2185 1140 2235 Bergomi
1169 2183 1313 2234 prodiit
1342 2183 1416 2221 Ve-

455 2257 535 2289 net.
555 2252 683 2290 4532.
717 2251 750 2288 4.
782 2254 902 2298 atque
935 2247 1025 2285 inde
1052 2246 1296 2284 inthesauro
1312 2245 1415 2283 Scri-

455 2318 612 2363 ptorum
644 2312 778 2349 ltaliae
810 2310 1134 2356 Burmannian07
1165 2312 1261 2345 tom.
1295 2306 1362 2344 IX.

505 2373 727 2412 MICHAEL
758 2370 804 2409 cle
825 2372 985 2418 Massa,
1015 2369 1108 2407 Ord.
1139 2369 1411 2407 Eremitarum

459 2437 497 2473 S.
528 2434 761 2483 Augustini,
793 2432 1009 2470 defunctus
1039 2431 1199 2469 Parisiis
1225 2429 1270 2467 A.
1297 2430 1416 2467 4336.

458 2496 506 2534 de
536 2496 584 2533 de.
615 2506 692 2545 quo
722 2494 968 2532 Trithemius
998 2503 1082 2541 cap.
1114 2492 1205 2529 623.
1234 2492 1416 2528 Possevi—

459 2569 536 2596 nus
566 2562 640 2595 etc.
673 2556 826 2606 Scripta
857 2556 962 2593 eius:
998 2553 1083 2591 Vita
1122 2551 1288 2592 CHristz'
1312 2563 1414 2601 quac

459 2619 727 2667 Manuscripta
770 2618 925 2666 Lipsiae
956 2617 992 2653 in
1026 2615 1209 2663 Paulina⁷
1239 2617 1342 2652 teste
1372 2615 1412 2651 B.

463 2681 610 2717 Fellero
635 2691 720 2729 pag.
754 2679 843 2718 462.
874 2679 919 2715 In
944 2676 1122 2715 Esaiam.
1161 2676 1207 2713 In
1241 2677 1415 2726 quatuor

462 2739 749 2788 Evaiiyelistas.
772 2741 827 2778 De
840 2738 1024 2789 passione
1050 2737 1216 2776 Domini.
1243 2737 1298 2774 De
1319 2747 1417 2786 qua—

462 2807 552 2840 tuor
588 2800 817 2839 Virtutibus.
848 2802 1070 2838 Sermones.

517 2865 536 2886 *⁶
560 2864 690 2901 Cessit
710 2874 731 2900 c
756 2864 837 2900 vita
863 2874 924 2899 an.
949 2862 1063 2899 4337.
1081 2862 1247 2910 Scripsit
1264 2861 1300 2897 in
1322 2870 1418 2908 qua-

462 2932 551 2965 tuor
567 2925 631 2962 lib.
648 2925 967 2966 Sententiarum3
992 2924 1028 2958 in
1052 2922 1170 2959 libros
1190 2930 1322 2957 omnes
1344 2921 1417 2956 vet.

467 2986 699 3025 Testamenti
739 2981 1052 3023 Commentarios
1069 2995 1079 3028 ,·
1103 2981 1148 3019 clo
1187 2979 1314 3018 tribus
1337 2979 1419 3017 vir-

465 3047 612 3087 tutibus
637 3046 809 3094 ‹livinis3
837 3045 884 3083 dc
918 3045 1069 3081 meritis
1094 3046 1130 3080 ct
1157 3040 1332 3094 efficacia
1356 3038 1420 3077 bo-

464 3122 605 3147 norum
627 3120 788 3160 operum
807 3120 818 3154 ‚·
836 3104 1027 3144 notabilia
1047 3116 1199 3155 quoque
1223 3114 1270 3140 ac
1299 3112 1420 3152 quac-

468 3171 609 3208 stiones
626 3183 635 3218 3
653 3176 692 3208 ct
717 3171 888 3219 reliquos
909 3178 1050 3205 omnes
1075 3167 1194 3204 libros
1225 3165 1286 3202 hic
1306 3176 1325 3201 3
1351 3165 1422 3201 Fa-

472 3233 590 3268 bricio
616 3231 817 3269 indicatos.
845 3229 940 3268 Vidc
964 3228 1154 3266 Gandolfo
1186 3228 1222 3264 in
1259 3227 1422 3263 Dissert.

527 3370 559 3408 a)
579 3372 669 3401 vri-215.
695 3369 770 3400 hist.
796 3370 902 3399 Latin.
928 3376 1000 3408 pag.
1025 3370 1098 3402 507.

1464 403 1640 452 gomensi
1668 402 1732 439 lib.
1757 402 1818 440 43.
1840 404 2099 454 (Lucchesini)

1519 463 1741 501 MICIIAEL
1783 463 2106 512 Mediolanensis,
2147 476 2297 516 supra,
2343 463 2414 503 Mi-

1467 524 1581 563 chael
1603 523 1648 562 dc
1674 523 1894 563 Charcano.

1523 586 1743 626 llllCllAEL
1773 585 1819 624 de
1847 586 2066 636 Morboszb,
2095 587 2413 635 Grammaticus,

1471 650 1586 687 cuius
1615 648 1712 687 liber
1761 650 2002 699 inscriptus:
2034 649 2139 688 Modi
2170 648 2420 700 siynificandz

1472 711 1766 760 Manuscriptus
1798 712 1834 747 in
1867 709 2120 748 Bibliothecis
2158 712 2279 763 Belgii
2317 715 2420 750 teste

1474 771 1650 809 Sandero
1681 783 1766 821 pag.
1799 772 1887 810 405.

1526 834 1585 870 Ex
1617 833 1843 882 Necrologio
1871 831 2061 871 Abbatiae
2090 832 2129 870 S.
2157 832 2426 873 MICHAELIS

1475 894 1680 932 Ulterioris
1710 896 1851 932 Portus
1881 893 1956 932 sub
1992 893 2177 944 Archiep.
2219 894 2428 935 Rothoma-

1472 955 1610 1003 gensi,
1641 959 1830 1003 excerpta
1855 955 1959 1004 apud
1989 955 2226 994 Dacherium
2256 952 2294 993 in
2325 959 2428 996 notis

1474 1016 1521 1054 ad
1552 1015 1728 1054 Guiberti
1759 1016 2016 1066 Novigentini
2045 1015 2174 1066 Opera
2203 1028 2240 1067 p.
2264 1017 2340 1056 633
2369 1029 2428 1068 sq.

1528 1076 1750 1116 MICHAEL
1783 1076 1880 1116 Ord.
1910 1077 2051 1117 Minor.
2083 1078 2236 1128 Supra.
2265 1076 2434 1118 Michael

1477 1138 1706 1189 Inquisitor.

1532 1200 1755 1239 MlCHAEL
1802 1199 1849 1238 de
1893 1199 2056 1248 Platea,
2093 1202 2179 1239 sive
2222 1199 2434 1241 Platiensis

1480 1263 1638 1302 Siculus
1659 1261 1754 1301 Ord.
1779 1263 1914 1300 Minor.
1939 1261 2165 1301 Hlstoricus
2184 1262 2316 1301 clarus
2330 1264 2435 1303 circa

1479 1324 1553 1363 An.
1593 1323 1708 1362 4370.
1753 1323 1976 1362 Historiam
2017 1322 2192 1362 Siculam
2230 1323 2433 1364 NICOLAI

1480 1386 1698 1436 Specialis‚
1727 1384 1979 1423 desinentem
2012 1386 2049 1422 in
2080 1384 2153 1423 An.
2186 1385 2300 1423 4337.
2343 1395 2437 1423 con-

1480 1448 1652 1486 tinuavit
1681 1447 1729 1485 ab
1758 1457 1929 1485 excessu
1959 1446 2146 1485 Friderici
2176 1448 2223 1485 II.
2252 1445 2436 1497 Aragonii
2495 1449 2498 1451 ’

1481 1509 1635 1548 Siciliae
1666 1509 1783 1557 Regis
1813 1519 1941 1558 usque
1971 1508 2019 1546 ad
2063 1507 2139 1546 An.
2171 1508 2287 1547 4364.
2330 1519 2438 1546 more

1481 1569 1737 1620 computandi
1784 1570 1916 1607 Siculo
1948 1570 2078 1618 (4362.
2111 1581 2221 1608 more
2252 1569 2440 1618 Romano)

1484 1632 1579 1671 Vidc
1622 1631 1811 1670 Antonini
1854 1633 2082 1681 Mongitoris
2121 1631 2220 1670 Bibl.
2263 1631 2437 1670 Siculam

1484 1699 1577 1732 tom.
1608 1694 1643 1732 2.
1675 1705 1762 1743 pag.
1792 1692 1858 1731 78.
1886 1693 2099 1731 Editurum
2131 1704 2173 1731 se
2210 1694 2360 1743 recepit
2388 1705 2439 1732 cx

1484 1755 1626 1794 Codice
1647 1757 1821 1793 Manusc.
1851 1756 1898 1792 D.
1920 1754 2106 1793 Friderici
2138 1753 2186 1792 de
2218 1755 2442 1804 Vigintimi-

1485 1817 1570 1863 liis,
1601 1817 1760 1865 Equitis
1803 1816 2097 1864 Panormitam⁷
2142 1814 2345 1854 Antonius
2391 1815 2441 1854 de

1486 1877 1623 1916 Amico
1651 1878 1942 1924 Messanensis7
1973 1877 2077 1914 inter
2106 1877 2206 1915 alios
2226 1888 2358 1915 rorum
2385 1877 2444 1916 Si-

1485 1940 1665 1978 cularum
1696 1940 1910 1988 scriptores
1935 1949 2036 1988 quos
2060 1939 2177 1977 retuli
2203 1939 2240 1976 in
2266 1939 2442 1989 Conspe-

1487 2006 1553 2040 ctu
1584 2001 1760 2038 thesauri
1791 2001 1970 2039 litterarii
2002 2000 2137 2038 Italiae
2166 2011 2254 2050 pag.
2274 2000 2442 2051 l6l.sq.

1539 2062 1764 2101 MICHAEL
1796 2061 2035 2112 Praqensis,
2065 2061 2299 2101 Carthusiae
2334 2063 2440 2112 prior

1489 2125 1744 2175 Gyriacensis
1773 2128 1813 2161 et
1838 2123 2104 2174 Agsbacensis
2126 2151 2134 2170 ‚
2165 2122 2379 2162 defunctus
2395 2122 2441 2162 A.

1491 2187 1606 2228 4404.
1636 2186 1734 2224 Eius
1771 2185 1951 2234 dialogus
1980 2183 2026 2222 de
2058 2183 2247 2224 Custodia
2279 2183 2446 2234 Virqini-

1492 2248 1582 2287 tatis
1612 2249 1648 2285 in
1681 2247 1782 2286 duos
1811 2246 1968 2284 divisus
1993 2246 2114 2284 libros
2134 2249 2267 2284 exstat
2296 2245 2333 2282 in
2358 2244 2443 2284 Bib.

1489 2311 1659 2349 ascetica
1690 2310 1734 2348 V.
1764 2308 1807 2347 G.
1838 2307 2026 2346 Bernardi
2058 2308 2161 2345 Pezii
2200 2312 2295 2345 tom.
2340 2306 2376 2344 2.
2407 2317 2446 2356 p.

1490 2371 1552 2410 97.
1585 2372 1674 2410 470.
1706 2370 1822 2408 Liber
1851 2367 1898 2406 de
1927 2367 2116 2419 reyimzne
2138 2366 2367 2419 principum
2395 2366 2444 2405 ad

1490 2434 1711 2482 Rupertum
1741 2431 1932 2469 Bavariae
1961 2431 2110 2468 Ducem
2136 2427 2448 2482 133631353Βο-

1490 2494 1630 2532 huslao
1659 2493 1834 2531 Balbino.
1863 2492 1970 2530 Misc.
2014 2490 2154 2528 histor.
2189 2489 2350 2528 Bohem.
2381 2488 2449 2527 de-

1489 2555 1573 2593 cad.
1607 2557 1639 2594 4.
1684 2554 1749 2592 lib.
1789 2552 1827 2591 ’7.
1856 2564 1942 2603 pag.
1985 2552 2071 2591 424.
2102 2551 2279 2590 nondum
2311 2550 2441 2590 lucem

1489 2616 1589 2654 vidit
1617 2616 1721 2666 quod
1755 2617 1894 2653 sciam.

1544 2678 1765 2717 llllCllAEL
1796 2679 1830 2717 31
1864 2675 1991 2714 Rz'tz'us
2021 2675 2214 2713 Patricius
2230 2673 2449 2723 Neapolita-

1491 2750 1568 2777 nus
1584 2770 1594 2787 ‚
1624 2738 1942 2777 Jurisconsultus
1960 2765 1967 2782 ‚
1987 2740 2028 2773 et
2046 2735 2233 2773 Ludovici
2255 2733 2452 2772 XII.GaI-

1492 2801 1632 2838 liarum
1680 2801 1783 2847 regis
1813 2800 1833 2836 Ξι
1878 2797 2078 2842 consiliis,
2109 2795 2277 2845 ejusque
2305 2794 2352 2833 ad
2383 2795 2452 2833 Ju-

1492 2862 1587 2898 lium
1620 2861 1665 2898 ll.
1696 2861 1839 2897 Orator
1869 2857 1992 2895 edidit
2020 2858 2166 2895 Romae
2189 2867 2293 2894 anno
2321 2865 2448 2897 010le

1493 2922 1612 2960 libros
1637 2925 1718 2958 tres
1743 2919 1788 2957 (le
1812 2917 1975 2969 roqibus
1996 2918 2274 2965 Francorum,·
2299 2927 2448 2966 eosque

1494 2982 1677 3028 Guidoni‚
1704 2983 1812 3031 regni
1840 2981 2097 3026 Cancellario,
2114 2979 2323 3017 dedicavit.
2340 2977 2449 3016 Idem

1496 3044 1615 3081 libros
1658 3048 1739 3080 tres
1785 3043 1876 3081 fecit
1919 3042 1964 3080 do
1999 3040 2161 3092 reyibus
2204 3040 2448 3091 Hispaniae;

1496 3115 1595 3154 quos
1622 3104 1804 3154 perducit
1834 3115 1961 3154 usquc
2003 3103 2051 3141 ad
2097 3102 2318 3152 Philippum
2337 3130 2346 3148 ,
2376 3101 2452 3139 Ca-

1497 3167 1564 3204 roli
1595 3167 1638 3204 V.
1680 3171 1898 3215 parentem.
1945 3164 2105 3203 Adhaec
2142 3163 2365 3213 composuit
2407 3162 2451 3200 11-

1499 3229 1611 3267 brum
1639 3238 1764 3266 unum
1795 3226 1841 3266 de
1868 3224 2030 3277 reyibus
2071 3222 2447 3275 Hierosolymorum.
