2517 4009
943 235 1230 274 SIMEON

87 302 261 353 luntatis,
291 303 337 343 de
368 302 680 343 Canonizatione
710 304 754 341 B.
783 305 978 344 Simeonis
1002 306 1049 345 cle

91 364 291 414 Tridento,
310 364 357 403 de
372 362 549 415 subJ‘ecto
580 363 818 417 Theoloyiae,
843 368 1048 416 Quaestio-

85 438 154 465 nes
187 425 448 479 Theoloyz'cgzs.
481 425 648 476 Philippi
679 428 799 466 Elssii
843 430 1051 468 Encomia-

86 490 291 528 miasticon
324 488 666 539 Augustinianum
700 501 737 539 p.
766 491 854 529 624.
880 490 1052 529 Gandol-

84 551 148 590 fus
164 550 213 588 de
229 552 366 600 script.
382 550 691 600 Augustinianis
712 563 750 602 p.
768 553 810 592 34
825 553 859 590 4.
877 554 1052 604 (Depas-

82 612 189 651 sione
207 611 361 652 Christi
373 613 594 651 Discursus
611 614 891 654 Mazzucchelli
916 616 962 653 ΙΙ.
986 616 1048 654 65.

83 675 332 714 Lucchesini.
354 675 366 725 )

134 737 422 777 SILVESTER
441 739 646 788 Giralclus,
664 739 758 778 vide
783 750 869 790 sup.
897 740 962 778 111.
985 741 1048 779 59.

135 799 417 839 SILVESTER
461 800 507 840 cle
550 801 786 850 Marraclio,
817 803 1046 850 Etruscus,

78 860 173 899 Ord.
202 861 539 909 praedicatorum,
571 865 676 902 circa
706 875 768 902 an¹
803 863 918 903 ⁴500.
952 865 1048 903 scri-

75 924 157 974 psit
172 923 382 975 Speculum
405 925 546 964 veriet
563 925 723 964 humilis
746 925 1046 977 praedicatoris

75 984 308 1025 revelatum.
329 988 413 1026 Jac.
434 988 572 1034 Quetif
591 988 641 1026 de
659 988 929 1039 Scriptoribus
949 988 1043 1027 Ord.

73 1047 397 1088 Praedicatorum
429 1054 525 1089 torn.
557 1051 585 1089 Ι.
622 1062 707 1100 pag.
741 1050 832 1090 859.

125 1110 411 1150 SILVESTER
441 1110 772 1158 Mediolanenses,
802 1111 897 1150 Ord.
927 1114 1045 1151 Prae-

73 1170 295 1210 dicatorurn
339 1178 571 1212 conventus
616 1173 657 1211 S.
694 1174 911 1223 Eustorgii⁷
943 1175 1044 1212 vixit

73 1243 138 1271 an.
184 1233 301 1273 ⁴520.
345 1235 515 1285 Scripsit
560 1235 798 1273 Tractatumv
819 1234 865 1272 cle
895 1238 979 1273 ente
1008 1238 1047 1273 et

73 1296 255 1342 essentia,
285 1297 544 1344 Quaestiones
572 1297 726 1335 varias.
757 1296 866 1334 Idem
895 1308 930 1346 p.
950 1296 1040 1334 772.

72 1356 249 1395 Picinclli
279 1356 532 1395 Athenaeum
565 1357 815 1395 eruditorum
858 1357 1044 1396 Mediola-

73 1419 261 1456 nensium
294 1430 328 1468 p.
362 1418 450 1457 485.
481 1418 692 1457 Altamura
726 1430 760 1468 p.
794 1418 884 1457 467.

90 1506 92 1508 -
126 1478 406 1518 SILVESTER
435 1479 676 1528 Mazoliuus‚
713 1480 901 1518 Prierias
920 1511 929 1528 ‚
955 1481 1042 1517 sive

73 1540 121 1579 de
161 1540 349 1590 Priario,
378 1554 400 1581 a
431 1544 568 1592 patria,
609 1543 702 1580 vilia
747 1542 1042 1581 Marchionatus

73 1603 283 1650 Cebensis,
307 1615 428 1654 prope
453 1604 594 1642 urbem
618 1604 767 1643 Cevam
795 1604 925 1652 (Ceva)
952 1605 1040 1650 sita,

76 1667 150 1705 fuit
179 1667 401 1706 monachus
425 1668 725 1715 Dominicanus,
750 1667 955 1706 Professor
975 1668 1044 1705 Pa-

73 1728 251 1777 tavinuS,
280 1730 388 1767 Prior
416 1729 750 1777 Mediolanensis,
800 1730 1041 1766 Veronensis

75 1794 116 1828 et
139 1790 362 1839 (tomensis,
386 1792 568 1829 Vicarius
591 1791 802 1840 generalis,
829 1802 892 1828 an.
924 1792 1041 1829 4515.

74 1852 262 1902 Magister
290 1854 332 1891 S.
362 1853 510 1899 Palatii,
540 1853 636 1891 obiit
664 1864 698 1891 a.
731 1853 845 1892 4523.
874 1853 1040 1902 Scripsit

79 1913 291 1953 Comment.
337 1914 379 1951 in
418 1913 642 1966 Splzaeram
686 1917 724 1952 et
752 1914 792 1952 in
832 1913 1041 1951 leeoricas

71 1973 357 2026 planetarum,
400 1977 540 2015 Venet.
585 1977 702 2015 4543.
736 1975 892 2014 Medici.
923 1975 1041 2013 4544.

81 2037 236 2075 Testum
264 2036 517 2085 Dialecticae,
549 2039 690 2077 Venet.
724 2038 840 2076 4496.
879 2037 914 2075 [ι.
960 2036 1043 2075 Au-

78 2110 192 2138 ream
217 2099 364 2138 Rosam
407 2100 447 2136 in
490 2099 711 2149 Evangelia
755 2100 879 2137 totius
921 2099 1041 2146 anni,

78 2161 240 2211 saepius
269 2160 434 2210 editam,
463 2160 618 2199 Errata
647 2164 686 2199 et
706 2163 944 2211 aryumenta
970 2160 1044 2197 Lu-

78 2221 184 2260 theri
208 2221 378 2261 recitata
408 2226 446 2260 et
471 2221 636 2273 repulsa
680 2223 827 2260 Romae
859 2222 974 2261 4520.
1007 2223 1043 2259 4.

77 2284 300 2335 Epitomam
323 2282 522 2334 Capreoli,
556 2285 742 2324 Cremon.
775 2284 891 2323 4497.
925 2276 1041 2323 4649.

79 2346 114 2384 4.
145 2347 351 2384 Summam
383 2346 656 2393 Summarum,
687 2358 806 2396 quam
840 2346 1044 2385 Silvestri-

78 2418 172 2446 nam
205 2407 420 2456 inscripsit,
446 2407 608 2456 saepius
628 2419 694 2456 qq.
720 2407 884 2445 editam.
908 2407 1043 2457 Deju-

79 2467 212 2508 ridica
241 2471 278 2506 et
317 2465 601 2520 irrefragyabili
634 2467 801 2506 veritate
844 2470 1044 2507 Romanae

81 2529 285 2570 Ecclesiae
314 2531 564 2581 Romamque
583 2529 791 2580 Pontificis.
809 2531 917 2568 Rom.
939 2529 1041 2568 4520

82 2595 119 2632 4.
147 2597 188 2631 64
217 2593 292 2632 alia
318 2593 433 2642 longe
458 2593 585 2643 plura.
607 2594 689 2630 Jac.
709 2592 846 2638 Quotif
865 2591 914 2629 de
939 2592 1044 2630 Scri-

79 2655 265 2706 ptoribus
294 2655 391 2694 Ord.
421 2654 742 2693 Praedicatorum
776 2657 801 2690 t.
829 2654 872 2691 ΙΙ.
914 2649 948 2703 p‘.
979 2655 1040 2692 55,

80 2716 203 2755 Baelii
243 2718 556 2764 Dictionariu1n‚
588 2716 743 2755 Oidoini
789 2716 1041 2754 Athenaeum

80 2779 326 2829 Ligusticum
358 2791 395 2828 p.
424 2778 514 2817 496.
559 2779 762 2829 Sopranus
791 2777 839 2815 de
870 2779 1044 2827 Scripto-

83 2839 194 2878 ribus
223 2840 404 2890 Liguriae
435 2852 520 2891 pag.
563 2841 652 2879 255.
704 2839 823 2878 Andr.
869 2841 1040 2878 Rossotti

84 2901 272 2952 Syllabas
301 2901 548 2951 Scriptorum
572 2902 815 2940 Pedomontii
841 2913 927 2953 pag.
952 2902 1042 2940 523.

84 2963 330 3002 Possevinus
358 2966 453 3000 tom.
485 2963 532 3000 11.
563 2963 790 3014 Apparatus
834 2975 920 3013 pag.
953 2963 1042 3002 405.

83 3025 166 3064 Nic.
196 3024 390 3064 Comneni
423 3024 654 3074 Papadopoli
693 3026 791 3063 Hist.
834 3025 1042 3073 Gymnasii

87 3087 266 3126 Patavini
297 3094 324 3123 t.
350 3086 382 3123 ΙΙ
408 3097 444 3136 p.
471 3086 560 3124 486.
585 3087 780 3124 Marraccii
799 3086 1047 3124 Bibl.Maria-

88 3159 138 3188 na
167 3152 194 3186 t.
225 3148 258 3186 11
290 3159 324 3198 p.
343 3147 432 3186 365.
455 3150 495 3185 ot
519 3157 637 3195 supra
664 3146 897 3184 PRiERIUS
927 3147 1017 3185 346.

142 3210 231 3259 (343
263 3208 544 3248 SILVESTER
568 3207 728 3246 Meucci
747 3207 795 3245 dc
821 3207 1043 3246 castalione

88 3273 252 3314 Aretino
284 3272 371 3321 (seu
388 3270 630 3318 Florentino)
648 3268 762 3307 Anno
782 3269 896 3307 1546.
928 3268 1045 3319 dege-

90 3335 159 3374 bat
187 3335 226 3372 in
257 3332 454 3374 Coenobio
483 3332 634 3370 Veneto
666 3342 784 3381 prope
825 3331 1043 3368 Murianum

2009 241 2088 280 479

1123 311 1162 344 et
1193 318 1253 356 op.
1286 306 1382 345 Abb.
1402 307 1580 345 Joachim
1604 307 1721 347 Card.
1740 308 1902 359 Aegidio
1925 310 2087 351 dicavit.

1125 370 1229 408 Obiit
1260 369 1350 407 ibid.
1381 380 1443 408 an.
1478 369 1594 409 4535.
1624 370 1686 409 20.
1721 375 1865 410 martii.
1891 374 1975 413 Vid.
1995 377 2088 414 Pos-

1125 432 1251 469 sevin.
1281 433 1316 469 in
1350 432 1495 482 Appar.
1517 432 1553 470 2.
1571 436 1611 470 64
1629 432 1822 473 Gandoifo
1843 436 1898 474 Dc
1916 437 1993 476 CC.
2009 438 2089 477 Au-

1126 495 1365 543 gustinianis
1396 494 1484 532 314.
1508 494 1595 533 444.
1623 496 1711 533 443.
1730 495 1850 534 Abeo
1865 497 2085 537 editaAbb.

1125 555 1304 594 Joaclzim
1334 555 1565 607 explanatio
1596 557 1635 595 in
1667 558 1710 595 B.
1729 557 1926 609 Cyrillum
1943 560 2087 600 desta-

1126 620 1168 654 tu
1201 618 1411 657 Ecclesiae.
1446 618 1692 658 Concordiae
1725 622 1763 659 V.
1794 625 1833 660 et
1860 622 1906 660 N.
1957 623 2089 664 Testa*

1126 680 1257 717 menti.
1275 681 1369 718 Ven.
1386 680 1434 718 do
1455 682 1580 719 Lucre
1602 683 1716 721 4549.
1738 683 1772 720 4.
1793 694 1916 734 super
1930 686 2086 725 Jsaiam

1125 740 1172 778 cle
1201 740 1388 780 oneribus
1429 742 1471 780 iu
1513 741 1648 781 orbem
1694 744 1944 784 Universum.-
1983 748 2080 787 Abb.

1123 802 1301 841 Jouchim
1323 802 1532 854 Eoepositio
1550 804 1589 842 in
1604 805 1871 857 Apocalypsin
1889 810 1984 847 Vcn.
1996 812 2086 848 Bin-

1122 864 1214 902 doni
1247 864 1364 904 ⁴527.
1394 865 1431 904 [ι.
1463 871 1502 903 64
1534 868 1667 905 Patavi
1687 869 1801 906 4616.
1827 871 1862 907 4.
1884 871 2086 922 Interpre-

1119 926 1216 965 tatio
1246 926 1287 964 in
1318 927 1561 966 Hieremiam
1594 929 1657 967 ubi
1703 928 1788 968 luce
1835 930 1988 972 clarius
2024 946 2085 974 os-

1123 987 1298 1027 tenditur
1335 988 1555 1028 Ecclesiam
1589 991 1794 1030 carnalem
1824 995 1950 1043 (quae
1981 1007 2082 1035 nova

1120 1050 1296 1100 Babylon
1330 1052 1621 1104 nuncupatur)
1661 1052 1750 1104 fore
1785 1057 2086 1106 percutiendam

1120 1110 1271 1163 triplici
1294 1111 1428 1162 yladio
1461 1112 1549 1152 scil.
1579 1115 1792 1155 amissione
1820 1115 1872 1154 ab
1901 1116 2085 1158 Aleman-

1117 1184 1260 1211 uorum
1291 1173 1457 1225 imperio
1498 1180 1572 1215 etc.
1614 1178 1709 1226 Ven,
1755 1190 1826 1229 por
1872 1181 2080 1220 Benalium

1118 1236 1233 1274 4525.
1266 1237 1300 1274 61
1332 1236 1466 1274 Colon.
1492 1249 1553 1287 op.
1586 1240 1624 1276 L.
1657 1240 1773 1278 Atect
1810 1242 1926 1280 4527.
1954 1243 2018 1294 4.)

1169 1296 1354 1336 Andreas
1385 1299 1612 1348 SlLVlUS,
1643 1301 1691 1339 dc
1720 1314 1798 1352 quo
1831 1302 1913 1351 jam
1959 1316 2081 1356 supra

1117 1362 1252 1396 actum
1283 1363 1346 1396 est
1375 1363 1402 1396 t.
1423 1361 1450 1397 I.
1468 1372 1504 1409 p.
1520 1362 1583 1398 86.
1611 1362 1674 1400 ubi
1701 1367 1834 1401 tamen
1857 1377 1924 1414 pro
1943 1367 2084 1405 Arela-

1118 1419 1238 1457 tensis
1273 1419 1486 1469 legendum
1519 1421 1807 1462 Atrebatensis.
1837 1427 1935 1475 Ejus
1964 1431 2082 1468 ctiam

1117 1485 1214 1519 sunt
1245 1480 1359 1520 Libri
1386 1482 1463 1520 duo
1494 1483 1540 1521 cle
1565 1484 1776 1524 miraculis
1799 1488 1840 1525 S.
1866 1489 2080 1537 Rz‘ctrmlis,

1117 1553 1302 1595 ανωνιμοᾱ
1326 1544 1420 1583 editi
1453 1547 1489 1582 in
1517 1544 1628 1584 Actis
1656 1547 1792 1585 Sanct.
1836 1548 1874 1586 d.
1905 1551 1954 1588 42
1983 1552 2083 1602 Maji.

1116 1605 1229 1644 Adde
1259 1606 1470 1645 Oud.t.11.
1492 1619 1529 1657 p.
1557 1608 1660 1646 4689
1687 1613 1729 1646 64
1753 1620 1854 1659 quos
1884 1611 1947 1650 ille
1976 1614 2084 1652 citat.

1170 1666 1364 1706 SILVIUS
1393 1669 1537 1715 Bonus,
1570 1671 1818 1717 Britannus,
1854 1674 1978 1710 Latini
2004 1686 2088 1713 ser-

1116 1729 1245 1765 monis
1289 1730 1454 1778 perstus,
1498 1729 1648 1768 Rhetor
1678 1735 1719 1767 64
1767 1731 1886 1770 Poeta
1931 1745 2010 1772 566.
2041 1737 2085 1773 V.

1117 1790 1217 1827 Cum
1257 1791 1427 1828 Maximo
1473 1792 1756 1830 Britannorum
1791 1794 1894 1843 Rege
1926 1796 1962 1833 in
1994 1794 2085 1834 Gal-

1120 1852 1211 1889 liam
1243 1853 1534 1902 transfretavit,
1568 1854 1630 1892 ubi
1678 1855 1900 1894 Ausonium
1946 1868 2085 1896 acmu-

1114 1913 1196 1951 lum
1229 1918 1268 1951 64
1310 1915 1514 1953 inimicum
1560 1922 1756 1965 expertus
1797 1923 1873 1955 654.
1918 1919 2084 1969 Scripsit

1114 1974 1294 2012 Maoeimi
1322 1975 1512 2014 Caesaris
1545 1975 1696 2024 laudes⁷
1729 1978 1775 2016 de
1808 1977 1921 2018 bellis
1944 1980 2087 2018 Armo—

1115 2035 1225 2084 ricis,
1256 2036 1478 2088 Epistolas,
1521 2038 1746 2078 Invectivas
1776 2040 1815 2078 in
1852 2040 2085 2080 Ausonium.

1116 2099 1175 2137 lta
1206 2099 1407 2138 Lelandus
1436 2111 1470 2139 c.
1503 2101 1567 2139 ΞΟ.
1599 2102 1772 2140 Baiaeus
1816 2104 1929 2141 Cent.
1961 2105 1987 2142 Ι.
2022 2105 2082 2142 40.

1117 2163 1275 2199 Pitseus
1304 2173 1337 2200 c.
1369 2162 1433 2200 29.
1467 2174 1573 2212 quae
1618 2175 1744 2213 quum
1788 2165 2055 2205 describerem
2075 2198 2084 2213 ‚

1118 2223 1253 2260 statim
1300 2223 1396 2260 mihi
1441 2224 1647 2262 sublestae
1698 2225 1787 2264 fidei
1818 2227 2088 2277 videbantur,

1117 2284 1222 2334 quod
1253 2285 1391 2323 Vossio
1421 2296 1581 2335 quoque
1603 2287 1737 2324 visum
1760 2292 1836 2330 654,
1862 2289 1928 2336 qui
1956 2291 2089 2327 omnia

1117 2347 1403 2394 commentitia,
1434 2357 1507 2384 nec
1537 2347 1657 2385 uilius
1690 2352 1872 2386 veterum
1908 2351 2090 2387 testimo-

1117 2408 1181 2444 nio
1210 2407 1371 2446 suffulta
1415 2419 1505 2447 esse
1534 2410 1740 2458 agnoscit:
1771 2408 1819 2445 (16
1844 2410 1986 2446 ilistor.
2016 2411 2087 2448 La-

1118 2470 1211 2506 tinis
1242 2469 1307 2506 111.
1339 2469 1403 2507 42.
1429 2481 1513 2519 pag.
1539 2470 1629 2508 829.
1655 2470 1916 2508 Occasionem
1950 2476 2085 2509 autern

1118 2530 1210 2568 huic
1259 2535 1488 2568 commento
1530 2536 1768 2569 sumserunt
1824 2543 1873 2568 ox
1923 2533 2086 2570 Ausonii

1118 2593 1252 2643 Epigr,
1278 2592 1365 2631 409.
1395 2596 1435 2629 64
1464 2593 1642 2642 quinquo
1673 2592 1958 2641 sequentibus,
1984 2605 2087 2642 quac

1116 2657 1252 2691 contra
1284 2652 1390 2691 hunc
1420 2652 1586 2692 Silvium
1622 2656 1772 2692 Bonum
1799 2653 1947 2691 directa
1974 2661 2080 2693 sunt.

1169 2714 1355 2753 SIMEON
1384 2713 1430 2752 de
1476 2713 1649 2762 Colonia,
1695 2715 1915 2754 monachus
1949 2719 2082 2755 nescio

1117 2778 1206 2826 quis
1224 2808 1234 2824 ,
1264 2777 1424 2826 scripsit
1457 2775 1669 2828 Speculum
1698 2775 1917 2815 Alclzimiae
1941 2777 2082 2825 minus,

1117 2838 1220 2888 quod
1251 2842 1313 2876 654
1346 2839 1381 2875 in
1424 2839 1521 2876 Bibl.
1568 2840 1686 2889 Regia
1731 2840 1919 2878 Parisina.
1963 2842 2085 2878 Mont-

1117 2901 1256 2939 faucon
1286 2900 1385 2938 Bibl.
1413 2900 1744 2939 Bibliotlwcarum
1777 2902 1886 2940 MSS.
1928 2913 1962 2951 p.
1996 2901 2085 2939 780.

1165 2962 1352 3001 SIMEON
1375 2961 1646 3000 Dzmelmensis
1671 2963 1891 3001 monachus
1909 2968 1947 3000 64
1973 2964 2085 3001 Prae-

1117 3028 1258 3062 contor
1287 3022 1382 3061 Ord.
1415 3024 1452 3060 S.
1491 3024 1692 3062 Benedicti
1727 3025 2054 3075 congregationis
2071 3057 2081 3071 ¹,

1119 3090 1158 3122 64
1186 3084 1422 3133 Theologioo
1455 3086 1599 3122 Doctor
1629 3085 1882 3123 Oxonionsis.
1918 3088 2008 3124 Post
2034 3088 2084 3125 ir-

1121 3147 1343 3195 ruptionem
1384 3147 1584 3183 Danorum
1629 3157 1770 3184 omncs
1820 3147 2078 3187 historiarum

1119 3207 1305 3256 reliquias
1331 3207 1368 3243 in
1395 3207 1517 3244 variis
1543 3210 1796 3246 monasteriis
1824 3210 2079 3260 conquisivit,

1119 3273 1159 3306 64
1191 3266 1280 3306 inde
1310 3278 1430 3317 opera
1475 3279 1545 3306 sua
1591 3271 1855 3321 conscripsit,
1901 3276 2082 3310 mortuus

1123 3331 1225 3368 circa
1258 3339 1321 3366 an.
1355 3329 1467 3367 4430.
1513 3330 1568 3367 Eo
1599 3331 1828 3381 frequentor
1864 3343 1961 3372 usus
1990 3338 2047 3369 651
2074 3363 2081 3372 .
