2533 4009
456 252 534 290 232

509 318 699 358 PETRUS
718 313 901 363 Babyon',
918 311 1072 360 Angius
1089 311 1230 348 Orator
1251 315 1290 348 et
1312 313 1405 349 Poe-

457 387 493 420 ta
523 383 625 419 circa
649 378 722 416 An.
755 372 869 412 ⁴317.
899 382 1018 421 quem
1049 382 1099 408 ex
1131 372 1303 408 Bosmno
1329 374 1406 410 Bu-

456 442 573 479 riensi
605 437 736 476 laudat
765 433 907 471 Balcus
936 433 997 470 Vl.
1028 432 1092 470 23.
1135 436 1176 469 et
1208 443 1260 470 ex
1290 434 1406 471 Baleo

454 501 693 539 Possevinus
737 498 776 532 ct
819 494 974 531 Pitseus
1018 504 1104 543 pag.
1147 492 1238 531 [006.
1278 495 1299 532 u
1328 505 1406 544 quo

453 565 654 611 practerea
688 557 725 592 in
757 565 802 591 eo
831 553 1080 592 celebratur:

467 631 637 674 ingenuum
661 632 763 672 felix,
793 633 941 663 inventio
959 655 968 670 ,
993 631 1123 664 lucidus
1146 632 1250 673 ordo,

464 685 575 715 Gratia
591 705 601 719 ‚
628 684 781 722 majestas
797 703 806 718 ,
830 681 869 711 ud
891 689 961 712 rem
988 680 1074 713 benc
1099 690 1250 722 congrua
1274 681 1388 715 verba.

449 750 545 799 Ejus
565 750 736 798 scripta:
758 747 965 798 Expositio
988 747 1027 785 in
1048 747 1295 787 Matthaeum
1316 748 1401 787 edi-

448 817 487 848 tu
518 812 619 847 inter
656 809 875 847 ANSELMI
918 809 1218 848 Cantuariensis
1248 809 1403 859 Opera,

449 878 491 910 ut
520 871 600 909 dixi
631 875 726 908 tom.
753 872 785 909 i.
813 882 900 921 pag.
929 870 1014 908 ⁴08.
1042 871 1250 909 Sermones
1282 872 1401 909 LXX.

447 939 487 971 ct.
515 930 720 971 Homiliae.
763 933 819 969 De
859 931 983 984 officio
1013 931 1173 970 Missae.
1209 931 1403 971 Carmina

446 995 589 1041 varia,
616 992 826 1032 Comoedia
854 993 971 1042 cujus
1002 994 1184 1031 initium:
1209 993 1271 1033 Me
1295 992 1404 1031 dolor

448 1054 610 1106 infestat
635 1054 761 1106 foris⁷
791 1054 909 1092 intus.

500 1117 691 1155 PETRUS
721 1115 947 1166 Bajocensis
987 1115 1125 1154 Gallus
1165 1117 1402 1163 NeustriuS,

445 1177 580 1217 Pracd.
594 1178 760 1227 scriptor
779 1176 968 1216 Clzronici
978 1176 1045 1215 sui
1058 1176 1242 1228 temporis
1258 1177 1306 1216 ab
1328 1177 1402 1215 An.

445 1239 724 1278 4350.adi392
741 1239 834 1277 editi
855 1238 1401 1290 aThaddaeojdeArgentina,

445 1301 565 1339 Basil.
584 1301 699 1339 4542.
723 1301 760 1338 8.
783 1300 880 1339 Vide
904 1300 986 1338 Jac.
1007 1300 1143 1345 Quetif
1159 1305 1187 1338 t.
1209 1302 1244 1339 i.
1262 1300 1399 1351 p.703.

498 1362 586 1410 (257
604 1361 816 1400 PetrusBA
826 1362 949 1400 LBUS
967 1362 1135 1400 Pisanus
1150 1363 1401 1411 Tropeiensis

442 1423 573 1473 Episc.
604 1422 745 1461 Mchus
777 1423 866 1460 386.
893 1421 988 1460 Vide
1017 1420 1296 1460 Mazzuchelli.
1339 1421 1404 1460 Gli

447 1485 580 1524 Scritt.
613 1483 648 1521 (l'
667 1482 790 1523 Italia
819 1485 865 1521 ll.
887 1484 949 1522 89.
980 1489 1020 1522 et
1048 1483 1093 1522 A.
1125 1486 1164 1522 F.
1197 1483 1335 1522 Mattei
1362 1485 1398 1520 in

449 1558 510 1596 op.
543 1545 729 1585 Ale-morie
755 1544 962 1584 sl'IlIustri
991 1544 1134 1583 Pisani
1162 1546 1224 1583 111.
1256 1546 1375 1594 205.)

494 1607 685 1646 PETRUS
709 1609 727 1646 e
752 1606 923 1655 Balnea,
949 1607 1172 1656 Theologus
1201 1607 1395 1658 Augusti-

443 1671 585 1707 uianus
626 1671 729 1707 circa
760 1670 874 1707 4390.
914 1669 1084 1719 scriptor
1128 1673 1324 1706 tractatus
1353 1667 1399 1706 de

447 1729 663 1768 Virtutibus
692 1735 732 1768 et
762 1731 950 1768 Summae
989 1729 1036 1767 de
1066 1728 1235 1780 planctu
1264 1728 1399 1767 Eccle-

441 1792 538 1830 siae.
564 1792 661 1830 Vide
685 1792 844 1841 Josephi
867 1791 1058 1841 Pamphili
1081 1791 1303 1830 Chronicon
1328 1791 1399 1829 Or-

439 1853 544 1891 dinis
574 1853 853 1902 Augustiniani
884 1863 970 1902 pag.
999 1852 1062 1890 67.

494 1916 685 1953 PETRUS
704 1913 1009 1952 Barcinonensis
1029 1913 1122 1952 Ord.
1147 1913 1283 1952 Praed.
1302 1915 1398 1952 scri—

441 1980 528 2025 ptor
559 1977 741 2026 pugionis
765 1975 854 2013 fidei
879 1980 1015 2014 contra
1039 1975 1211 2014 ludaeos
1236 1980 1276 2012 et
1300 1975 1398 2013 alte—

442 2038 524 2075 rius
548 2042 686 2075 contra
711 2038 931 2076 Saracenos
956 2037 1091 2076 nullus
1117 2037 1189 2075 fuit
1210 2066 1218 2083 ,
1244 2037 1313 2075 sed
1339 2042 1397 2074 to-

441 2104 508 2136 tus
537 2098 733 2137 confictus
756 2110 805 2136 ex
831 2097 1066 2147 liaymundo
1094 2100 1275 2147 Martini,
1303 2110 1396 2137 vero

444 2161 626 2210 pugionis
658 2159 745 2197 fidei
772 2165 959 2207 auctore,
983 2160 1031 2198 de
1056 2171 1133 2210 quo
1159 2171 1277 2211 snpra
1309 2171 1394 2211 pag.

444 2222 506 2260 43.
526 2221 621 2259 vide
642 2221 830 2259 Jacobum
848 2222 984 2266 Quetif
1005 2226 1033 2258 t.
1057 2223 1090 2259 i.
1113 2233 1149 2271 p.
1172 2222 1262 2261 397.

494 2284 685 2322 PETRUS
703 2282 748 2321 (le
765 2283 973 2321 Barreria.
998 2284 1127 2333 Supra
1146 2288 1174 2321 t.
1193 2286 1227 2323 4.
1247 2295 1283 2333 p.
1307 2283 1393 2323 ⁴04.

495 2344 689 2382 PETRUS
732 2345 946 2393 Bassetus,
979 2345 1132 2395 Angius
1178 2346 1396 2384 Historicus

439 2417 557 2456 quem
583 2418 629 2444 ex
654 2407 757 2444 Balei
782 2406 862 2444 Vll.
885 2407 934 2444 80
974 2411 1014 2444 et
1041 2408 1169 2444 Pitseo
1196 2418 1281 2457 pag.
1307 2408 1396 2446 645.

439 2468 612 2517 (Longius
630 2468 751 2505 refert
769 2497 777 2514 ‚
795 2469 956 2518 scripsit
976 2469 1079 2506 circa
1096 2467 1257 2506 Annum
1282 2469 1395 2507 4430.

438 2528 536 2566 Acta
564 2528 680 2578 Reyis
710 2528 876 2567 Henrici
905 2530 944 2567 V.
975 2529 1094 2579 cujus
1128 2530 1396 2569 cubicularius

440 2591 593 2628 fuerat:
632 2601 708 2628 non
737 2592 873 2629 Latine
903 2595 1037 2628 autem
1065 2593 1224 2641 scripsit
1254 2603 1394 2631 verum

440 2652 615 2701 Angiice.
642 2651 755 2690 Adde
780 2652 965 2690 Guilelmi
987 2653 1185 2691 Nicolsoni
1210 2653 1306 2692 Bibl.
1334 2655 1397 2692 Hi-

439 2715 622 2751 storicam
655 2714 914 2764 Anglicauam
954 2725 1042 2764 pag.
1083 2715 1145 2753 82.
1181 2715 1244 2753 ubi
1274 2717 1394 2753 etiam

441 2774 490 2812 de
514 2775 724 2824 Anonymo
750 2786 869 2824 quem
898 2776 1000 2814 idem
1024 2777 1178 2814 Pitseus
1198 2788 1285 2827 pag.
1306 2776 1396 2815 824.

440 2838 495 2874 uit
526 2838 682 2875 llenrici
713 2837 756 2874 V.
790 2837 993 2875 historiam
1025 2838 1233 2887 scripsisse
1262 2843 1302 2875 et
1331 2838 1397 2877 de—

439 2898 594 2936 dicasse
626 2899 792 2936 chrico
821 2899 883 2936 Vl.

495 2960 689 2998 PETRUS
717 2959 763 2998 de
792 2958 904 2998 Bella
928 2959 1083 3010 pertica
1112 2961 1199 2998 sive
1233 2959 1281 2998 dc
1325 2960 1397 2999 Ca-

443 3026 524 3058 stro
548 3020 793 3073 Belleperche
810 3032 931 3071 super
950 3022 1116 3060 fluvium
1138 3022 1303 3071 Ligerim
1319 3051 1326 3068 ,
1345 3033 1392 3060 cx

499 3169 531 3196 ai
555 3167 632 3199 Vide
648 3171 871 3201 Panciroiium
890 3173 930 3202 ΙΙ,
948 3171 1000 3202 46.
1018 3171 1058 3202 dc
1077 3171 1315 3210 interpretibus
1331 3174 1392 3202 Ju-

440 3217 485 3244 ris
503 3239 511 3251 ,
535 3217 701 3248 oudinum
724 3224 804 3251 tom.
819 3221 838 3250 5
857 3229 931 3259 pag.
950 3221 1024 3252 652.
1041 3220 1255 3252 ssendrcichii
1275 3221 1400 3252 Punde—

440 3269 509 3293 ΝΜ
528 3266 774 3307 Brandcuburg.
801 3278 875 3308 pag.
898 3270 977 3300 491.

502 3312 536 3348 in)
560 3315 602 3340 Do
619 3316 767 3345 liuvanis.

1294 240 1586 280 PETRUS

1488 312 1644 350 Decano
1671 312 1872 353 Ecclesiae
1901 317 2023 355 Paris.
2051 317 2272 368 Episcopus
2301 315 2349 354 ab
2385 315 2428 354 A.

1485 372 1601 411 4306.
1633 372 1971 415 Antissidorensis
2000 382 2040 416 et
2069 377 2337 417 Cancellarius
2359 377 2432 416 Re-

1482 434 1569 483 gni,
1606 432 1822 473 defunctus
1842 435 1916 474 An.
1943 439 2055 478 4308.
2073 439 2121 478 de
2143 439 2215 477 hoc
2232 439 2430 477 Sammar-

1483 494 1591 533 thani
1622 502 1717 533 tom.
1749 496 1772 535 2
1803 508 1888 547 pag.
1919 500 2008 538 345·
2038 511 2121 550 seq.
2147 502 2293 541 Caesar
2306 501 2431 551 Egas-

1482 556 1566 594 sius
1595 557 1768 596 Bulaeus
1799 558 1835 595 in
1852 558 2016 599 historia
2035 562 2283 601 Universatis
2307 561 2428 600 Paris.

1481 622 1575 655 tom.
1606 617 1667 656 lV.
1693 630 1778 669 pag.
1800 620 1887 658 4⁴8.
1913 620 1980 658 Vir
2001 622 2290 673 peritissimus,
2309 634 2429 674 prae-

1480 679 1618 717 sertim
1649 679 1689 717 in
1715 681 1813 718 Jure
1844 679 1987 730 Civili,
2018 682 2058 720 in
2085 694 2161 734 quo
2185 684 2287 722 citra
2323 695 2430 723 mon-

1480 745 1536 779 tes
1556 740 1669 779 Pater
1687 739 1907 780 habebatur
1924 744 2153 792 peritorum.
2170 746 2300 797 Hujus
2323 744 2428 784 enim

1480 801 1595 840 labor
1624 806 1662 841 et
1682 803 1831 853 peritia
1857 803 1935 856 fuit
1961 805 2122 844 versari
2147 807 2189 844 in
2215 806 2427 846 dubiorum

1479 863 1841 916 obscuritatumque
1863 865 1976 905 Juris
1998 866 2136 906 Civilis
2151 866 2426 914 elucidatione,

1481 928 1527 962 ut
1543 929 1655 975 patet
1681 927 1721 963 in
1751 925 1852 964 libro
1866 926 2142 978 appellationis
2162 927 2295 979 hujus:
2318 929 2430 968 Glos⁴

1479 988 1627 1025 surium
1648 1017 1657 1035 ,
1686 986 1866 1027 videlicet
1894 999 2015 1039 super
2045 990 2154 1028 libris
2184 991 2251 1029 lx.
2275 991 2428 1031 Codicis

1479 1048 1742 1096 iustinianei,
1767 1052 1805 1087 et
1815 1060 1937 1100 quam
1962 1050 2232 1103 plurimorum
2256 1051 2429 1091 aliorum

1477 1109 1719 1160 scriptorum
1747 1122 1915 1150 suorum
1944 1113 2002 1161 (ut
2031 1118 2128 1152 sunt
2157 1099 2306 1153 Variae*
2319 1125 2428 1164 repe-

1477 1172 1640 1209 titiones
1670 1173 1706 1209 in
1738 1173 1810 1211 Jus
1839 1174 1990 1220 Civiie,
2020 1175 2286 1220 Quaestiones
2310 1179 2352 1213 et
2370 1175 2429 1214 di-

1479 1235 1652 1272 visiones
1679 1245 1840 1282 aureae⁷
1863 1236 2169 1286 *Disputationes
2192 1237 2364 1276 Centum
2386 1241 2427 1276 et

1474 1296 1524 1334 de
1553 1297 1791 1346 acquirenda
1813 1326 1822 1343 ‚
1847 1296 2120 1336 conservanda
2145 1301 2186 1336 et
2207 1298 2426 1337 amittenda

1476 1358 1728 1407 possessione
1746 1387 1754 1405 ,
1775 1362 1815 1396 et
1832 1358 1880 1396 de
1895 1359 2024 1397 feudis
2040 1359 2074 1404 a)
2090 1359 2308 1398 secundum
2322 1370 2425 1411 quae

1474 1420 1515 1457 in
1543 1418 1684 1457 studiis
1713 1418 1974 1459 Generalibus
2001 1420 2145 1470 Reyni,
2170 1424 2209 1460 et
2225 1420 2425 1472 potissime

1472 1481 1579 1531 apud
1607 1480 1814 1520 Aureliam
1845 1480 2141 1533 informantur,
2171 1481 2242 1533 qui
2268 1481 2427 1532 erudiri

1474 1542 1635 1593 cupiunt
1671 1541 1859 1594 perfecte.
1903 1542 2059 1582 Habuit
2098 1546 2422 1596 praeceptorem,

1469 1603 1784 1654 famosissimum
1813 1603 1925 1643 illum
1955 1604 2193 1655 Mayistrum
2233 1607 2277 1644 D.
2317 1607 2428 1644 Jaco-

1473 1666 1567 1704 hum
1599 1666 1647 1704 dc
1678 1666 1920 1716 flavignejo,
1951 1666 1987 1716 b)
2019 1666 2092 1718 qui
2113 1666 2297 1706 similiter
2326 1667 2418 1706 scri-

1467 1727 1550 1777 psit
1575 1738 1697 1778 super
1716 1727 1869 1777 Diyesto
1895 1727 2041 1766 Veteri:
2058 1739 2173 1780 quem
2188 1728 2426 1779 Maqistrum

1472 1787 1607 1827 sedulo
1623 1792 1782 1828 secutus
1798 1820 1808 1836 ,
1827 1788 1970 1827 similis
1990 1788 2115 1828 eidem
2138 1789 2179 1828 in
2198 1788 2426 1840 Mayisterio

1473 1854 1533 1890 est
1559 1851 1729 1902 effectus.
1753 1851 1816 1889 Ita
1836 1849 1980 1901 le9itur
2007 1852 2050 1890 in
2078 1850 2246 1890 historia
2268 1850 2429 1902 Episco-

1466 1925 1612 1965 porum
1642 1912 2058 1953 Antz‘ssiodorensium.
2096 1911 2301 1952 Fundavit
2327 1924 2426 1964 qua-

1472 1978 1561 2013 tuor
1591 1973 1846 2014 Praebendas
1877 1975 1917 2013 in
1946 1974 2131 2014 Ecclesia
2159 1974 2279 2014 villae
2301 1985 2426 2013 novae

1466 2048 1590 2088 prope
1621 2035 1770 2075 Bellam
1794 2037 1992 2088 perticam
2014 2047 2093 2087 pro
2129 2035 2303 2075 remedio
2339 2035 2426 2074 ani-

1471 2109 1558 2136 mae
1586 2108 1696 2136 suae.
1726 2098 1840 2136 Jacet
1865 2102 1998 2136 autem
2025 2096 2294 2137 Autissiodori
2303 2108 2425 2148 prope

1471 2159 1657 2211 Aquilam
1690 2159 1730 2198 in
1759 2159 1878 2198 choro
1913 2158 2109 2198 Ecclesiae
2149 2157 2423 2206 Cathedralis,

1470 2223 1512 2260 in
1526 2233 1606 2273 qua
1625 2220 1762 2272 fuerat
1778 2224 1958 2261 Decanus
1985 2233 2074 2260 cum
2103 2220 2173 2260 hoc
2202 2219 2421 2272 Epitaphio.

1486 2285 1553 2315 Hac
1572 2287 1662 2324 jacet
1686 2286 1722 2315 in
1748 2283 1834 2316 cella
1856 2286 1973 2315 Petrus
1995 2283 2196 2322 cognomine
2220 2280 2367 2312 BFLLA

1484 2335 1576 2366 PER
1584 2334 1696 2371 HCA,
1714 2333 1905 2374 perlucidus
1918 2334 1950 2371 c)
1965 2332 2088 2371 verbis,
2102 2331 2200 2364 facus
2214 2338 2348 2371 quoque
2366 2330 2448 2363 fidus

1483 2387 1572 2417 Mitis
1586 2407 1596 2422 ‚
1620 2385 1788 2416 veridicus
1802 2407 1811 2423 ,
1833 2383 2039 2423 humilisque
2057 2406 2069 2422 ‚
2092 2382 2236 2422 pudicus
2255 2393 2264 2412 .-

1484 2434 1612 2473 Legalis
1627 2457 1636 2471 ,
1664 2433 1784 2472 planus
1799 2456 1810 2471 ,
1838 2432 1928 2464 velut
1950 2431 2033 2462 aiter
2059 2432 2285 2462 justinianus.

1485 2486 1637 2515 Summus
1671 2483 1848 2514 doctorum
1864 2507 1874 2520 ‚
1898 2483 2085 2513 certissima
2109 2479 2223 2519 regula
2250 2487 2399 2516 morum,

1484 2534 1719 2565 parisinorum
1742 2535 1894 2564 Decanus
1918 2532 2168 2563 canonicorum
2182 2553 2193 2568 ,

1484 2583 1750 2614 antissiodorica
1772 2580 1874 2621 digna
1897 2583 2006 2613 sumta
2029 2580 2093 2612 sihi
2112 2578 2193 2612 'sede

1485 2636 1647 2672 Tempora
1669 2635 1743 2672 post
1767 2631 1873 2664 media
1897 2630 2006 2661 clarus
2028 2629 2064 2668 d)
2090 2630 2253 2661 successit
2275 2627 2316 2662 ab
2336 2625 2424 2661 ,aede

1483 2684 1587 2714 Annis
1610 2682 1671 2714 sub
1694 2682 1783 2713 milio
1806 2684 1855 2712 ter
1878 2681 1901 2711 C
1924 2684 2050 2721 septem
2073 2679 2172 2711 simul
2188 2677 2242 2709 ilie

1483 2733 1614 2771 sulpitii
1639 2732 1721 2763 festo
1745 2732 1777 2770 e)
1801 2732 1959 2770 migravit
1981 2730 2024 2761 ab
2048 2729 2129 2761 orbe
2155 2727 2306 2759 molesto.

1486 2785 1546 2814 Det
1569 2783 1633 2815 sibi
1657 2781 1804 2814 solamen
1825 2782 1965 2821 Spiritus
1991 2779 2109 2810 almus.
2124 2780 2244 2809 Arnen.

1523 2842 1715 2880 PETRUS
1733 2841 2042 2878 Beneventanus.
2055 2837 2160 2877 Infra
2178 2838 2321 2876 Petrus
2333 2835 2418 2875 dia-

1471 2913 1716 3002 coyi'qigi‘RUS
1744 2960 1983 3001 Berchorius
2007 2961 2054 3000 al.
2079 2959 2309 2999 Berctorius
2328 2960 2416 2997 sive

1471 3023 1667 3071 Ber-torti,
1697 3024 1958 3063 Pictaviensis
1993 3023 2158 3072 Gallu3‚
2202 3020 2417 3062 Monachus

1526 3174 1557 3211 (τ’)
1582 3174 1630 3205 ΑΙ.
1657 3174 1900 3214 perplacidus.

1528 3223 1561 3262 d)
1586 3223 1633 3254 ΑΙ.
1652 3232 1768 3255 caru-5.

1529 3274 1558 3309 v)
1585 3273 1632 3304 17.
1653 3277 1785 3305 Januar.
