2566 4009
969 244 1263 284 MARIUS
2052 242 2096 280 31

179 326 292 365 4445.
325 321 465 374 Ρο99ι“ο
498 321 720 359 Fiorentino
749 319 850 358 della
882 322 1006 356 morte
1035 316 1073 354 di

128 385 327 426 Girolamo
351 386 502 424 Boemo.

183 449 298 489 ⁴420.
333 448 532 485 Tommaso
579 444 804 496 Moceniqo,
834 443 931 482 libro
973 441 1075 492 degli

129 510 282 562 ariDghi
312 509 397 548 fatti
426 507 475 546 da
506 508 572 546 lui.

184 572 300 612 4452.
329 571 573 610 Notatorium
600 569 773 619 Collegii.

180 633 312 674 ⁴473:
328 632 536 672 Coriolano
561 631 696 684 Ciprz’o
719 629 918 678 Dalmata,
939 630 1079 669 Storia.

180 695 368 736 MARIUS
396 696 599 734 Ecclesiae
614 693 826 732 Aventicae
846 694 932 731 sive.
955 692 1082 731 Aven-

128 759 323 807 acorum,
349 757 480 808 (hodie
503 754 810 806 Lausannensis)
836 756 873 793 in
905 755 1082 794 Helvetia

129 823 370 874 Episcopus,
401 821 468 871 qui
491 818 566 858 An.
591 818 682 858 585.
708 819 881 858 Concilio
905 820 1085 858 Matisco-

128 885 243 923 nensi
272 882 534 933 subscripsit,
564 885 657 919 ante
700 881 776 920 An.
819 881 909 919 598.
944 880 1085 919 defun-

125 951 242 986 ctus:
275 945 379 983 idem
408 944 558 984 Auctor
591 941 781 982 Chronica·
807 943 857 982 ab
886 943 962 982 An.
992 941 1082 981 455.

127 1008 194 1047 ubi
223 1006 442 1047 PROSPER
471 1006 644 1054 desinit,
676 1016 804 1056 usque
832 1005 879 1044 ad
906 1006 979 1044 An.
1005 1006 1074 1044 581

126 1070 230 1122 quod
271 1081 362 1110 cum
406 1069 637 1121 Appendice
681 1067 911 1107 ANONYMI
955 1079 1083 1118 usque

127 1132 176 1172 ad
213 1144 278 1172 an.
318 1132 407 1171 624.
453 1130 575 1170 edidit
603 1143 652 1170 ex
699 1136 932 1182 pervetusto
981 1131 1082 1170 Petri

124 1196 325 1234 Francisci
351 1194 519 1234 Chissetii
542 1192 686 1232 Codice
709 1193 890 1232 Andreas
911 1192 964 1231 du
985 1192 1085 1232 Che-

124 1268 197 1296 sne
226 1262 321 1295 tom.
354 1258 388 1296 4.
419 1257 659 1306 scriptorum
687 1268 817 1294 rerum
842 1257 1082 1294 Francorum

123 1330 210 1370 pag.
241 1319 283 1358 24
295 1319 330 1356 0.
361 1318 450 1357 264.
477 1319 596 1356 ParIs.
625 1318 741 1356 4638.
767 1318 830 1356 fol.
856 1317 952 1356 Vide
975 1318 1081 1356 Sam.

127 1381 367 1431 Basnagium
397 1380 444 1419 ad
487 1379 650 1418 Annum
683 1381 772 1419 584.
803 1392 840 1417 n.
873 1382 934 1419 40.
966 1380 1085 1418 Caro-

126 1444 208 1483 lum
239 1443 275 1482 le
305 1443 443 1482 Cointe
473 1447 569 1480 tom.
601 1443 638 1481 2.
666 1442 808 1481 Annal.
841 1443 1082 1482 Francorum

128 1517 216 1558 pag.
245 1506 336 1545 249.
367 1516 452 1555 seq.
482 1503 572 1543 447.
603 1509 678 1542 etc.

182 1567 372 1607 MARIUS
415 1567 638 1618 Georyius,
668 1568 862 1606 Venetus.
897 1567 993 1606 Vide
1023 1579 1090 1606 su—

129 1642 199 1682 pra
228 1630 399 1670 Marcus
419 1630 686 1670 GEORGIUS.
716 1635 742 1668 t.
775 1631 810 1678 3,
841 1642 877 1681 p.
910 1630 973 1668 34.

184 1694 356 1733 loannes
379 1694 580 1733 MARIUS.
610 1694 737 1744 Supra
768 1697 796 1731 t.
829 1693 863 1731 4.
895 1705 930 1744 p.
962 1693 1052 1732 387.

181 1756 369 1796 MARIUS
394 1755 689 1796 Lausannensis
713 1757 947 1807 Episcopus,
968 1767 1086 1807 supra

129 1818 322 1858 MARIUS
348 1818 632 1858 Aventicensis.

187 1881 377 1921 MARIUS
396 1881 622 1921 Maximus.
649 1882 704 1920 De
724 1881 797 1920 hoc
819 1885 975 1932 praeter
997 1882 1091 1919 Vos-

136 1945 240 1984 sium
271 1945 318 1983 Il.
343 1945 380 1983 3.
397 1944 620 1984 audiendus
636 1944 897 1983 Casaubonus
909 1944 957 1983 ad
977 1943 1092 1995 Spar-

139 2008 234 2046 tiani
258 2006 498 2047 Hadrianum
519 2019 604 2059 cap.
629 2008 666 2047 2.
691 2006 855 2046 Marius
876 2006 1090 2046 Maoez'mus

133 2068 726 2122 HistoriaeAuyustaescriptor
737 2071 840 2120 (post
850 2071 1000 2108 Sveton
1008 2072 1014 2107 i
1023 2083 1043 2109 u
1051 2082 1100 2118 m)

136 2132 239 2171 inter
257 2131 411 2183 primos
431 2144 451 2171 e
466 2132 621 2172 Latinis
639 2146 646 2172 :
664 2131 768 2171 unde
787 2132 983 2184 pleraque
1008 2144 1096 2170 con-

132 2198 214 2234 stat
234 2195 414 2234 desumta
438 2207 545 2247 quae
578 2195 683 2234 hisce
707 2196 958 2234 continentur
981 2194 1096 2234 libris

132 2269 258 2309 usque
285 2257 340 2297 ad
375 2257 656 2297 Alexandrum
697 2259 919 2297 Severum:
951 2257 990 2295 z'n
1019 2269 1096 2309 quo

134 2319 318 2372 Principe
359 2319 520 2359 videtur
552 2320 709 2360 Marius
748 2322 932 2369 (exorsus
955 2322 976 2359 a
1002 2323 1097 2359 Tra-

132 2380 239 2432 jano)
261 2381 469 2420 scribendi
482 2382 622 2434 fecisse
642 2382 760 2434 finem
776 2415 786 2432 ,
812 2382 895 2434 ipse
916 2383 958 2421 nz‘
974 2382 1097 2435 fallor

138 2455 276 2483 eorum
305 2448 523 2496 temporum
551 2444 748 2496 aequalis.
780 2449 813 2492 a)
841 2446 947 2497 Opus
979 2457 1095 2485 suu-m

136 2506 176 2544 in
198 2510 447 2559 septenorum
484 2505 680 2545 librorum
705 2511 827 2546 tomos
850 2508 1004 2559 aliquot
1026 2509 1097 2546 tri-

140 2565 306 2616 buerat,
329 2580 424 2607 nam
459 2567 560 2608 alibi
591 2569 624 2618 b)
665 2581 752 2608 eum
793 2571 1035 2621 Spartianus
1060 2573 1095 2609 in

141 2632 267 2680 primo
297 2633 522 2683 septenario
539 2630 686 2670 laudat.
702 2630 852 2672 Scribit
864 2632 1099 2671 Ammianus

140 2691 401 2732 Marcellinus
423 2695 456 2743 c)
471 2692 598 2746 fuisse
619 2705 691 2733 suo
708 2686 838 2734 seculo
852 2695 1006 2743 multos,
1032 2695 1103 2747 qui

138 2754 180 2794 in
200 2766 352 2794 summo
372 2759 552 2794 veterum
574 2756 748 2795 omnium
777 2757 1020 2808 scriptorum
1038 2756 1100 2810 fa-

138 2816 254 2856 stidio
279 2816 382 2856 hunc
414 2816 540 2857 solum
579 2830 634 2858 ex.
667 2818 868 2858 historicis
887 2850 895 2867 ,
917 2832 937 2858 e
973 2820 1101 2858 Poetis

139 2890 263 2917 unum
298 2879 528 2920 Juvenalem
556 2882 828 2929 mirarentur,
849 2894 897 2921 ac
929 2882 1102 2922 studiose

142 2939 374 2980 lectitarent.
401 2943 482 2992 Qui
504 2944 540 2982 st
552 2943 706 2996 judicio
722 2945 823 2998 pari
847 2946 1030 2985 Maoeimi
1048 2945 1104 2985 1η·-

198 3084 231 3123 a)
248 3082 436 3116 Praefectus
454 3084 530 3116 Urbi
549 3090 621 3124 post
638 3087 822 3119 Adventum
840 3112 850 3126 ‚
872 3093 1021 3129 tempore
1039 3092 1114 3121 Ma-

137 3135 223 3166 crini
241 3136 323 3174 Imp.
343 3137 379 3165 ut
402 3143 442 3166 cx
468 3136 583 3166 Dionis
609 3135 666 3167 lib.
694 3137 744 3168 78.
771 3146 847 3178 pag.
866 3139 940 3170 904.
960 3140 1111 3173 valesius

139 3185 224 3216 bene
247 3185 391 3215 notavit.

199 3233 235 3274 b)
262 3235 298 3265 In
322 3235 467 3266 Antonio
495 3235 573 3266 Geta
590 3243 664 3275 cap.
688 3236 721 3267 ⁶2.

204 3284 236 3319 c)
258 3284 328 3315 Lib.
345 3285 482 3314 xxvm.
508 3292 580 3324 cap.
606 3285 637 3316 4.

201 3331 238 3369 d)
263 3334 300 3364 ln
319 3335 389 3365 vita
407 3334 509 3365 Firmi
528 3358 537 3372 ,
559 3336 728 3368 saturnini
745 3360 754 3373 ‚
777 3337 913 3369 Proculi
930 3342 962 3368 et
979 3340 1110 3370 Bonosi.

205 3382 236 3423 e)
250 3383 297 3414 Ita
312 3383 536 3415 Gerbcronius
551 3408 559 3423 ,
576 3386 703 3416 Caveus
718 3409 728 3423 ,
747 3385 981 3419 'tillemontius
995 3389 1110 3419 etalii.

1148 319 1313 354 scorzam
1350 327 1398 353 ac
1439 314 1644 353 Juvenalis
1667 318 1830 366 satyras
1855 311 2109 364 probarunt,

1149 390 1225 416 nae
1245 381 1379 416 actum
1397 377 1500 416 mate
1518 376 1720 416 nobiscum
1738 409 1746 424 ,
1770 374 1916 428 quibus
1933 376 2019 427 ejus
2038 375 2118 414 viri

1151 440 1286 479 omnia
1313 443 1565 479 monumenta
1588 440 1811 492 perierunt.
1842 438 1923 479 Sed
1939 450 2013 476 non
2037 449 2117 476 om-

1151 504 1263 542 nium
1288 502 1334 541 de
1365 505 1475 541 tanta
1506 502 1640 541 Marii
1669 501 1846 541 ,flammi
1863 501 2118 554 praestantia

1153 565 1256 604 idem
1292 564 1370 617 fuit
1400 564 1625 616 judicium.-
1670 577 1763 604 nam
1801 564 1968 604 Flavius
2009 563 2116 615 Vopi-

1154 640 1247 669 scus
1271 628 1310 678 d)
1335 631 1508 680 scriptor
1530 626 1846 678 eleyantissmus
1867 627 1977 679 Ionye
1999 626 2118 666 aliter

1155 691 1202 730 de
1223 703 1264 728 eo
1276 689 1530 741 pronunciat,
1554 689 1678 729 libelli
1696 691 1779 740 ejus
1797 691 1906 730 initio
1931 702 2008 742 quo
2029 691 2058 728 F
2060 690 2117 728 ir-

1155 765 1262 792 mum
1286 756 1325 793 et
1350 752 1450 792 alios
1475 756 1556 791 tres
1581 753 1825 792 minusculos
1850 754 2116 804 Imperatores

1152 816 1324 869 posteris
1354 814 1531 854 tradidit.
1569 815 1778 854 Laudatur
1803 817 1960 856 Marius
1985 815 2120 855 41αωὶ-

1157 890 1245 918 mus
1269 882 1308 917 et
1327 891 1352 917 a
1371 878 1503 918 veteri
1521 878 1730 918 Juvenalis
1763 880 1993 930 Inter-prete.
2023 880 2116 921 (Sat.

1158 944 1219 982 1V.
1236 942 1285 981 ad
1305 954 1341 979 v.
1369 943 1448 991 53)
1472 942 1536 981 ubi
1559 942 1607 979 de
1630 942 1800 981 Palfurio
1827 943 1940 990 Sura,
1965 943 2121 980 Consu·

1158 1005 1251 1044 laris
1281 1005 1355 1042 viri
1388 1004 1479 1043 lilio.

1210 1067 1402 1106 MARIUS
1438 1068 1664 1115 Mercator,
1689 1066 1784 1106 Afer
1818 1068 1852 1116 e)
1884 1068 2044 1118 potius.
2078 1071 2119 1104 ut

1158 1129 1321 1170 videtur
1342 1131 1501 1168 natione
1526 1141 1648 1180 quam
1671 1130 1903 1180 Campanus
1929 1130 1990 1168 vel
2013 1129 2123 1180 Apu-

1159 1192 1223 1230 lus
1245 1223 1253 1241 ,
1286 1192 1472 1243 idemque
1497 1194 1637 1231 Laicus
1667 1194 1800 1243 potius
1821 1197 1942 1242 atque
1967 1203 2015 1229 ex
2042 1192 2122 1230 Au-

1159 1254 1398 1293 ditorialium
1425 1255 1762 1294 Scholasticorum
1798 1266 1965 1293 numero
1985 1256 2051 1305 qui
2083 1256 2120 1292 in

1159 1318 1347 1356 Romanis
1391 1317 1545 1356 iudiciis
1591 1317 1744 1368 pridem
1778 1318 2019 1356 militaverat
2038 1350 2048 1365 ,
2088 1317 2119 1365 f)

1159 1391 1279 1430 quam
1314 1379 1525 1430 presbyter
1555 1381 1619 1418 vel
1639 1381 1880 1430 Episcopus.
1899 1381 2011 1419 Hunc
2041 1380 2123 1418 Au-

1159 1443 1347 1491 gustinus
1371 1442 1410 1478 in
1433 1442 1610 1491 Epistola
1629 1442 1675 1480 ad
1703 1453 1794 1480 eum
1818 1443 1966 1492 scripta
1986 1443 2019 1493 gl·
2048 1443 2123 1480 Do—

1159 1505 1310 1542 minum
1326 1502 1630 1542 dilectissimum
1645 1503 1736 1542 etin
1755 1505 1919 1544 CHristi
1933 1503 2121 1543 membris

1161 1566 1435 1606 sincerissima
1456 1566 1650 1605 charitate
1664 1566 1978 1618 praedicandum
1996 1566 2123 1618 filiurn

1161 1628 1344 1681 appellat.
1388 1630 1691 1680 Pelagianorum
1727 1635 1767 1667 et
1799 1631 2125 1669 Nestorianorum

1163 1694 1266 1731 acris
1290 1692 1559 1739 adversarius,
1587 1693 1638 1731 ita
1660 1697 1796 1730 tamen
1823 1698 1867 1731 ut
1893 1694 2127 1744 neutiquam

1166 1755 1313 1794 faceret
1332 1766 1422 1794 cum
1440 1755 1654 1806 Eutyche:
1681 1755 1720 1805 h)
1747 1756 1860 1795 Plura
1886 1756 2055 1806 collegit,
2081 1768 2130 1794 ex

1163 1818 1315 1857 Graeco
1346 1820 1484 1857 Latine
1513 1819 1663 1868 vertit,
1696 1818 1889 1857 nonnulla
1919 1823 1959 1857 et
1984 1818 2033 1857 dc
2059 1831 2132 1858 suo

1165 1881 1318 1920 addidit
1347 1882 1568 1933 Pelagianis
1599 1883 1780 1933 opposita
1805 1886 1844 1919 et
1870 1882 2132 1920 Nestorianis.

1165 1945 1268 1984 Sunt
1294 1949 1427 1983 autem
1455 1946 1493 1982 in
1522 1947 1650 1996 prima
1675 1944 1906 1982 Gerberoiiii
1933 1944 2130 1983 editione:

1224 2009 1258 2055 4)
1297 2007 1648 2047 Commonitorium
1693 2006 1870 2053 Lectori,
1910 2005 2130 2045 adversum

1169 2069 1353 2109 haeresin
1365 2071 1506 2121 Pelagii
1520 2071 1749 2109 etCelaestii
1767 2068 1831 2108 vel
1849 2069 1966 2108 etiam
1983 2070 2135 2120 scripta

1167 2133 1333 2171 Juliani:
1358 2133 1384 2171 ὰ
1407 2132 1537 2182 Mario
1558 2133 1791 2180 Mercatore,
1820 2143 1935 2171 servo
1955 2132 2131 2172 CHristi.

1221 2196 1260 2244 ⁶2)-
1283 2194 1402 2234 Lz'ber
1424 2194 1746 2234 subnotationum
1771 2195 1826 2233 ad
1849 2198 1867 2231 J
1875 2196 1995 2234 uliani
2022 2193 2135 2234 Pela—

1166 2257 1281 2308 qiam·
1301 2256 1475 2308 capitulo
1500 2270 1547 2296 ex
1574 2259 1685 2297 libris
1714 2259 1760 2297 ad
1795 2259 1954 2297 Florum
1982 2270 2066 2309 pag.
2098 2260 2135 2296 9.

1169 2326 1273 2360 etex
1297 2321 1393 2359 libro
1404 2323 1522 2360 tertio
1545 2321 1593 2360 de
1610 2327 1782 2372 quatuor
1801 2322 1849 2360 ad
1866 2323 2131 2361 Turbantium

1169 2395 1257 2434 pag.
1284 2384 1349 2421 28.

1225 2448 1260 2494 3)
1296 2445 1487 2484 Theodori
1508 2446 1773 2496 Mopsresteni
1790 2458 1921 2485 sermo
1941 2448 1967 2485 ὰ
1998 2447 2136 2485 Mario

1169 2510 1389 2547 Mercatore
1410 2509 1619 2559 expositus
1649 2512 1686 2547 et
1707 2508 1945 2561 confutatus,
1973 2520 2058 2559 pag.
2083 2510 2132 2547 54

1172 2581 1264 2610 cum
1290 2570 1447 2610 duabus
1469 2570 1657 2622 Epe'stoli's
1682 2573 1788 2610 Marii
1821 2582 1906 2621 pag.
1934 2571 1995 2608 68.
2021 2576 2060 2607 et
2085 2571 2135 2608 70

1173 2637 1213 2670 et
1242 2636 1419 2670 tractatu
1450 2634 1673 2672 Nestoriani
1704 2632 1917 2683 cujusdam
1954 2634 1973 2670 a
2017 2633 2136 2670 Mario

1172 2695 1388 2733 Mercatore
1413 2696 1631 2741 translato,
1649 2696 1715 2745 qui
1743 2696 1906 2745 incipit:
1931 2694 2137 2734 Contume-

1175 2755 1251 2795 lias
1278 2755 1436 2808 quidem
1461 2768 1501 2795 m
1524 2769 1584 2795 me
1611 2756 1906 2795 haereticorum
1936 2755 2132 2796 arbitror.

1176 2830 1261 2870 pag.
1292 2819 1356 2858 75.

1232 2884 1334 2921 llaec
1359 2894 1460 2933 quac
1481 2887 1596 2922 vocat
1614 2884 1712 2921 Acta
1735 2881 2136 2922 ,lla7·1't'lllercator1's.

1181 2945 1220 2984 S.
1250 2947 1479 2995 Augustini,
1506 2947 1707 2985 Ecclesiae
1731 2946 1910 2985 Doctoris
1940 2944 2136 2996 discipuli⁷

1238 3088 1268 3126 s)
1292 3092 1341 3119 Jo.
1365 3091 1545 3121 Gai-nerins
1571 3087 1750 3128 prolegom.
1775 3096 1848 3127 pag.
1866 3089 1936 3119 VII.

1237 3140 1271 3178 g)
1302 3141 1337 3170 ln
1360 3138 1508 3170 editione
1531 3139 1843 3169 Ben0‹licti0norum
1871 3140 2017 3178 primum
2052 3138 2141 3170 edita

1175 3189 1321 3229 Epistola
1350 3189 1459 3219 XCIII,
1493 3189 1615 3227 scripta
1644 3191 1678 3218 Α.
1706 3188 1741 3218 C.
1766 3187 1839 3219 418.
1864 3189 1925 3219 sed
1951 3188 2010 3220 diu
2041 3191 2142 3221 etiam

1175 3243 1248 3278 post
1274 3241 1304 3270 S.
1327 3240 1552 3277 augustinum
1575 3241 1609 3268 Α.
1635 3237 1708 3269 450.
1745 3237 1939 3270 defunctum
1974 3245 2143 3279 superstes

1171 3289 1257 3320 aliuc
1281 3288 1341 3319 fuit
1366 3289 1486 3318 Marius
1511 3291 1546 3318 Α.
1571 3287 1644 3318 450.
1668 3292 1703 3319 ut
1727 3297 1745 3319 a
1768 3288 1902 3319 Baluzio
1928 3294 1958 3320 et
1984 3289 2062 3321 aliis
2081 3299 2143 3320 an-

1173 3343 1336 3370 notatum.

1226 3389 1261 3425 h)
1286 3387 1459 3419 'rillemom
1503 3391 1594 3420 'I'om.
1618 3391 1681 3421 xv.
1708 3390 1896 3421 memoriar.
1928 3398 2002 3428 pag.
2028 3389 2080 3422 51.
