<?xml version="1.0" encoding="UTF-8"?>
<!DOCTYPE html PUBLIC "-//W3C//DTD XHTML 1.0 Transitional//EN"
    "http://www.w3.org/TR/xhtml1/DTD/xhtml1-transitional.dtd">
<html xmlns="http://www.w3.org/1999/xhtml" xml:lang="en" lang="en">
 <head>
  <title>
</title>
<meta http-equiv="Content-Type" content="text/html;charset=utf-8" />
  <meta name='ocr-system' content='tesseract 3.04.00' />
  <meta name='ocr-capabilities' content='ocr_page ocr_carea ocr_par ocr_line ocrx_word'/>
</head>
<body>
  <div class='ocr_page' id='page_1' title='image "./bibliothecalatin05fabruoft/bibliothecalatin05fabruoft_0295.png"; bbox 0 0 2517 4009; ppageno 0'>
   <div class='ocr_carea' id='block_1_1' title="bbox 0 3194 24 4009">
    <p class='ocr_par' dir='ltr' id='par_1_1' title="bbox 0 3194 24 4009">
     <span class='ocr_line' id='line_1_1' title="bbox 0 3194 24 4009; baseline 0 0"><span class='ocrx_word' id='word_1_1' title='bbox 0 3194 24 4009; x_wconf 95' lang='lat' dir='ltr'> </span> 
     </span>
    </p>
   </div>
   <div class='ocr_carea' id='block_1_2' title="bbox 809 214 1250 255">
    <p class='ocr_par' dir='ltr' id='par_1_2' title="bbox 809 214 1250 255">
     <span class='ocr_line' id='line_1_2' title="bbox 809 214 1250 255; baseline 0.007 -3"><span class='ocrx_word' id='word_1_2' title='bbox 809 214 1250 255; x_wconf 75' lang='lat' dir='ltr'>PLEGUlNUS</span> 
     </span>
    </p>
   </div>
   <div class='ocr_carea' id='block_1_3' title="bbox 17 282 998 2671">
    <p class='ocr_par' dir='ltr' id='par_1_3' title="bbox 29 282 989 454">
     <span class='ocr_line' id='line_1_3' title="bbox 33 282 986 324; baseline 0 -1"><span class='ocrx_word' id='word_1_3' title='bbox 33 284 173 324; x_wconf 88' lang='lat' dir='ltr'>Burch.</span> <span class='ocrx_word' id='word_1_4' title='bbox 204 282 385 322; x_wconf 67' lang='lat' dir='ltr'>(jouin-li</span> <span class='ocrx_word' id='word_1_5' title='bbox 412 282 560 320; x_wconf 82' lang='lat' dir='ltr'>Struvii</span> <span class='ocrx_word' id='word_1_6' title='bbox 593 289 619 320; x_wconf 88' lang='lat' dir='ltr'>t.</span> <span class='ocrx_word' id='word_1_7' title='bbox 654 286 667 321; x_wconf 99' lang='grc'><strong>1</strong></span> <span class='ocrx_word' id='word_1_8' title='bbox 707 284 794 322; x_wconf 83' lang='lat' dir='ltr'>Act.</span> <span class='ocrx_word' id='word_1_9' title='bbox 821 284 986 323; x_wconf 79' lang='lat' dir='ltr'>litterar.</span> 
     </span>
     <span class='ocr_line' id='line_1_4' title="bbox 30 343 989 385; baseline -0.001 0"><span class='ocrx_word' id='word_1_10' title='bbox 30 344 216 385; x_wconf 77' lang='lat' dir='ltr'>fasciculo</span> <span class='ocrx_word' id='word_1_11' title='bbox 259 344 320 382; x_wconf 89' lang='lat' dir='ltr'>lV.</span> <span class='ocrx_word' id='word_1_12' title='bbox 364 343 510 382; x_wconf 81' lang='lat' dir='ltr'>Confer</span> <span class='ocrx_word' id='word_1_13' title='bbox 541 355 642 383; x_wconf 89' lang='lat' dir='ltr'>nova</span> <span class='ocrx_word' id='word_1_14' title='bbox 673 345 861 384; x_wconf 89' lang='lat' dir='ltr'>litteraria</span> <span class='ocrx_word' id='word_1_15' title='bbox 892 346 989 385; x_wconf 88' lang='lat' dir='ltr'>Ger·</span> 
     </span>
     <span class='ocr_line' id='line_1_5' title="bbox 29 403 599 454; baseline -0.004 -8"><span class='ocrx_word' id='word_1_16' title='bbox 29 405 184 446; x_wconf 81' lang='lat' dir='ltr'>maniae</span> <span class='ocrx_word' id='word_1_17' title='bbox 213 404 261 443; x_wconf 84' lang='lat' dir='ltr'>A.</span> <span class='ocrx_word' id='word_1_18' title='bbox 292 403 408 444; x_wconf 87' lang='grc'><strong>1706.</strong></span> <span class='ocrx_word' id='word_1_19' title='bbox 439 416 476 454; x_wconf 83' lang='lat' dir='ltr'>p.</span> <span class='ocrx_word' id='word_1_20' title='bbox 509 406 599 444; x_wconf 75' lang='lat'>341.</span> 
     </span>
    </p>

    <p class='ocr_par' dir='ltr' id='par_1_4' title="bbox 28 463 991 704">
     <span class='ocr_line' id='line_1_6' title="bbox 78 463 988 518; baseline 0.003 -13"><span class='ocrx_word' id='word_1_21' title='bbox 78 467 136 505; x_wconf 87' lang='lat' dir='ltr'>De</span> <span class='ocrx_word' id='word_1_22' title='bbox 165 463 352 505; x_wconf 85' lang='lat' dir='ltr'><em>laudibus</em></span> <span class='ocrx_word' id='word_1_23' title='bbox 376 466 490 518; x_wconf 83' lang='lat' dir='ltr'><em>pacis</em></span> <span class='ocrx_word' id='word_1_24' title='bbox 518 467 566 505; x_wconf 87' lang='lat' dir='ltr'>ad</span> <span class='ocrx_word' id='word_1_25' title='bbox 598 467 833 507; x_wconf 86' lang='lat' dir='ltr'>Rodericum</span> <span class='ocrx_word' id='word_1_26' title='bbox 875 469 988 508; x_wconf 80' lang='lat' dir='ltr'>Cala-</span> 
     </span>
     <span class='ocr_line' id='line_1_7' title="bbox 28 529 990 586; baseline 0 -16"><span class='ocrx_word' id='word_1_27' title='bbox 28 531 307 586; x_wconf 83' lang='lat' dir='ltr'>gurritanum,</span> <span class='ocrx_word' id='word_1_28' title='bbox 336 534 377 568; x_wconf 89' lang='lat' dir='ltr'>et</span> <span class='ocrx_word' id='word_1_29' title='bbox 405 529 575 570; x_wconf 85' lang='lat' dir='ltr'>alterum</span> <span class='ocrx_word' id='word_1_30' title='bbox 608 529 652 569; x_wconf 89' lang='lat' dir='ltr'>de</span> <span class='ocrx_word' id='word_1_31' title='bbox 681 529 867 571; x_wconf 75' lang='lat' dir='ltr'><em>laudibus</em></span> <span class='ocrx_word' id='word_1_32' title='bbox 912 530 990 570; x_wconf 86' lang='lat' dir='ltr'>bel-</span> 
     </span>
     <span class='ocr_line' id='line_1_8' title="bbox 28 586 991 640; baseline 0 -8"><span class='ocrx_word' id='word_1_33' title='bbox 28 591 69 640; x_wconf 79' lang='lat' dir='ltr'>li,</span> <span class='ocrx_word' id='word_1_34' title='bbox 91 592 287 631; x_wconf 84' lang='lat' dir='ltr'>Manuscr.</span> <span class='ocrx_word' id='word_1_35' title='bbox 314 597 539 630; x_wconf 84' lang='lat' dir='ltr'>memorant</span> <span class='ocrx_word' id='word_1_36' title='bbox 568 586 751 631; x_wconf 81' lang='lat' dir='ltr'>a&#39;uctores</span> <span class='ocrx_word' id='word_1_37' title='bbox 773 592 883 631; x_wconf 86' lang='lat' dir='ltr'>diarii</span> <span class='ocrx_word' id='word_1_38' title='bbox 901 604 991 632; x_wconf 86' lang='lat' dir='ltr'>eru-</span> 
     </span>
     <span class='ocr_line' id='line_1_9' title="bbox 28 652 801 704; baseline -0.001 -12"><span class='ocrx_word' id='word_1_39' title='bbox 28 653 200 692; x_wconf 89' lang='lat' dir='ltr'>ditorum</span> <span class='ocrx_word' id='word_1_40' title='bbox 226 652 364 691; x_wconf 83' lang='lat' dir='ltr'>Italiae</span> <span class='ocrx_word' id='word_1_41' title='bbox 395 658 421 691; x_wconf 90' lang='lat' dir='ltr'>t.</span> <span class='ocrx_word' id='word_1_42' title='bbox 455 654 504 692; x_wconf 91' lang='grc'><strong>13</strong></span> <span class='ocrx_word' id='word_1_43' title='bbox 536 665 570 704; x_wconf 90' lang='lat' dir='ltr'>p.</span> <span class='ocrx_word' id='word_1_44' title='bbox 604 653 694 692; x_wconf 73' lang='lat'>437.</span> <span class='ocrx_word' id='word_1_45' title='bbox 716 664 801 703; x_wconf 84' lang='lat' dir='ltr'>seq.</span> 
     </span>
    </p>

    <p class='ocr_par' dir='ltr' id='par_1_5' title="bbox 17 712 996 2351">
     <span class='ocr_line' id='line_1_10' title="bbox 80 712 991 764; baseline 0.002 -12"><span class='ocrx_word' id='word_1_46' title='bbox 80 713 102 738; x_wconf 69' lang='lat'>⁸*</span> <span class='ocrx_word' id='word_1_47' title='bbox 128 712 241 764; x_wconf 90' lang='lat' dir='ltr'>Opus</span> <span class='ocrx_word' id='word_1_48' title='bbox 268 714 375 754; x_wconf 91' lang='lat' dir='ltr'>aliud</span> <span class='ocrx_word' id='word_1_49' title='bbox 421 716 494 752; x_wconf 89' lang='lat' dir='ltr'>viri</span> <span class='ocrx_word' id='word_1_50' title='bbox 540 715 661 754; x_wconf 83' lang='lat' dir='ltr'>huius</span> <span class='ocrx_word' id='word_1_51' title='bbox 691 715 794 753; x_wconf 89' lang='lat' dir='ltr'>docti</span> <span class='ocrx_word' id='word_1_52' title='bbox 843 726 991 764; x_wconf 84' lang='lat' dir='ltr'>nequa-</span> 
     </span>
     <span class='ocr_line' id='line_1_11' title="bbox 27 776 992 826; baseline 0.001 -12"><span class='ocrx_word' id='word_1_53' title='bbox 27 785 147 826; x_wconf 88' lang='lat' dir='ltr'>quam</span> <span class='ocrx_word' id='word_1_54' title='bbox 178 776 513 824; x_wconf 86' lang='lat' dir='ltr'>praetereundum</span> <span class='ocrx_word' id='word_1_55' title='bbox 557 777 751 824; x_wconf 79' lang='lat' dir='ltr'>arbitror,</span> <span class='ocrx_word' id='word_1_56' title='bbox 782 777 887 826; x_wconf 88' lang='lat' dir='ltr'>quod</span> <span class='ocrx_word' id='word_1_57' title='bbox 933 789 992 815; x_wconf 88' lang='lat' dir='ltr'>re·</span> 
     </span>
     <span class='ocr_line' id='line_1_12' title="bbox 28 835 989 888; baseline 0 -12"><span class='ocrx_word' id='word_1_58' title='bbox 28 837 130 876; x_wconf 77' lang='lat' dir='ltr'>ferre</span> <span class='ocrx_word' id='word_1_59' title='bbox 158 835 224 874; x_wconf 85' lang='lat' dir='ltr'>hic</span> <span class='ocrx_word' id='word_1_60' title='bbox 253 837 355 876; x_wconf 82' lang='lat' dir='ltr'>malo</span> <span class='ocrx_word' id='word_1_61' title='bbox 386 838 520 876; x_wconf 85' lang='lat' dir='ltr'>verbis</span> <span class='ocrx_word' id='word_1_62' title='bbox 549 840 778 888; x_wconf 79' lang='lat' dir='ltr'>Hieronymi</span> <span class='ocrx_word' id='word_1_63' title='bbox 811 839 918 878; x_wconf 88' lang='lat' dir='ltr'>Pauli</span> <span class='ocrx_word' id='word_1_64' title='bbox 952 840 989 877; x_wconf 92' lang='lat' dir='ltr'>in</span> 
     </span>
     <span class='ocr_line' id='line_1_13' title="bbox 25 898 993 950; baseline 0 -12"><span class='ocrx_word' id='word_1_65' title='bbox 25 898 114 938; x_wconf 84' lang='lat' dir='ltr'>eius</span> <span class='ocrx_word' id='word_1_66' title='bbox 141 899 314 949; x_wconf 86' lang='lat' dir='ltr'>practica</span> <span class='ocrx_word' id='word_1_67' title='bbox 345 900 607 938; x_wconf 86' lang='lat' dir='ltr'>cancellariae</span> <span class='ocrx_word' id='word_1_68' title='bbox 638 900 880 950; x_wconf 85' lang='lat' dir='ltr'>apostolicae</span> <span class='ocrx_word' id='word_1_69' title='bbox 911 900 993 939; x_wconf 83' lang='lat' dir='ltr'>edi-</span> 
     </span>
     <span class='ocr_line' id='line_1_14' title="bbox 17 960 988 1013; baseline 0.002 -14"><span class='ocrx_word' id='word_1_70' title='bbox 17 965 66 999; x_wconf 85' lang='lat' dir='ltr'>-ta</span> <span class='ocrx_word' id='word_1_71' title='bbox 93 960 240 999; x_wconf 86' lang='lat' dir='ltr'>Romae</span> <span class='ocrx_word' id='word_1_72' title='bbox 270 972 335 999; x_wconf 91' lang='lat' dir='ltr'>an.</span> <span class='ocrx_word' id='word_1_73' title='bbox 365 962 481 1000; x_wconf 76' lang='grc'><strong>1514.</strong></span> <span class='ocrx_word' id='word_1_74' title='bbox 514 962 552 999; x_wconf 89' lang='lat' dir='ltr'>in</span> <span class='ocrx_word' id='word_1_75' title='bbox 585 962 619 1000; x_wconf 81' lang='lat'>4.</span> <span class='ocrx_word' id='word_1_76' title='bbox 651 961 716 1000; x_wconf 89' lang='lat' dir='ltr'>ubi</span> <span class='ocrx_word' id='word_1_77' title='bbox 750 962 846 1000; x_wconf 82' lang='lat' dir='ltr'>haec</span> <span class='ocrx_word' id='word_1_78' title='bbox 877 962 988 1013; x_wconf 81' lang='lat' dir='ltr'>lego:</span> 
     </span>
     <span class='ocr_line' id='line_1_15' title="bbox 29 1019 993 1073; baseline 0 -13"><span class='ocrx_word' id='word_1_79' title='bbox 29 1019 121 1060; x_wconf 84' lang='lat' dir='ltr'>Vide</span> <span class='ocrx_word' id='word_1_80' title='bbox 150 1019 322 1061; x_wconf 87' lang='lat' dir='ltr'>Collecta</span> <span class='ocrx_word' id='word_1_81' title='bbox 354 1021 564 1061; x_wconf 84' lang='lat' dir='ltr'>novissime</span> <span class='ocrx_word' id='word_1_82' title='bbox 587 1033 664 1073; x_wconf 87' lang='lat' dir='ltr'>per</span> <span class='ocrx_word' id='word_1_83' title='bbox 688 1023 797 1061; x_wconf 85' lang='lat' dir='ltr'>Dom.</span> <span class='ocrx_word' id='word_1_84' title='bbox 823 1023 993 1062; x_wconf 78' lang='lat' dir='ltr'>Bartho-</span> 
     </span>
     <span class='ocr_line' id='line_1_16' title="bbox 25 1082 996 1136; baseline 0.001 -15"><span class='ocrx_word' id='word_1_85' title='bbox 25 1082 220 1122; x_wconf 87' lang='lat' dir='ltr'>lomaeum</span> <span class='ocrx_word' id='word_1_86' title='bbox 248 1082 295 1122; x_wconf 88' lang='lat' dir='ltr'>de</span> <span class='ocrx_word' id='word_1_87' title='bbox 326 1082 484 1122; x_wconf 86' lang='lat' dir='ltr'>Platina</span> <span class='ocrx_word' id='word_1_88' title='bbox 515 1083 892 1132; x_wconf 78' lang='lat' dir='ltr'>Bibliothecarium,</span> <span class='ocrx_word' id='word_1_89' title='bbox 924 1086 996 1136; x_wconf 88' lang='lat' dir='ltr'>qui</span> 
     </span>
     <span class='ocr_line' id='line_1_17' title="bbox 24 1144 993 1197; baseline 0.002 -15"><span class='ocrx_word' id='word_1_90' title='bbox 24 1144 155 1183; x_wconf 88' lang='lat' dir='ltr'>omnia</span> <span class='ocrx_word' id='word_1_91' title='bbox 184 1145 452 1185; x_wconf 86' lang='lat' dir='ltr'>instrumenta</span> <span class='ocrx_word' id='word_1_92' title='bbox 477 1145 724 1197; x_wconf 80' lang='lat' dir='ltr'>pertinentia</span> <span class='ocrx_word' id='word_1_93' title='bbox 754 1145 809 1184; x_wconf 90' lang='lat' dir='ltr'>ad</span> <span class='ocrx_word' id='word_1_94' title='bbox 836 1147 993 1185; x_wconf 83' lang='lat' dir='ltr'>Statum</span> 
     </span>
     <span class='ocr_line' id='line_1_18' title="bbox 26 1205 994 1258; baseline 0.002 -14"><span class='ocrx_word' id='word_1_95' title='bbox 26 1205 227 1246; x_wconf 85' lang='lat' dir='ltr'><strong><em>Ecclesiae</em></strong></span> <span class='ocrx_word' id='word_1_96' title='bbox 256 1218 296 1245; x_wconf 84' lang='lat' dir='ltr'>in</span> <span class='ocrx_word' id='word_1_97' title='bbox 319 1206 562 1258; x_wconf 81' lang='lat' dir='ltr'>temporibus</span> <span class='ocrx_word' id='word_1_98' title='bbox 599 1207 841 1258; x_wconf 86' lang='lat' dir='ltr'>praesertim</span> <span class='ocrx_word' id='word_1_99' title='bbox 883 1208 994 1246; x_wconf 87' lang='lat' dir='ltr'>circa</span> 
     </span>
     <span class='ocr_line' id='line_1_19' title="bbox 23 1267 991 1320; baseline 0.001 -15"><span class='ocrx_word' id='word_1_100' title='bbox 23 1267 322 1318; x_wconf 80' lang='lat' dir='ltr'>acquisitionem</span> <span class='ocrx_word' id='word_1_101' title='bbox 347 1271 552 1310; x_wconf 83' lang='lat' dir='ltr'>terrarum</span> <span class='ocrx_word' id='word_1_102' title='bbox 574 1271 610 1306; x_wconf 90' lang='lat' dir='ltr'>et</span> <span class='ocrx_word' id='word_1_103' title='bbox 627 1267 800 1306; x_wconf 90' lang='lat' dir='ltr'>aliorum</span> <span class='ocrx_word' id='word_1_104' title='bbox 829 1269 991 1320; x_wconf 73' lang='lat' dir='ltr'>Jurium</span> 
     </span>
     <span class='ocr_line' id='line_1_20' title="bbox 27 1326 995 1377; baseline 0 -10"><span class='ocrx_word' id='word_1_105' title='bbox 27 1331 66 1367; x_wconf 85' lang='lat' dir='ltr'>et</span> <span class='ocrx_word' id='word_1_106' title='bbox 99 1338 290 1366; x_wconf 79' lang='lat' dir='ltr'>censuum</span> <span class='ocrx_word' id='word_1_107' title='bbox 318 1326 474 1377; x_wconf 73' lang='lat' dir='ltr'>colleyit</span> <span class='ocrx_word' id='word_1_108' title='bbox 499 1327 615 1367; x_wconf 87' lang='lat' dir='ltr'>valde</span> <span class='ocrx_word' id='word_1_109' title='bbox 646 1340 788 1377; x_wconf 64' lang='lat' dir='ltr'>manno</span> <span class='ocrx_word' id='word_1_110' title='bbox 829 1328 995 1368; x_wconf 84' lang='lat' dir='ltr'>volumi-</span> 
     </span>
     <span class='ocr_line' id='line_1_21' title="bbox 26 1387 994 1440; baseline 0.002 -14"><span class='ocrx_word' id='word_1_111' title='bbox 26 1399 102 1437; x_wconf 85' lang='lat' dir='ltr'>ne;</span> <span class='ocrx_word' id='word_1_112' title='bbox 129 1387 185 1426; x_wconf 86' lang='lat' dir='ltr'>ad</span> <span class='ocrx_word' id='word_1_113' title='bbox 210 1387 325 1427; x_wconf 87' lang='lat' dir='ltr'>cuius</span> <span class='ocrx_word' id='word_1_114' title='bbox 365 1387 629 1427; x_wconf 82' lang='lat' dir='ltr'>collectionem</span> <span class='ocrx_word' id='word_1_115' title='bbox 675 1389 800 1439; x_wconf 86' lang='lat' dir='ltr'>etiam</span> <span class='ocrx_word' id='word_1_116' title='bbox 831 1401 994 1440; x_wconf 84' lang='lat' dir='ltr'>operam</span> 
     </span>
     <span class='ocr_line' id='line_1_22' title="bbox 25 1448 993 1502; baseline -0.001 -13"><span class='ocrx_word' id='word_1_117' title='bbox 25 1452 205 1490; x_wconf 82' lang='lat' dir='ltr'>nostram</span> <span class='ocrx_word' id='word_1_118' title='bbox 227 1448 494 1502; x_wconf 74' lang='lat' dir='ltr'>praebuimus</span> <span class='ocrx_word' id='word_1_119' title='bbox 514 1449 555 1488; x_wconf 83' lang='lat' dir='ltr'>in</span> <span class='ocrx_word' id='word_1_120' title='bbox 573 1449 801 1489; x_wconf 78' lang='lat' dir='ltr'>revidendo.</span> <span class='ocrx_word' id='word_1_121' title='bbox 823 1452 993 1500; x_wconf 80' lang='lat' dir='ltr'>Scripsit</span> 
     </span>
     <span class='ocr_line' id='line_1_23' title="bbox 26 1509 993 1550; baseline -0.001 0"><span class='ocrx_word' id='word_1_122' title='bbox 26 1512 147 1550; x_wconf 89' lang='lat' dir='ltr'>etiam</span> <span class='ocrx_word' id='word_1_123' title='bbox 176 1510 397 1549; x_wconf 88' lang='lat' dir='ltr'>orationem</span> <span class='ocrx_word' id='word_1_124' title='bbox 435 1509 482 1549; x_wconf 89' lang='lat' dir='ltr'>de</span> <span class='ocrx_word' id='word_1_125' title='bbox 526 1509 718 1549; x_wconf 77' lang='lat' dir='ltr'>laudibus</span> <span class='ocrx_word' id='word_1_126' title='bbox 748 1509 887 1549; x_wconf 84' lang='lat' dir='ltr'>bonar.</span> <span class='ocrx_word' id='word_1_127' title='bbox 915 1511 993 1549; x_wconf 86' lang='lat' dir='ltr'>Ar-</span> 
     </span>
     <span class='ocr_line' id='line_1_24' title="bbox 27 1570 992 1622; baseline -0.002 -10"><span class='ocrx_word' id='word_1_128' title='bbox 27 1571 124 1612; x_wconf 83' lang='lat' dir='ltr'>tium</span> <span class='ocrx_word' id='word_1_129' title='bbox 147 1575 187 1612; x_wconf 86' lang='lat' dir='ltr'>et</span> <span class='ocrx_word' id='word_1_130' title='bbox 208 1570 334 1611; x_wconf 80' lang='lat' dir='ltr'>Vitam</span> <span class='ocrx_word' id='word_1_131' title='bbox 355 1573 416 1610; x_wconf 90' lang='lat' dir='ltr'>J0.</span> <span class='ocrx_word' id='word_1_132' title='bbox 441 1571 675 1612; x_wconf 83' lang='lat' dir='ltr'>Cardinalis</span> <span class='ocrx_word' id='word_1_133' title='bbox 704 1571 862 1620; x_wconf 83' lang='lat' dir='ltr'>Melini,</span> <span class='ocrx_word' id='word_1_134' title='bbox 888 1583 992 1622; x_wconf 87' lang='lat' dir='ltr'>quae</span> 
     </span>
     <span class='ocr_line' id='line_1_25' title="bbox 28 1633 995 1684; baseline -0.002 -10"><span class='ocrx_word' id='word_1_135' title='bbox 28 1638 167 1674; x_wconf 84' lang='lat' dir='ltr'>servat</span> <span class='ocrx_word' id='word_1_136' title='bbox 187 1633 286 1673; x_wconf 90' lang='lat' dir='ltr'>Bibl.</span> <span class='ocrx_word' id='word_1_137' title='bbox 310 1633 688 1673; x_wconf 86' lang='lat' dir='ltr'>Riccardiana.Vide</span> <span class='ocrx_word' id='word_1_138' title='bbox 712 1634 886 1684; x_wconf 85' lang='lat' dir='ltr'>Catalog.</span> <span class='ocrx_word' id='word_1_139' title='bbox 911 1635 995 1672; x_wconf 86' lang='lat' dir='ltr'>eiu-</span> 
     </span>
     <span class='ocr_line' id='line_1_26' title="bbox 30 1695 996 1746; baseline -0.003 -11"><span class='ocrx_word' id='word_1_140' title='bbox 30 1695 90 1735; x_wconf 90' lang='lat' dir='ltr'>sd.</span> <span class='ocrx_word' id='word_1_141' title='bbox 117 1695 218 1734; x_wconf 90' lang='lat' dir='ltr'>Bibl.</span> <span class='ocrx_word' id='word_1_142' title='bbox 246 1706 286 1745; x_wconf 89' lang='lat' dir='ltr'>p.</span> <span class='ocrx_word' id='word_1_143' title='bbox 307 1695 370 1734; x_wconf 91' lang='grc'>61.</span> <span class='ocrx_word' id='word_1_144' title='bbox 397 1695 463 1734; x_wconf 93' lang='lat' dir='ltr'>ubi</span> <span class='ocrx_word' id='word_1_145' title='bbox 487 1702 529 1733; x_wconf 89' lang='lat' dir='ltr'>et</span> <span class='ocrx_word' id='word_1_146' title='bbox 553 1695 697 1746; x_wconf 82' lang='lat' dir='ltr'>legitur</span> <span class='ocrx_word' id='word_1_147' title='bbox 717 1695 886 1745; x_wconf 85' lang='lat' dir='ltr'>epistola</span> <span class='ocrx_word' id='word_1_148' title='bbox 909 1695 996 1733; x_wconf 85' lang='lat' dir='ltr'>Pla-</span> 
     </span>
     <span class='ocr_line' id='line_1_27' title="bbox 27 1755 996 1797; baseline -0.002 -1"><span class='ocrx_word' id='word_1_149' title='bbox 27 1759 134 1797; x_wconf 88' lang='lat' dir='ltr'>tinae</span> <span class='ocrx_word' id='word_1_150' title='bbox 163 1756 214 1796; x_wconf 88' lang='lat' dir='ltr'>ad</span> <span class='ocrx_word' id='word_1_151' title='bbox 241 1755 405 1796; x_wconf 79' lang='lat' dir='ltr'>Celsum</span> <span class='ocrx_word' id='word_1_152' title='bbox 434 1756 639 1796; x_wconf 86' lang='lat' dir='ltr'>Melinum.</span> <span class='ocrx_word' id='word_1_153' title='bbox 669 1756 785 1795; x_wconf 88' lang='lat' dir='ltr'>Card.</span> <span class='ocrx_word' id='word_1_154' title='bbox 831 1767 880 1794; x_wconf 81' lang='lat' dir='ltr'>ex</span> <span class='ocrx_word' id='word_1_155' title='bbox 919 1756 996 1795; x_wconf 83' lang='lat' dir='ltr'>fra-</span> 
     </span>
     <span class='ocr_line' id='line_1_28' title="bbox 30 1817 993 1870; baseline -0.002 -12"><span class='ocrx_word' id='word_1_156' title='bbox 30 1824 90 1858; x_wconf 87' lang='lat' dir='ltr'>tre</span> <span class='ocrx_word' id='word_1_157' title='bbox 106 1822 318 1870; x_wconf 65' lang='lat' dir='ltr'>nepotem,</span> <span class='ocrx_word' id='word_1_158' title='bbox 336 1830 458 1869; x_wconf 88' lang='lat' dir='ltr'>quam</span> <span class='ocrx_word' id='word_1_159' title='bbox 488 1819 594 1857; x_wconf 85' lang='lat' dir='ltr'>vitae</span> <span class='ocrx_word' id='word_1_160' title='bbox 617 1819 745 1857; x_wconf 86' lang='lat' dir='ltr'>eiusd.</span> <span class='ocrx_word' id='word_1_161' title='bbox 770 1817 993 1858; x_wconf 86' lang='lat' dir='ltr'>Cardinalis</span> 
     </span>
     <span class='ocr_line' id='line_1_29' title="bbox 31 1880 990 1931; baseline -0.001 -12"><span class='ocrx_word' id='word_1_162' title='bbox 31 1880 228 1931; x_wconf 82' lang='lat' dir='ltr'>praefixit.</span> <span class='ocrx_word' id='word_1_163' title='bbox 277 1880 490 1918; x_wconf 83' lang='lat' dir='ltr'>Historiam</span> <span class='ocrx_word' id='word_1_164' title='bbox 538 1881 792 1919; x_wconf 85' lang='lat' dir='ltr'>Mantuanam</span> <span class='ocrx_word' id='word_1_165' title='bbox 846 1881 990 1918; x_wconf 89' lang='lat' dir='ltr'>iterum</span> 
     </span>
     <span class='ocr_line' id='line_1_30' title="bbox 32 1941 992 1993; baseline 0 -13"><span class='ocrx_word' id='word_1_166' title='bbox 32 1941 221 1993; x_wconf 82' lang='lat' dir='ltr'>produxit</span> <span class='ocrx_word' id='word_1_167' title='bbox 248 1942 489 1981; x_wconf 87' lang='lat' dir='ltr'>Muratorius</span> <span class='ocrx_word' id='word_1_168' title='bbox 535 1943 622 1980; x_wconf 83' lang='lat' dir='ltr'>Rer.</span> <span class='ocrx_word' id='word_1_169' title='bbox 668 1941 755 1980; x_wconf 87' lang='lat' dir='ltr'>ltal.</span> <span class='ocrx_word' id='word_1_170' title='bbox 787 1946 814 1980; x_wconf 87' lang='lat' dir='ltr'>t.</span> <span class='ocrx_word' id='word_1_171' title='bbox 847 1943 924 1980; x_wconf 91' lang='lat' dir='ltr'>XX</span> <span class='ocrx_word' id='word_1_172' title='bbox 955 1953 992 1992; x_wconf 91' lang='lat' dir='ltr'>p.</span> 
     </span>
     <span class='ocr_line' id='line_1_31' title="bbox 33 2002 992 2054; baseline 0 -12"><span class='ocrx_word' id='word_1_173' title='bbox 33 2004 123 2042; x_wconf 84' lang='lat'>609.</span> <span class='ocrx_word' id='word_1_174' title='bbox 153 2007 230 2042; x_wconf 88' lang='lat' dir='ltr'>etc.</span> <span class='ocrx_word' id='word_1_175' title='bbox 249 2002 336 2042; x_wconf 89' lang='lat' dir='ltr'>Alia</span> <span class='ocrx_word' id='word_1_176' title='bbox 366 2003 563 2054; x_wconf 82' lang='lat' dir='ltr'>quaedam</span> <span class='ocrx_word' id='word_1_177' title='bbox 594 2004 770 2042; x_wconf 83' lang='lat' dir='ltr'>Platinae</span> <span class='ocrx_word' id='word_1_178' title='bbox 800 2004 992 2053; x_wconf 84' lang='lat' dir='ltr'>opuscula</span> 
     </span>
     <span class='ocr_line' id='line_1_32' title="bbox 35 2065 992 2116; baseline 0 -13"><span class='ocrx_word' id='word_1_179' title='bbox 35 2065 184 2104; x_wconf 88' lang='lat' dir='ltr'>indicat</span> <span class='ocrx_word' id='word_1_180' title='bbox 212 2065 315 2103; x_wconf 86' lang='lat' dir='ltr'>Zeno</span> <span class='ocrx_word' id='word_1_181' title='bbox 344 2066 383 2102; x_wconf 93' lang='lat' dir='ltr'>in</span> <span class='ocrx_word' id='word_1_182' title='bbox 414 2065 583 2104; x_wconf 86' lang='lat' dir='ltr'>Dissert.</span> <span class='ocrx_word' id='word_1_183' title='bbox 626 2066 807 2104; x_wconf 88' lang='lat' dir='ltr'>Vossian.</span> <span class='ocrx_word' id='word_1_184' title='bbox 844 2071 872 2104; x_wconf 87' lang='lat' dir='ltr'>t.</span> <span class='ocrx_word' id='word_1_185' title='bbox 905 2066 919 2104; x_wconf 91' lang='grc'><strong>1</strong></span> <span class='ocrx_word' id='word_1_186' title='bbox 955 2077 992 2116; x_wconf 89' lang='lat' dir='ltr'>p.</span> 
     </span>
     <span class='ocr_line' id='line_1_33' title="bbox 34 2125 995 2178; baseline -0.003 -11"><span class='ocrx_word' id='word_1_187' title='bbox 34 2128 126 2168; x_wconf 82' lang='lat'>255.</span> <span class='ocrx_word' id='word_1_188' title='bbox 154 2138 281 2178; x_wconf 86' lang='lat' dir='ltr'>eaque</span> <span class='ocrx_word' id='word_1_189' title='bbox 307 2127 504 2166; x_wconf 85' lang='lat' dir='ltr'>contineri</span> <span class='ocrx_word' id='word_1_190' title='bbox 533 2127 588 2166; x_wconf 88' lang='lat' dir='ltr'>ait</span> <span class='ocrx_word' id='word_1_191' title='bbox 618 2127 656 2165; x_wconf 92' lang='lat' dir='ltr'>in</span> <span class='ocrx_word' id='word_1_192' title='bbox 687 2125 783 2165; x_wconf 91' lang='lat' dir='ltr'>Cod.</span> <span class='ocrx_word' id='word_1_193' title='bbox 806 2127 883 2166; x_wconf 86' lang='lat' dir='ltr'>MS.</span> <span class='ocrx_word' id='word_1_194' title='bbox 914 2126 995 2165; x_wconf 85' lang='lat' dir='ltr'>An—</span> 
     </span>
     <span class='ocr_line' id='line_1_34' title="bbox 34 2187 994 2238; baseline -0.003 -10"><span class='ocrx_word' id='word_1_195' title='bbox 34 2190 130 2228; x_wconf 89' lang='lat' dir='ltr'>tonii</span> <span class='ocrx_word' id='word_1_196' title='bbox 175 2189 337 2228; x_wconf 85' lang='lat' dir='ltr'>Vaccari</span> <span class='ocrx_word' id='word_1_197' title='bbox 379 2187 490 2238; x_wconf 85' lang='lat' dir='ltr'>Gioja</span> <span class='ocrx_word' id='word_1_198' title='bbox 533 2189 671 2227; x_wconf 83' lang='lat' dir='ltr'>Medici</span> <span class='ocrx_word' id='word_1_199' title='bbox 716 2189 994 2227; x_wconf 81' lang='lat' dir='ltr'>Ferrariensis.</span> 
     </span>
     <span class='ocr_line' id='line_1_35' title="bbox 34 2248 996 2300; baseline -0.002 -10"><span class='ocrx_word' id='word_1_200' title='bbox 34 2251 137 2290; x_wconf 88' lang='lat' dir='ltr'>Sunt</span> <span class='ocrx_word' id='word_1_201' title='bbox 164 2255 300 2289; x_wconf 87' lang='lat' dir='ltr'>autem</span> <span class='ocrx_word' id='word_1_202' title='bbox 347 2249 554 2288; x_wconf 79' lang='lat' dir='ltr'>Orationes</span> <span class='ocrx_word' id='word_1_203' title='bbox 583 2249 632 2288; x_wconf 90' lang='lat' dir='ltr'>de</span> <span class='ocrx_word' id='word_1_204' title='bbox 661 2250 846 2289; x_wconf 84' lang='lat' dir='ltr'>laudibus</span> <span class='ocrx_word' id='word_1_205' title='bbox 879 2248 996 2300; x_wconf 84' lang='lat' dir='ltr'>pacis</span> 
     </span>
     <span class='ocr_line' id='line_1_36' title="bbox 35 2309 540 2351; baseline -0.008 0"><span class='ocrx_word' id='word_1_206' title='bbox 35 2315 70 2351; x_wconf 90' lang='lat' dir='ltr'>et</span> <span class='ocrx_word' id='word_1_207' title='bbox 90 2311 138 2351; x_wconf 89' lang='lat' dir='ltr'>de</span> <span class='ocrx_word' id='word_1_208' title='bbox 167 2310 353 2350; x_wconf 80' lang='lat' dir='ltr'>laudibus</span> <span class='ocrx_word' id='word_1_209' title='bbox 383 2309 486 2349; x_wconf 88' lang='lat' dir='ltr'>belli.</span> <span class='ocrx_word' id='word_1_210' title='bbox 519 2310 540 2332; x_wconf 40' lang='grc' dir='ltr'><strong><em>ἦ</em></strong></span> 
     </span>
    </p>

    <p class='ocr_par' dir='ltr' id='par_1_6' title="bbox 18 2371 998 2671">
     <span class='ocr_line' id='line_1_37' title="bbox 86 2371 996 2424; baseline -0.002 -12"><span class='ocrx_word' id='word_1_211' title='bbox 86 2373 370 2412; x_wconf 82' lang='lat' dir='ltr'><strong>PLEGUINUS</strong></span> <span class='ocrx_word' id='word_1_212' title='bbox 393 2375 431 2410; x_wconf 91' lang='lat' dir='ltr'>et</span> <span class='ocrx_word' id='word_1_213' title='bbox 445 2371 675 2423; x_wconf 73' lang='lat' dir='ltr'>linquarum</span> <span class='ocrx_word' id='word_1_214' title='bbox 695 2372 910 2423; x_wconf 75' lang='lat' dir='ltr'>coqnitioni</span> <span class='ocrx_word' id='word_1_215' title='bbox 927 2385 996 2424; x_wconf 85' lang='lat' dir='ltr'>po-</span> 
     </span>
     <span class='ocr_line' id='line_1_38' title="bbox 18 2431 995 2484; baseline 0 -11"><span class='ocrx_word' id='word_1_216' title='bbox 18 2433 224 2479; x_wconf 76' lang='lat' dir='ltr'>titurum,</span> <span class='ocrx_word' id='word_1_217' title='bbox 247 2436 287 2471; x_wconf 87' lang='lat' dir='ltr'>et</span> <span class='ocrx_word' id='word_1_218' title='bbox 322 2431 536 2471; x_wconf 76' lang='lat' dir='ltr'>reconditis</span> <span class='ocrx_word' id='word_1_219' title='bbox 582 2436 758 2472; x_wconf 86' lang='lat' dir='ltr'>naturae</span> <span class='ocrx_word' id='word_1_220' title='bbox 792 2434 995 2484; x_wconf 72' lang='lat' dir='ltr'>mysteriis</span> 
     </span>
     <span class='ocr_line' id='line_1_39' title="bbox 28 2493 998 2548; baseline -0.001 -14"><span class='ocrx_word' id='word_1_221' title='bbox 28 2499 190 2548; x_wconf 80' lang='lat' dir='ltr'>promta</span> <span class='ocrx_word' id='word_1_222' title='bbox 213 2494 334 2533; x_wconf 78' lang='lat' dir='ltr'>iuaeta</span> <span class='ocrx_word' id='word_1_223' title='bbox 357 2504 405 2532; x_wconf 91' lang='lat' dir='ltr'>ac</span> <span class='ocrx_word' id='word_1_224' title='bbox 428 2493 613 2544; x_wconf 74' lang='lat' dir='ltr'>expedita</span> <span class='ocrx_word' id='word_1_225' title='bbox 636 2493 889 2545; x_wconf 70' lang='lat' dir='ltr'>adviyilabat</span> <span class='ocrx_word' id='word_1_226' title='bbox 908 2494 998 2533; x_wconf 85' lang='lat' dir='ltr'>dili-</span> 
     </span>
     <span class='ocr_line' id='line_1_40' title="bbox 31 2553 996 2608; baseline -0.002 -12"><span class='ocrx_word' id='word_1_227' title='bbox 31 2557 184 2608; x_wconf 78' lang='lat' dir='ltr'>9entia:</span> <span class='ocrx_word' id='word_1_228' title='bbox 215 2555 388 2596; x_wconf 87' lang='lat' dir='ltr'>Proinde</span> <span class='ocrx_word' id='word_1_229' title='bbox 420 2555 458 2594; x_wconf 90' lang='lat' dir='ltr'>si</span> <span class='ocrx_word' id='word_1_230' title='bbox 491 2554 588 2607; x_wconf 85' lang='lat' dir='ltr'>quid</span> <span class='ocrx_word' id='word_1_231' title='bbox 615 2553 801 2602; x_wconf 77' lang='lat' dir='ltr'>obscuri,</span> <span class='ocrx_word' id='word_1_232' title='bbox 834 2555 965 2595; x_wconf 73' lang='lat' dir='ltr'>laxati</span> <span class='ocrx_word' id='word_1_233' title='bbox 985 2587 996 2604; x_wconf 90' lang='lat'><em>,</em></span> 
     </span>
     <span class='ocr_line' id='line_1_41' title="bbox 36 2616 996 2671; baseline -0.002 -13"><span class='ocrx_word' id='word_1_234' title='bbox 36 2622 109 2658; x_wconf 88' lang='lat' dir='ltr'>aut</span> <span class='ocrx_word' id='word_1_235' title='bbox 124 2630 278 2671; x_wconf 84' lang='lat' dir='ltr'>parum</span> <span class='ocrx_word' id='word_1_236' title='bbox 312 2616 440 2656; x_wconf 89' lang='lat' dir='ltr'>lucide</span> <span class='ocrx_word' id='word_1_237' title='bbox 465 2616 719 2668; x_wconf 87' lang='lat' dir='ltr'>interpretati</span> <span class='ocrx_word' id='word_1_238' title='bbox 739 2622 996 2665; x_wconf 85' lang='lat' dir='ltr'>occurreret,</span> 
     </span>
    </p>
   </div>
   <div class='ocr_carea' id='block_1_4' title="bbox 37 2678 1001 2731">
    <p class='ocr_par' dir='ltr' id='par_1_7' title="bbox 37 2678 1001 2731">
     <span class='ocr_line' id='line_1_42' title="bbox 37 2678 1001 2731; baseline -0.002 -12"><span class='ocrx_word' id='word_1_239' title='bbox 37 2679 180 2720; x_wconf 80' lang='lat' dir='ltr'>i&#39;udicio</span> <span class='ocrx_word' id='word_1_240' title='bbox 210 2679 462 2720; x_wconf 86' lang='lat' dir='ltr'>eruditorum</span> <span class='ocrx_word' id='word_1_241' title='bbox 485 2683 644 2717; x_wconf 87' lang='lat' dir='ltr'>maturo</span> <span class='ocrx_word' id='word_1_242' title='bbox 672 2678 892 2730; x_wconf 81' lang='lat' dir='ltr'>prudenter</span> <span class='ocrx_word' id='word_1_243' title='bbox 914 2680 1001 2731; x_wconf 84' lang='lat' dir='ltr'>qui-</span> 
     </span>
    </p>
   </div>
   <div class='ocr_carea' id='block_1_5' title="bbox 0 2740 1000 3346">
    <p class='ocr_par' dir='ltr' id='par_1_8' title="bbox 0 2740 1000 3346">
     <span class='ocr_line' id='line_1_43' title="bbox 37 2740 999 2792; baseline 0 -11"><span class='ocrx_word' id='word_1_244' title='bbox 37 2741 124 2781; x_wconf 86' lang='lat' dir='ltr'>dem</span> <span class='ocrx_word' id='word_1_245' title='bbox 147 2752 247 2782; x_wconf 87' lang='lat' dir='ltr'>usus</span> <span class='ocrx_word' id='word_1_246' title='bbox 270 2744 341 2781; x_wconf 87' lang='lat' dir='ltr'>est.</span> <span class='ocrx_word' id='word_1_247' title='bbox 362 2741 415 2779; x_wconf 84' lang='lat' dir='ltr'>Et</span> <span class='ocrx_word' id='word_1_248' title='bbox 436 2740 622 2792; x_wconf 87' lang='lat' dir='ltr'>quoniam</span> <span class='ocrx_word' id='word_1_249' title='bbox 642 2740 792 2779; x_wconf 74' lang='lat' dir='ltr'>BEDAE</span> <span class='ocrx_word' id='word_1_250' title='bbox 818 2741 999 2792; x_wconf 84' lang='lat' dir='ltr'>inprimis</span> 
     </span>
     <span class='ocr_line' id='line_1_44' title="bbox 37 2801 998 2854; baseline 0 -12"><span class='ocrx_word' id='word_1_251' title='bbox 37 2813 247 2843; x_wconf 86' lang='lat' dir='ltr'>censuram</span> <span class='ocrx_word' id='word_1_252' title='bbox 266 2802 403 2854; x_wconf 72' lang='lat' dir='ltr'>mayni</span> <span class='ocrx_word' id='word_1_253' title='bbox 419 2801 618 2854; x_wconf 83' lang='lat' dir='ltr'>faciebat,</span> <span class='ocrx_word' id='word_1_254' title='bbox 642 2801 751 2853; x_wconf 85' lang='lat' dir='ltr'>apud</span> <span class='ocrx_word' id='word_1_255' title='bbox 771 2814 859 2840; x_wconf 88' lang='lat' dir='ltr'>eum</span> <span class='ocrx_word' id='word_1_256' title='bbox 883 2808 972 2842; x_wconf 86' lang='lat' dir='ltr'>orta</span> <span class='ocrx_word' id='word_1_257' title='bbox 990 2834 998 2852; x_wconf 93' lang='lat'>‚</span> 
     </span>
     <span class='ocr_line' id='line_1_45' title="bbox 38 2863 998 2916; baseline 0 -13"><span class='ocrx_word' id='word_1_258' title='bbox 38 2863 87 2904; x_wconf 88' lang='lat' dir='ltr'>de</span> <span class='ocrx_word' id='word_1_259' title='bbox 115 2876 187 2904; x_wconf 84' lang='lat' dir='ltr'>sex</span> <span class='ocrx_word' id='word_1_260' title='bbox 219 2865 420 2905; x_wconf 87' lang='lat' dir='ltr'>aetatibus</span> <span class='ocrx_word' id='word_1_261' title='bbox 450 2863 583 2903; x_wconf 87' lang='lat' dir='ltr'>Mundi</span> <span class='ocrx_word' id='word_1_262' title='bbox 627 2864 882 2915; x_wconf 85' lang='lat' dir='ltr'>quaestione,</span> <span class='ocrx_word' id='word_1_263' title='bbox 926 2877 998 2916; x_wconf 81' lang='lat' dir='ltr'>per</span> 
     </span>
     <span class='ocr_line' id='line_1_46' title="bbox 43 2925 998 2978; baseline 0.001 -14"><span class='ocrx_word' id='word_1_264' title='bbox 43 2925 199 2966; x_wconf 83' lang='lat' dir='ltr'>litteras</span> <span class='ocrx_word' id='word_1_265' title='bbox 227 2930 418 2966; x_wconf 87' lang='lat' dir='ltr'>accurate</span> <span class='ocrx_word' id='word_1_266' title='bbox 452 2929 549 2978; x_wconf 62' lang='lat' dir='ltr'>eyit,</span> <span class='ocrx_word' id='word_1_267' title='bbox 588 2929 635 2964; x_wconf 87' lang='lat' dir='ltr'>ut</span> <span class='ocrx_word' id='word_1_268' title='bbox 665 2925 898 2965; x_wconf 82' lang='lat' dir='ltr'>accuratius</span> <span class='ocrx_word' id='word_1_269' title='bbox 936 2939 998 2965; x_wconf 80' lang='lat' dir='ltr'>re-</span> 
     </span>
     <span class='ocr_line' id='line_1_47' title="bbox 38 2986 998 3040; baseline 0.001 -15"><span class='ocrx_word' id='word_1_270' title='bbox 38 2987 250 3040; x_wconf 79' lang='lat' dir='ltr'>sponderet</span> <span class='ocrx_word' id='word_1_271' title='bbox 271 2989 312 3026; x_wconf 88' lang='lat' dir='ltr'>in</span> <span class='ocrx_word' id='word_1_272' title='bbox 330 2998 457 3027; x_wconf 89' lang='lat' dir='ltr'>causa</span> <span class='ocrx_word' id='word_1_273' title='bbox 481 2986 671 3026; x_wconf 83' lang='lat' dir='ltr'>haerenti.</span> <span class='ocrx_word' id='word_1_274' title='bbox 707 2986 814 3024; x_wconf 88' lang='lat' dir='ltr'>Beda</span> <span class='ocrx_word' id='word_1_275' title='bbox 839 2999 914 3038; x_wconf 84' lang='lat' dir='ltr'>pro</span> <span class='ocrx_word' id='word_1_276' title='bbox 939 2999 998 3026; x_wconf 88' lang='lat' dir='ltr'>so-</span> 
     </span>
     <span class='ocr_line' id='line_1_48' title="bbox 39 3046 997 3101; baseline -0.001 -14"><span class='ocrx_word' id='word_1_277' title='bbox 39 3046 110 3088; x_wconf 87' lang='lat' dir='ltr'>lita</span> <span class='ocrx_word' id='word_1_278' title='bbox 123 3061 200 3089; x_wconf 85' lang='lat' dir='ltr'>sua</span> <span class='ocrx_word' id='word_1_279' title='bbox 219 3049 461 3089; x_wconf 82' lang='lat' dir='ltr'>humanitate</span> <span class='ocrx_word' id='word_1_280' title='bbox 479 3078 488 3095; x_wconf 91' lang='lat'>‚</span> <span class='ocrx_word' id='word_1_281' title='bbox 508 3048 679 3088; x_wconf 87' lang='lat' dir='ltr'>candore</span> <span class='ocrx_word' id='word_1_282' title='bbox 699 3059 852 3100; x_wconf 81' lang='lat' dir='ltr'>quoque</span> <span class='ocrx_word' id='word_1_283' title='bbox 873 3053 910 3088; x_wconf 90' lang='lat' dir='ltr'>et</span> <span class='ocrx_word' id='word_1_284' title='bbox 936 3049 997 3101; x_wconf 78' lang='lat' dir='ltr'>fa-</span> 
     </span>
     <span class='ocr_line' id='line_1_49' title="bbox 0 3109 999 3162; baseline -0.004 -11"><span class='ocrx_word' id='word_1_285' title='bbox 0 3114 1 3151; x_wconf 74' lang='lat' dir='ltr'>l</span> <span class='ocrx_word' id='word_1_286' title='bbox 37 3109 207 3158; x_wconf 72' lang='lat' dir='ltr'>vilitate,</span> <span class='ocrx_word' id='word_1_287' title='bbox 249 3110 366 3150; x_wconf 72' lang='lat' dir='ltr'>iuxta</span> <span class='ocrx_word' id='word_1_288' title='bbox 405 3121 489 3149; x_wconf 89' lang='lat' dir='ltr'>rem</span> <span class='ocrx_word' id='word_1_289' title='bbox 531 3121 681 3149; x_wconf 89' lang='lat' dir='ltr'>omnem</span> <span class='ocrx_word' id='word_1_290' title='bbox 715 3121 815 3149; x_wconf 85' lang='lat' dir='ltr'>cura</span> <span class='ocrx_word' id='word_1_291' title='bbox 851 3110 999 3162; x_wconf 79' lang='lat' dir='ltr'>scripto</span> 
     </span>
     <span class='ocr_line' id='line_1_50' title="bbox 0 3160 998 3222; baseline -0.002 -12"><span class='ocrx_word' id='word_1_292' title='bbox 0 3160 2 3178; x_wconf 77' lang='lat'><em>&#39;</em></span> <span class='ocrx_word' id='word_1_293' title='bbox 41 3169 233 3222; x_wconf 62' lang='lat' dir='ltr'>explicuit</span> <span class='ocrx_word' id='word_1_294' title='bbox 260 3170 414 3219; x_wconf 71' lang='lat' dir='ltr'>libello,</span> <span class='ocrx_word' id='word_1_295' title='bbox 446 3171 519 3222; x_wconf 62' lang='lat' dir='ltr'>qua·</span> <span class='ocrx_word' id='word_1_296' title='bbox 544 3174 582 3210; x_wconf 76' lang='lat' dir='ltr'>et</span> <span class='ocrx_word' id='word_1_297' title='bbox 621 3171 750 3210; x_wconf 77' lang='lat' dir='ltr'>adhuc</span> <span class='ocrx_word' id='word_1_298' title='bbox 795 3171 924 3222; x_wconf 72' lang='lat' dir='ltr'>spirat</span> <span class='ocrx_word' id='word_1_299' title='bbox 951 3184 998 3209; x_wconf 75' lang='lat' dir='ltr'>ac</span> 
     </span>
     <span class='ocr_line' id='line_1_51' title="bbox 40 3231 1000 3285; baseline 0.001 -15"><span class='ocrx_word' id='word_1_300' title='bbox 40 3231 143 3272; x_wconf 82' lang='lat' dir='ltr'>inter</span> <span class='ocrx_word' id='word_1_301' title='bbox 172 3235 323 3274; x_wconf 86' lang='lat' dir='ltr'>BEDAE</span> <span class='ocrx_word' id='word_1_302' title='bbox 354 3232 554 3285; x_wconf 85' lang='lat' dir='ltr'>Epistolas</span> <span class='ocrx_word' id='word_1_303' title='bbox 580 3231 705 3271; x_wconf 87' lang='lat' dir='ltr'>locum</span> <span class='ocrx_word' id='word_1_304' title='bbox 735 3237 899 3283; x_wconf 82' lang='lat' dir='ltr'>occupat</span> <span class='ocrx_word' id='word_1_305' title='bbox 926 3245 1000 3271; x_wconf 79' lang='lat' dir='ltr'>non</span> 
     </span>
     <span class='ocr_line' id='line_1_52' title="bbox 43 3292 998 3346; baseline 0.001 -14"><span class='ocrx_word' id='word_1_306' title='bbox 43 3292 262 3344; x_wconf 68' lang='lat' dir='ltr'>myterium.</span> <span class='ocrx_word' id='word_1_307' title='bbox 280 3297 383 3336; x_wconf 83' lang='lat' dir='ltr'>Haec</span> <span class='ocrx_word' id='word_1_308' title='bbox 407 3294 603 3334; x_wconf 82' lang='lat' dir='ltr'>Lclandus</span> <span class='ocrx_word' id='word_1_309' title='bbox 627 3306 714 3346; x_wconf 84' lang='lat' dir='ltr'>cap.</span> <span class='ocrx_word' id='word_1_310' title='bbox 743 3296 828 3334; x_wconf 69' lang='grc'><strong>102.</strong></span> <span class='ocrx_word' id='word_1_311' title='bbox 847 3307 892 3332; x_wconf 69' lang='lat' dir='ltr'>vx</span> <span class='ocrx_word' id='word_1_312' title='bbox 922 3307 998 3344; x_wconf 77' lang='lat' dir='ltr'>quo</span> 
     </span>
    </p>
   </div>
   <div class='ocr_carea' id='block_1_6' title="bbox 1950 221 2028 261">
    <p class='ocr_par' dir='ltr' id='par_1_9' title="bbox 1950 221 2028 261">
     <span class='ocr_line' id='line_1_53' title="bbox 1950 221 2028 261; baseline 0.013 -1"><span class='ocrx_word' id='word_1_313' title='bbox 1950 221 2028 261; x_wconf 78' lang='lat'>289</span> 
     </span>
    </p>
   </div>
   <div class='ocr_carea' id='block_1_7' title="bbox 1064 288 2028 3416">
    <p class='ocr_par' dir='ltr' id='par_1_10' title="bbox 1064 288 2024 464">
     <span class='ocr_line' id='line_1_54' title="bbox 1064 288 2023 339; baseline 0.003 -12"><span class='ocrx_word' id='word_1_314' title='bbox 1064 288 1210 327; x_wconf 85' lang='lat' dir='ltr'>Baleus</span> <span class='ocrx_word' id='word_1_315' title='bbox 1241 290 1286 327; x_wconf 86' lang='lat'>11.</span> <span class='ocrx_word' id='word_1_316' title='bbox 1317 292 1354 326; x_wconf 81' lang='grc'><strong>9.</strong></span> <span class='ocrx_word' id='word_1_317' title='bbox 1383 290 1448 339; x_wconf 86' lang='lat' dir='ltr'>qui</span> <span class='ocrx_word' id='word_1_318' title='bbox 1491 289 1724 338; x_wconf 79' lang='lat' dir='ltr'>Pleguinum</span> <span class='ocrx_word' id='word_1_319' title='bbox 1770 289 2023 331; x_wconf 82' lang='lat' dir='ltr'>Nortabrium</span> 
     </span>
     <span class='ocr_line' id='line_1_55' title="bbox 1065 350 2024 403; baseline 0.005 -15"><span class='ocrx_word' id='word_1_320' title='bbox 1065 350 1152 388; x_wconf 86' lang='lat' dir='ltr'>sive</span> <span class='ocrx_word' id='word_1_321' title='bbox 1182 350 1568 390; x_wconf 76' lang='lat' dir='ltr'>Nerthumbrensem</span> <span class='ocrx_word' id='word_1_322' title='bbox 1601 355 1716 390; x_wconf 85' lang='lat' dir='ltr'>vocat</span> <span class='ocrx_word' id='word_1_323' title='bbox 1746 352 1947 403; x_wconf 77' lang='lat' dir='ltr'>refertque</span> <span class='ocrx_word' id='word_1_324' title='bbox 1976 353 2024 393; x_wconf 90' lang='lat' dir='ltr'>ad</span> 
     </span>
     <span class='ocr_line' id='line_1_56' title="bbox 1066 412 1935 464; baseline 0.006 -15"><span class='ocrx_word' id='word_1_325' title='bbox 1066 412 1112 450; x_wconf 79' lang='grc' dir='ltr'><strong>Α.</strong></span> <span class='ocrx_word' id='word_1_326' title='bbox 1141 412 1182 450; x_wconf 89' lang='lat' dir='ltr'>C.</span> <span class='ocrx_word' id='word_1_327' title='bbox 1208 412 1300 450; x_wconf 69' lang='lat'>704.</span> <span class='ocrx_word' id='word_1_328' title='bbox 1326 414 1428 451; x_wconf 89' lang='lat' dir='ltr'>sicut</span> <span class='ocrx_word' id='word_1_329' title='bbox 1460 414 1579 452; x_wconf 87' lang='lat' dir='ltr'>etiam</span> <span class='ocrx_word' id='word_1_330' title='bbox 1605 414 1761 452; x_wconf 83' lang='lat' dir='ltr'>Pitseus</span> <span class='ocrx_word' id='word_1_331' title='bbox 1786 425 1822 464; x_wconf 90' lang='lat' dir='ltr'>p.</span> <span class='ocrx_word' id='word_1_332' title='bbox 1846 415 1935 454; x_wconf 72' lang='grc'><strong>113.</strong></span> 
     </span>
    </p>

    <p class='ocr_par' dir='ltr' id='par_1_11' title="bbox 1064 473 2026 697">
     <span class='ocr_line' id='line_1_57' title="bbox 1119 473 2026 525; baseline 0.003 -13"><span class='ocrx_word' id='word_1_333' title='bbox 1119 473 1312 513; x_wconf 79' lang='lat' dir='ltr'>PLINIUS</span> <span class='ocrx_word' id='word_1_334' title='bbox 1333 473 1566 513; x_wconf 83' lang='lat' dir='ltr'>Valerianus</span> <span class='ocrx_word' id='word_1_335' title='bbox 1589 473 1764 513; x_wconf 82' lang='lat' dir='ltr'>Medicus</span> <span class='ocrx_word' id='word_1_336' title='bbox 1785 475 2026 525; x_wconf 81' lang='lat' dir='ltr'>Empiricus‚</span> 
     </span>
     <span class='ocr_line' id='line_1_58' title="bbox 1064 534 2024 587; baseline 0.004 -15"><span class='ocrx_word' id='word_1_337' title='bbox 1064 534 1113 572; x_wconf 89' lang='lat' dir='ltr'>de</span> <span class='ocrx_word' id='word_1_338' title='bbox 1137 545 1216 584; x_wconf 87' lang='lat' dir='ltr'>quo</span> <span class='ocrx_word' id='word_1_339' title='bbox 1236 535 1316 573; x_wconf 87' lang='lat' dir='ltr'>dixi</span> <span class='ocrx_word' id='word_1_340' title='bbox 1339 547 1376 573; x_wconf 86' lang='lat' dir='ltr'>in</span> <span class='ocrx_word' id='word_1_341' title='bbox 1400 536 1588 575; x_wconf 78' lang='lat' dir='ltr'>Centurio</span> <span class='ocrx_word' id='word_1_342' title='bbox 1613 537 1888 587; x_wconf 83' lang='lat' dir='ltr'>plagiariorum</span> <span class='ocrx_word' id='word_1_343' title='bbox 1909 536 2024 576; x_wconf 86' lang='lat' dir='ltr'>Anno</span> 
     </span>
     <span class='ocr_line' id='line_1_59' title="bbox 1067 596 2025 649; baseline 0.002 -14"><span class='ocrx_word' id='word_1_344' title='bbox 1067 596 1184 635; x_wconf 87' lang='grc'>1689.</span> <span class='ocrx_word' id='word_1_345' title='bbox 1226 598 1378 647; x_wconf 85' lang='lat' dir='ltr'>Lipsiae</span> <span class='ocrx_word' id='word_1_346' title='bbox 1416 598 1578 649; x_wconf 75' lang='lat' dir='ltr'>vulgata</span> <span class='ocrx_word' id='word_1_347' title='bbox 1617 608 1701 648; x_wconf 89' lang='lat' dir='ltr'>cap.</span> <span class='ocrx_word' id='word_1_348' title='bbox 1724 599 1773 637; x_wconf 88' lang='lat'>76</span> <span class='ocrx_word' id='word_1_349' title='bbox 1799 602 1840 636; x_wconf 89' lang='lat' dir='ltr'>et</span> <span class='ocrx_word' id='word_1_350' title='bbox 1866 600 1903 636; x_wconf 91' lang='lat' dir='ltr'>in</span> <span class='ocrx_word' id='word_1_351' title='bbox 1929 599 2025 638; x_wconf 90' lang='lat' dir='ltr'>Bibl.</span> 
     </span>
     <span class='ocr_line' id='line_1_60' title="bbox 1069 658 1362 697; baseline 0.007 -3"><span class='ocrx_word' id='word_1_352' title='bbox 1069 658 1204 696; x_wconf 88' lang='lat' dir='ltr'>Latina</span> <span class='ocrx_word' id='word_1_353' title='bbox 1227 659 1260 696; x_wconf 84' lang='grc' dir='ltr'>ΙΙ</span> <span class='ocrx_word' id='word_1_354' title='bbox 1302 659 1362 697; x_wconf 89' lang='grc'>13.</span> 
     </span>
    </p>

    <p class='ocr_par' dir='ltr' id='par_1_12' title="bbox 1067 717 2027 1504">
     <span class='ocr_line' id='line_1_61' title="bbox 1120 717 2027 760; baseline 0.003 -4"><span class='ocrx_word' id='word_1_355' title='bbox 1120 717 1312 757; x_wconf 82' lang='lat' dir='ltr'>Nicotaus</span> <span class='ocrx_word' id='word_1_356' title='bbox 1341 719 1556 759; x_wconf 88' lang='lat' dir='ltr'>PLOVlUS</span> <span class='ocrx_word' id='word_1_357' title='bbox 1601 721 1881 760; x_wconf 81' lang='lat' dir='ltr'>Posnaniensis</span> <span class='ocrx_word' id='word_1_358' title='bbox 1920 722 2027 760; x_wconf 86' lang='lat' dir='ltr'>Polo-</span> 
     </span>
     <span class='ocr_line' id='line_1_62' title="bbox 1068 780 2026 832; baseline 0.004 -15"><span class='ocrx_word' id='word_1_359' title='bbox 1068 790 1170 827; x_wconf 82' lang='lat' dir='ltr'>nuS‚</span> <span class='ocrx_word' id='word_1_360' title='bbox 1201 780 1426 832; x_wconf 76' lang='lat' dir='ltr'>Theologus</span> <span class='ocrx_word' id='word_1_361' title='bbox 1455 787 1495 819; x_wconf 86' lang='lat' dir='ltr'>et</span> <span class='ocrx_word' id='word_1_362' title='bbox 1524 783 1741 821; x_wconf 76' lang='lat' dir='ltr'>Consultus</span> <span class='ocrx_word' id='word_1_363' title='bbox 1771 784 1876 821; x_wconf 74' lang='lat' dir='ltr'>Juris</span> <span class='ocrx_word' id='word_1_364' title='bbox 1902 784 2026 821; x_wconf 83' lang='lat' dir='ltr'>Cano-</span> 
     </span>
     <span class='ocr_line' id='line_1_63' title="bbox 1068 842 2025 893; baseline 0.004 -16"><span class='ocrx_word' id='word_1_365' title='bbox 1068 842 1141 878; x_wconf 83' lang='lat' dir='ltr'>niei</span> <span class='ocrx_word' id='word_1_366' title='bbox 1173 842 1275 880; x_wconf 88' lang='lat' dir='ltr'>circa</span> <span class='ocrx_word' id='word_1_367' title='bbox 1305 842 1378 881; x_wconf 86' lang='lat' dir='ltr'>An.</span> <span class='ocrx_word' id='word_1_368' title='bbox 1411 844 1526 882; x_wconf 76' lang='grc'><strong>1430.</strong></span> <span class='ocrx_word' id='word_1_369' title='bbox 1558 854 1602 882; x_wconf 85' lang='lat' dir='ltr'>ac</span> <span class='ocrx_word' id='word_1_370' title='bbox 1645 843 1832 893; x_wconf 83' lang='lat' dir='ltr'>deinceps</span> <span class='ocrx_word' id='word_1_371' title='bbox 1867 845 2025 887; x_wconf 81' lang='lat' dir='ltr'>clarus,</span> 
     </span>
     <span class='ocr_line' id='line_1_64' title="bbox 1067 903 2025 954; baseline 0.002 -15"><span class='ocrx_word' id='word_1_372' title='bbox 1067 903 1227 952; x_wconf 82' lang='lat' dir='ltr'>scripsit</span> <span class='ocrx_word' id='word_1_373' title='bbox 1257 904 1458 954; x_wconf 87' lang='lat' dir='ltr'>Opuscula</span> <span class='ocrx_word' id='word_1_374' title='bbox 1484 916 1629 943; x_wconf 80' lang='lat' dir='ltr'>excusa</span> <span class='ocrx_word' id='word_1_375' title='bbox 1652 906 1900 954; x_wconf 79' lang='lat' dir='ltr'>Argentorati</span> <span class='ocrx_word' id='word_1_376' title='bbox 1925 906 2025 943; x_wconf 71' lang='grc'><strong>1193</strong></span> 
     </span>
     <span class='ocr_line' id='line_1_65' title="bbox 1070 965 2027 1013; baseline 0.003 -12"><span class='ocrx_word' id='word_1_377' title='bbox 1070 968 1110 1001; x_wconf 83' lang='lat' dir='ltr'>et</span> <span class='ocrx_word' id='word_1_378' title='bbox 1141 966 1179 1002; x_wconf 93' lang='lat' dir='ltr'>in</span> <span class='ocrx_word' id='word_1_379' title='bbox 1210 965 1366 1004; x_wconf 82' lang='lat' dir='ltr'>Oceano</span> <span class='ocrx_word' id='word_1_380' title='bbox 1408 966 1516 1004; x_wconf 81' lang='lat' dir='ltr'>Juris</span> <span class='ocrx_word' id='word_1_381' title='bbox 1545 968 1662 1003; x_wconf 84' lang='lat' dir='ltr'>etiam</span> <span class='ocrx_word' id='word_1_382' title='bbox 1708 967 1850 1013; x_wconf 82' lang='lat' dir='ltr'>obvia⁷</span> <span class='ocrx_word' id='word_1_383' title='bbox 1880 966 1926 1005; x_wconf 83' lang='lat' dir='ltr'>de</span> <span class='ocrx_word' id='word_1_384' title='bbox 1954 968 2027 1006; x_wconf 89' lang='lat' dir='ltr'>Sa-</span> 
     </span>
     <span class='ocr_line' id='line_1_66' title="bbox 1076 1026 2026 1066; baseline 0.003 -3"><span class='ocrx_word' id='word_1_385' title='bbox 1076 1026 1292 1065; x_wconf 85' lang='lat' dir='ltr'>cramentis</span> <span class='ocrx_word' id='word_1_386' title='bbox 1321 1030 1361 1065; x_wconf 87' lang='lat' dir='ltr'>et</span> <span class='ocrx_word' id='word_1_387' title='bbox 1386 1039 1521 1065; x_wconf 88' lang='lat' dir='ltr'>eorum</span> <span class='ocrx_word' id='word_1_388' title='bbox 1559 1026 1904 1066; x_wconf 76' lang='lat' dir='ltr'>administratione</span> <span class='ocrx_word' id='word_1_389' title='bbox 1934 1034 2026 1066; x_wconf 89' lang='lat' dir='ltr'>tom.</span> 
     </span>
     <span class='ocr_line' id='line_1_67' title="bbox 1068 1088 2025 1139; baseline 0.002 -14"><span class='ocrx_word' id='word_1_390' title='bbox 1068 1088 1169 1125; x_wconf 77' lang='lat' dir='ltr'>xiv.</span> <span class='ocrx_word' id='word_1_391' title='bbox 1202 1099 1286 1139; x_wconf 85' lang='lat' dir='ltr'>pag.</span> <span class='ocrx_word' id='word_1_392' title='bbox 1320 1089 1380 1126; x_wconf 90' lang='lat'>77.</span> <span class='ocrx_word' id='word_1_393' title='bbox 1403 1089 1457 1127; x_wconf 89' lang='lat' dir='ltr'>De</span> <span class='ocrx_word' id='word_1_394' title='bbox 1486 1088 1683 1138; x_wconf 82' lang='lat' dir='ltr'>sacrificio</span> <span class='ocrx_word' id='word_1_395' title='bbox 1714 1089 1865 1127; x_wconf 88' lang='lat' dir='ltr'>Missae</span> <span class='ocrx_word' id='word_1_396' title='bbox 1896 1101 1929 1139; x_wconf 87' lang='lat' dir='ltr'>p.</span> <span class='ocrx_word' id='word_1_397' title='bbox 1961 1090 2025 1127; x_wconf 84' lang='grc'>91.</span> 
     </span>
     <span class='ocr_line' id='line_1_68' title="bbox 1068 1148 2026 1200; baseline 0.003 -15"><span class='ocrx_word' id='word_1_398' title='bbox 1068 1148 1122 1185; x_wconf 90' lang='lat' dir='ltr'>De</span> <span class='ocrx_word' id='word_1_399' title='bbox 1172 1148 1381 1187; x_wconf 86' lang='lat' dir='ltr'>Interdicto</span> <span class='ocrx_word' id='word_1_400' title='bbox 1420 1150 1694 1188; x_wconf 84' lang='lat' dir='ltr'>Ecclesiastico</span> <span class='ocrx_word' id='word_1_401' title='bbox 1734 1162 1820 1200; x_wconf 73' lang='lat' dir='ltr'>pag.</span> <span class='ocrx_word' id='word_1_402' title='bbox 1852 1151 1940 1189; x_wconf 87' lang='lat'>333.</span> <span class='ocrx_word' id='word_1_403' title='bbox 1972 1151 2026 1188; x_wconf 85' lang='lat' dir='ltr'>De</span> 
     </span>
     <span class='ocr_line' id='line_1_69' title="bbox 1068 1210 2025 1261; baseline 0.003 -15"><span class='ocrx_word' id='word_1_404' title='bbox 1068 1210 1474 1249; x_wconf 72' lang='lat' dir='ltr'>excommunicatione</span> <span class='ocrx_word' id='word_1_405' title='bbox 1505 1222 1590 1261; x_wconf 82' lang='lat' dir='ltr'>pag.</span> <span class='ocrx_word' id='word_1_406' title='bbox 1623 1212 1712 1250; x_wconf 78' lang='lat'>365.</span> <span class='ocrx_word' id='word_1_407' title='bbox 1741 1212 1789 1249; x_wconf 77' lang='lat' dir='ltr'>(Ie</span> <span class='ocrx_word' id='word_1_408' title='bbox 1829 1211 2025 1261; x_wconf 68' lang='lat' dir='ltr'>irreynta-</span> 
     </span>
     <span class='ocr_line' id='line_1_70' title="bbox 1068 1269 2023 1320; baseline 0.004 -14"><span class='ocrx_word' id='word_1_409' title='bbox 1068 1269 1188 1308; x_wconf 89' lang='lat' dir='ltr'>ritate</span> <span class='ocrx_word' id='word_1_410' title='bbox 1209 1283 1244 1320; x_wconf 89' lang='lat' dir='ltr'>p.</span> <span class='ocrx_word' id='word_1_411' title='bbox 1273 1272 1360 1309; x_wconf 73' lang='lat'>400.</span> <span class='ocrx_word' id='word_1_412' title='bbox 1387 1276 1427 1309; x_wconf 82' lang='lat' dir='ltr'>et</span> <span class='ocrx_word' id='word_1_413' title='bbox 1450 1271 1496 1310; x_wconf 91' lang='lat' dir='ltr'>de</span> <span class='ocrx_word' id='word_1_414' title='bbox 1521 1271 1629 1310; x_wconf 79' lang='lat' dir='ltr'>boris</span> <span class='ocrx_word' id='word_1_415' title='bbox 1655 1273 1864 1312; x_wconf 83' lang='lat' dir='ltr'>Canonicis</span> <span class='ocrx_word' id='word_1_416' title='bbox 1890 1279 1916 1310; x_wconf 92' lang='lat' dir='ltr'>t.</span> <span class='ocrx_word' id='word_1_417' title='bbox 1943 1275 2023 1311; x_wconf 80' lang='lat' dir='ltr'>XV.</span> 
     </span>
     <span class='ocr_line' id='line_1_71' title="bbox 1069 1333 2026 1382; baseline 0.004 -14"><span class='ocrx_word' id='word_1_418' title='bbox 1069 1335 1181 1381; x_wconf 84' lang='lat' dir='ltr'>parte</span> <span class='ocrx_word' id='word_1_419' title='bbox 1211 1333 1250 1369; x_wconf 74' lang='lat'>2.</span> <span class='ocrx_word' id='word_1_420' title='bbox 1281 1343 1367 1382; x_wconf 80' lang='lat' dir='ltr'>pag.</span> <span class='ocrx_word' id='word_1_421' title='bbox 1394 1333 1482 1371; x_wconf 54' lang='lat'>5614.</span> <span class='ocrx_word' id='word_1_422' title='bbox 1508 1334 1715 1372; x_wconf 83' lang='lat' dir='ltr'>Sermones</span> <span class='ocrx_word' id='word_1_423' title='bbox 1739 1336 1831 1371; x_wconf 80' lang='lat' dir='ltr'>item</span> <span class='ocrx_word' id='word_1_424' title='bbox 1858 1335 1905 1371; x_wconf 90' lang='lat' dir='ltr'>de</span> <span class='ocrx_word' id='word_1_425' title='bbox 1927 1340 2026 1372; x_wconf 81' lang='lat' dir='ltr'>tem-</span> 
     </span>
     <span class='ocr_line' id='line_1_72' title="bbox 1067 1392 2024 1444; baseline 0.005 -16"><span class='ocrx_word' id='word_1_426' title='bbox 1067 1402 1161 1440; x_wconf 91' lang='lat' dir='ltr'>pore</span> <span class='ocrx_word' id='word_1_427' title='bbox 1190 1397 1231 1429; x_wconf 88' lang='lat' dir='ltr'>et</span> <span class='ocrx_word' id='word_1_428' title='bbox 1260 1392 1310 1430; x_wconf 89' lang='lat' dir='ltr'>de</span> <span class='ocrx_word' id='word_1_429' title='bbox 1339 1393 1508 1431; x_wconf 84' lang='lat' dir='ltr'>Sanctis.</span> <span class='ocrx_word' id='word_1_430' title='bbox 1534 1394 1781 1444; x_wconf 77' lang='lat' dir='ltr'>Argentorat.</span> <span class='ocrx_word' id='word_1_431' title='bbox 1806 1396 1908 1434; x_wconf 73' lang='lat'>4495</span> <span class='ocrx_word' id='word_1_432' title='bbox 1929 1395 2024 1433; x_wconf 83' lang='lat' dir='ltr'>Vide</span> 
     </span>
     <span class='ocr_line' id='line_1_73' title="bbox 1068 1452 1729 1504; baseline 0.002 -13"><span class='ocrx_word' id='word_1_433' title='bbox 1068 1452 1274 1491; x_wconf 89' lang='lat' dir='ltr'>Oudinum</span> <span class='ocrx_word' id='word_1_434' title='bbox 1304 1458 1333 1490; x_wconf 88' lang='lat' dir='ltr'>t.</span> <span class='ocrx_word' id='word_1_435' title='bbox 1364 1455 1399 1492; x_wconf 89' lang='lat'>3.</span> <span class='ocrx_word' id='word_1_436' title='bbox 1433 1465 1470 1503; x_wconf 90' lang='lat' dir='ltr'>p.</span> <span class='ocrx_word' id='word_1_437' title='bbox 1500 1455 1616 1492; x_wconf 76' lang='lat'>2368.</span> <span class='ocrx_word' id='word_1_438' title='bbox 1646 1465 1729 1504; x_wconf 80' lang='lat' dir='ltr'>seq.</span> 
     </span>
    </p>

    <p class='ocr_par' dir='ltr' id='par_1_13' title="bbox 1068 1513 2027 1812">
     <span class='ocr_line' id='line_1_74' title="bbox 1123 1513 2025 1555; baseline 0.003 -4"><span class='ocrx_word' id='word_1_439' title='bbox 1123 1513 1489 1554; x_wconf 80' lang='lat' dir='ltr'>PODALlRENSIS</span> <span class='ocrx_word' id='word_1_440' title='bbox 1529 1516 1614 1552; x_wconf 82' lang='lat' dir='ltr'>sive</span> <span class='ocrx_word' id='word_1_441' title='bbox 1658 1515 2025 1555; x_wconf 73' lang='lat' dir='ltr'>PADOLIRONEN-</span> 
     </span>
     <span class='ocr_line' id='line_1_75' title="bbox 1070 1574 2027 1625; baseline 0.002 -13"><span class='ocrx_word' id='word_1_442' title='bbox 1070 1574 1146 1613; x_wconf 90' lang='lat' dir='ltr'>SIS</span> <span class='ocrx_word' id='word_1_443' title='bbox 1175 1586 1295 1625; x_wconf 84' lang='lat' dir='ltr'>prope</span> <span class='ocrx_word' id='word_1_444' title='bbox 1326 1577 1525 1614; x_wconf 85' lang='lat' dir='ltr'>Mantuam</span> <span class='ocrx_word' id='word_1_445' title='bbox 1555 1575 1690 1614; x_wconf 87' lang='lat' dir='ltr'>Ordin.</span> <span class='ocrx_word' id='word_1_446' title='bbox 1721 1576 1922 1615; x_wconf 78' lang='lat' dir='ltr'>Benedict.</span> <span class='ocrx_word' id='word_1_447' title='bbox 1951 1579 2027 1615; x_wconf 83' lang='lat' dir='ltr'>Mo-</span> 
     </span>
     <span class='ocr_line' id='line_1_76' title="bbox 1070 1636 2026 1687; baseline 0.002 -13"><span class='ocrx_word' id='word_1_448' title='bbox 1070 1636 1222 1675; x_wconf 86' lang='lat' dir='ltr'>nachus</span> <span class='ocrx_word' id='word_1_449' title='bbox 1251 1636 1299 1675; x_wconf 91' lang='lat' dir='ltr'>de</span> <span class='ocrx_word' id='word_1_450' title='bbox 1326 1637 1412 1676; x_wconf 76' lang='lat' dir='ltr'>vita</span> <span class='ocrx_word' id='word_1_451' title='bbox 1441 1637 1612 1677; x_wconf 86' lang='lat' dir='ltr'>Simonis</span> <span class='ocrx_word' id='word_1_452' title='bbox 1632 1638 1820 1687; x_wconf 77' lang='lat' dir='ltr'>Armeni,</span> <span class='ocrx_word' id='word_1_453' title='bbox 1851 1640 2026 1678; x_wconf 83' lang='lat' dir='ltr'>Monachi</span> 
     </span>
     <span class='ocr_line' id='line_1_77' title="bbox 1069 1698 2027 1739; baseline 0.001 -3"><span class='ocrx_word' id='word_1_454' title='bbox 1069 1702 1111 1736; x_wconf 88' lang='lat' dir='ltr'>et</span> <span class='ocrx_word' id='word_1_455' title='bbox 1138 1698 1340 1737; x_wconf 86' lang='lat' dir='ltr'>Eremitae</span> <span class='ocrx_word' id='word_1_456' title='bbox 1370 1699 1457 1738; x_wconf 86' lang='lat' dir='ltr'>Sec.</span> <span class='ocrx_word' id='word_1_457' title='bbox 1484 1700 1553 1738; x_wconf 87' lang='lat' dir='ltr'>XI.</span> <span class='ocrx_word' id='word_1_458' title='bbox 1577 1703 1710 1737; x_wconf 77' lang='lat' dir='ltr'>exstat</span> <span class='ocrx_word' id='word_1_459' title='bbox 1732 1701 1769 1737; x_wconf 92' lang='lat' dir='ltr'>in</span> <span class='ocrx_word' id='word_1_460' title='bbox 1794 1700 1906 1739; x_wconf 77' lang='lat' dir='ltr'>Actis</span> <span class='ocrx_word' id='word_1_461' title='bbox 1930 1700 2027 1739; x_wconf 86' lang='lat' dir='ltr'>San-</span> 
     </span>
     <span class='ocr_line' id='line_1_78' title="bbox 1068 1761 1818 1812; baseline 0.003 -15"><span class='ocrx_word' id='word_1_462' title='bbox 1068 1764 1166 1798; x_wconf 90' lang='lat' dir='ltr'>ctor.</span> <span class='ocrx_word' id='word_1_463' title='bbox 1196 1764 1227 1798; x_wconf 85' lang='lat' dir='ltr'>t.</span> <span class='ocrx_word' id='word_1_464' title='bbox 1256 1761 1292 1798; x_wconf 88' lang='grc'>6.</span> <span class='ocrx_word' id='word_1_465' title='bbox 1323 1761 1415 1800; x_wconf 90' lang='lat' dir='ltr'>Julii</span> <span class='ocrx_word' id='word_1_466' title='bbox 1446 1761 1509 1799; x_wconf 73' lang='lat'>26.</span> <span class='ocrx_word' id='word_1_467' title='bbox 1539 1773 1578 1812; x_wconf 87' lang='lat' dir='ltr'>p.</span> <span class='ocrx_word' id='word_1_468' title='bbox 1609 1762 1697 1800; x_wconf 75' lang='lat'>324.</span> <span class='ocrx_word' id='word_1_469' title='bbox 1729 1762 1818 1800; x_wconf 90' lang='lat'>337.</span> 
     </span>
    </p>

    <p class='ocr_par' dir='ltr' id='par_1_14' title="bbox 1070 1821 2028 2488">
     <span class='ocr_line' id='line_1_79' title="bbox 1123 1821 2026 1873; baseline 0.002 -13"><span class='ocrx_word' id='word_1_470' title='bbox 1123 1821 1317 1872; x_wconf 86' lang='lat' dir='ltr'>Geor9ius</span> <span class='ocrx_word' id='word_1_471' title='bbox 1327 1823 1695 1863; x_wconf 83' lang='lat' dir='ltr'>PODIEBRADIUS</span> <span class='ocrx_word' id='word_1_472' title='bbox 1714 1823 2026 1873; x_wconf 58' lang='lat' dir='ltr'>(Poena-acius,</span> 
     </span>
     <span class='ocr_line' id='line_1_80' title="bbox 1070 1882 2026 1934; baseline 0.002 -14"><span class='ocrx_word' id='word_1_473' title='bbox 1070 1882 1371 1934; x_wconf 72' lang='lat' dir='ltr'>Poqiebracius)</span> <span class='ocrx_word' id='word_1_474' title='bbox 1401 1885 1612 1924; x_wconf 86' lang='lat' dir='ltr'>Bohemiae</span> <span class='ocrx_word' id='word_1_475' title='bbox 1642 1887 1757 1924; x_wconf 89' lang='lat' dir='ltr'>Anno</span> <span class='ocrx_word' id='word_1_476' title='bbox 1789 1887 1903 1925; x_wconf 72' lang='lat'>4458.</span> <span class='ocrx_word' id='word_1_477' title='bbox 1933 1887 2026 1923; x_wconf 79' lang='lat' dir='ltr'>Rex.</span> 
     </span>
     <span class='ocr_line' id='line_1_81' title="bbox 1070 1944 2025 1998; baseline 0.001 -15"><span class='ocrx_word' id='word_1_478' title='bbox 1070 1944 1188 1995; x_wconf 88' lang='lat' dir='ltr'>cujus</span> <span class='ocrx_word' id='word_1_479' title='bbox 1217 1946 1438 1996; x_wconf 85' lang='lat' dir='ltr'>Epistolam</span> <span class='ocrx_word' id='word_1_480' title='bbox 1459 1947 1741 1998; x_wconf 81' lang='lat' dir='ltr'>apologeticam</span> <span class='ocrx_word' id='word_1_481' title='bbox 1763 1946 1808 1986; x_wconf 84' lang='lat' dir='ltr'>ad</span> <span class='ocrx_word' id='word_1_482' title='bbox 1835 1958 2025 1996; x_wconf 80' lang='lat' dir='ltr'>generum</span> 
     </span>
     <span class='ocr_line' id='line_1_82' title="bbox 1070 2007 2027 2059; baseline 0.001 -14"><span class='ocrx_word' id='word_1_483' title='bbox 1070 2017 1221 2055; x_wconf 87' lang='lat' dir='ltr'>suum,</span> <span class='ocrx_word' id='word_1_484' title='bbox 1266 2007 1470 2046; x_wconf 85' lang='lat' dir='ltr'>Matthiam</span> <span class='ocrx_word' id='word_1_485' title='bbox 1515 2009 1763 2057; x_wconf 88' lang='lat' dir='ltr'>Corvinum,</span> <span class='ocrx_word' id='word_1_486' title='bbox 1807 2009 2027 2059; x_wconf 77' lang='lat' dir='ltr'>ilungariae</span> 
     </span>
     <span class='ocr_line' id='line_1_83' title="bbox 1070 2068 2028 2122; baseline 0.003 -17"><span class='ocrx_word' id='word_1_487' title='bbox 1070 2069 1217 2119; x_wconf 82' lang='lat' dir='ltr'>Regem</span> <span class='ocrx_word' id='word_1_488' title='bbox 1246 2068 1308 2107; x_wconf 89' lang='lat' dir='ltr'>An</span> <span class='ocrx_word' id='word_1_489' title='bbox 1354 2071 1469 2108; x_wconf 76' lang='grc'><strong>1168.</strong></span> <span class='ocrx_word' id='word_1_490' title='bbox 1500 2070 1634 2110; x_wconf 86' lang='lat' dir='ltr'>datam</span> <span class='ocrx_word' id='word_1_491' title='bbox 1664 2070 1787 2109; x_wconf 84' lang='lat' dir='ltr'>edidit</span> <span class='ocrx_word' id='word_1_492' title='bbox 1810 2070 2028 2122; x_wconf 79' lang='lat' dir='ltr'>Daeherius</span> 
     </span>
     <span class='ocr_line' id='line_1_84' title="bbox 1070 2132 2027 2183; baseline 0.002 -15"><span class='ocrx_word' id='word_1_493' title='bbox 1070 2135 1165 2168; x_wconf 89' lang='lat' dir='ltr'>tom.</span> <span class='ocrx_word' id='word_1_494' title='bbox 1198 2132 1232 2168; x_wconf 73' lang='grc' dir='ltr'>[ι.</span> <span class='ocrx_word' id='word_1_495' title='bbox 1275 2133 1465 2182; x_wconf 83' lang='lat' dir='ltr'>spicilegii</span> <span class='ocrx_word' id='word_1_496' title='bbox 1511 2144 1596 2183; x_wconf 76' lang='lat' dir='ltr'>pag.</span> <span class='ocrx_word' id='word_1_497' title='bbox 1629 2133 1718 2170; x_wconf 77' lang='lat'>403.</span> <span class='ocrx_word' id='word_1_498' title='bbox 1750 2133 1855 2182; x_wconf 84' lang='lat' dir='ltr'>(edit.</span> <span class='ocrx_word' id='word_1_499' title='bbox 1903 2143 2027 2170; x_wconf 86' lang='lat' dir='ltr'>novae</span> 
     </span>
     <span class='ocr_line' id='line_1_85' title="bbox 1070 2193 2026 2243; baseline 0.002 -14"><span class='ocrx_word' id='word_1_500' title='bbox 1070 2197 1165 2230; x_wconf 86' lang='lat' dir='ltr'>tom.</span> <span class='ocrx_word' id='word_1_501' title='bbox 1197 2193 1232 2230; x_wconf 92' lang='lat'>3.</span> <span class='ocrx_word' id='word_1_502' title='bbox 1266 2204 1351 2243; x_wconf 84' lang='lat' dir='ltr'>pag.</span> <span class='ocrx_word' id='word_1_503' title='bbox 1387 2195 1490 2241; x_wconf 89' lang='lat'>830.)</span> <span class='ocrx_word' id='word_1_504' title='bbox 1528 2195 1582 2231; x_wconf 84' lang='lat' dir='ltr'>De</span> <span class='ocrx_word' id='word_1_505' title='bbox 1624 2195 1746 2232; x_wconf 84' lang='lat' dir='ltr'>variis</span> <span class='ocrx_word' id='word_1_506' title='bbox 1793 2194 2026 2232; x_wconf 81' lang='lat' dir='ltr'>Pontificum</span> 
     </span>
     <span class='ocr_line' id='line_1_86' title="bbox 1070 2253 2028 2304; baseline 0.003 -14"><span class='ocrx_word' id='word_1_507' title='bbox 1070 2253 1181 2290; x_wconf 88' lang='lat' dir='ltr'>Rom.</span> <span class='ocrx_word' id='word_1_508' title='bbox 1212 2253 1335 2292; x_wconf 87' lang='lat' dir='ltr'>Actis.</span> <span class='ocrx_word' id='word_1_509' title='bbox 1365 2259 1503 2293; x_wconf 86' lang='lat' dir='ltr'>contra</span> <span class='ocrx_word' id='word_1_510' title='bbox 1535 2254 1641 2292; x_wconf 86' lang='lat' dir='ltr'>hunc</span> <span class='ocrx_word' id='word_1_511' title='bbox 1668 2254 2028 2304; x_wconf 76' lang='lat' dir='ltr'>Regeni.0udinus</span> 
     </span>
     <span class='ocr_line' id='line_1_87' title="bbox 1072 2314 2025 2365; baseline -0.001 -13"><span class='ocrx_word' id='word_1_512' title='bbox 1072 2319 1166 2352; x_wconf 86' lang='lat' dir='ltr'>tom.</span> <span class='ocrx_word' id='word_1_513' title='bbox 1199 2314 1235 2352; x_wconf 93' lang='lat'>3.</span> <span class='ocrx_word' id='word_1_514' title='bbox 1266 2326 1354 2365; x_wconf 81' lang='lat' dir='ltr'>pag.</span> <span class='ocrx_word' id='word_1_515' title='bbox 1379 2316 1499 2355; x_wconf 74' lang='lat'>2576.</span> <span class='ocrx_word' id='word_1_516' title='bbox 1526 2327 1573 2354; x_wconf 80' lang='lat' dir='ltr'>ex</span> <span class='ocrx_word' id='word_1_517' title='bbox 1605 2315 1816 2354; x_wconf 87' lang='lat' dir='ltr'>Codicibus</span> <span class='ocrx_word' id='word_1_518' title='bbox 1845 2315 2025 2352; x_wconf 84' lang='lat' dir='ltr'>Biblioth.</span> 
     </span>
     <span class='ocr_line' id='line_1_88' title="bbox 1071 2375 2025 2427; baseline -0.002 -13"><span class='ocrx_word' id='word_1_519' title='bbox 1071 2376 1258 2414; x_wconf 86' lang='lat' dir='ltr'>Paulinae</span> <span class='ocrx_word' id='word_1_520' title='bbox 1290 2378 1392 2426; x_wconf 85' lang='lat' dir='ltr'>Lips.</span> <span class='ocrx_word' id='word_1_521' title='bbox 1434 2377 1483 2415; x_wconf 90' lang='lat' dir='ltr'>de</span> <span class='ocrx_word' id='word_1_522' title='bbox 1512 2377 1657 2427; x_wconf 84' lang='lat' dir='ltr'>quibus</span> <span class='ocrx_word' id='word_1_523' title='bbox 1684 2376 1818 2414; x_wconf 82' lang='lat' dir='ltr'>Joach.</span> <span class='ocrx_word' id='word_1_524' title='bbox 1850 2375 2025 2413; x_wconf 77' lang='lat' dir='ltr'>Fellerus</span> 
     </span>
     <span class='ocr_line' id='line_1_89' title="bbox 1073 2436 1918 2488; baseline -0.001 -14"><span class='ocrx_word' id='word_1_525' title='bbox 1073 2448 1159 2487; x_wconf 86' lang='lat' dir='ltr'>pag.</span> <span class='ocrx_word' id='word_1_526' title='bbox 1184 2436 1273 2475; x_wconf 87' lang='grc'>191.</span> <span class='ocrx_word' id='word_1_527' title='bbox 1299 2438 1390 2477; x_wconf 76' lang='lat'>205.</span> <span class='ocrx_word' id='word_1_528' title='bbox 1415 2438 1503 2477; x_wconf 85' lang='grc'><strong>316.</strong></span> <span class='ocrx_word' id='word_1_529' title='bbox 1529 2449 1611 2488; x_wconf 83' lang='lat' dir='ltr'>seq.</span> <span class='ocrx_word' id='word_1_530' title='bbox 1637 2438 1726 2477; x_wconf 85' lang='lat'>398.</span> <span class='ocrx_word' id='word_1_531' title='bbox 1748 2437 1834 2476; x_wconf 68' lang='lat'>403.</span> <span class='ocrx_word' id='word_1_532' title='bbox 1859 2448 1918 2486; x_wconf 86' lang='lat' dir='ltr'>sq.</span> 
     </span>
    </p>

    <p class='ocr_par' dir='ltr' id='par_1_15' title="bbox 1071 2496 2026 3347">
     <span class='ocr_line' id='line_1_90' title="bbox 1126 2496 2024 2548; baseline -0.003 -12"><span class='ocrx_word' id='word_1_533' title='bbox 1126 2496 1343 2538; x_wconf 87' lang='lat' dir='ltr'>POGGIUS</span> <span class='ocrx_word' id='word_1_534' title='bbox 1389 2499 1560 2537; x_wconf 84' lang='lat' dir='ltr'>Guccius</span> <span class='ocrx_word' id='word_1_535' title='bbox 1603 2500 1750 2548; x_wconf 67' lang='lat' dir='ltr'>(Guccii</span> <span class='ocrx_word' id='word_1_536' title='bbox 1791 2499 1827 2543; x_wconf 80' lang='lat' dir='ltr'>f.)</span> <span class='ocrx_word' id='word_1_537' title='bbox 1855 2497 2024 2548; x_wconf 68' lang='lat' dir='ltr'>[Ugutio)</span> 
     </span>
     <span class='ocr_line' id='line_1_91' title="bbox 1074 2558 2024 2599; baseline -0.002 -3"><span class='ocrx_word' id='word_1_538' title='bbox 1074 2558 1347 2598; x_wconf 81' lang='lat' dir='ltr'>Bracczolinus</span> <span class='ocrx_word' id='word_1_539' title='bbox 1364 2566 1481 2599; x_wconf 84' lang='lat' dir='ltr'>natus</span> <span class='ocrx_word' id='word_1_540' title='bbox 1498 2562 1570 2599; x_wconf 81' lang='lat' dir='ltr'>An.</span> <span class='ocrx_word' id='word_1_541' title='bbox 1587 2561 1702 2599; x_wconf 92' lang='grc'><strong>1380.</strong></span> <span class='ocrx_word' id='word_1_542' title='bbox 1725 2562 1868 2597; x_wconf 78' lang='lat' dir='ltr'>Terrae</span> <span class='ocrx_word' id='word_1_543' title='bbox 1900 2570 2024 2596; x_wconf 78' lang='lat' dir='ltr'>novae</span> 
     </span>
     <span class='ocr_line' id='line_1_92' title="bbox 1076 2622 2026 2672; baseline -0.001 -14"><span class='ocrx_word' id='word_1_544' title='bbox 1076 2623 1112 2658; x_wconf 92' lang='lat' dir='ltr'>in</span> <span class='ocrx_word' id='word_1_545' title='bbox 1143 2622 1290 2660; x_wconf 88' lang='lat' dir='ltr'>ditione</span> <span class='ocrx_word' id='word_1_546' title='bbox 1306 2622 1542 2669; x_wconf 68' lang='lat' dir='ltr'>Florentino,</span> <span class='ocrx_word' id='word_1_547' title='bbox 1561 2633 1747 2672; x_wconf 77' lang='lat' dir='ltr'>magnum</span> <span class='ocrx_word' id='word_1_548' title='bbox 1768 2632 1908 2658; x_wconf 80' lang='lat' dir='ltr'>nomen</span> <span class='ocrx_word' id='word_1_549' title='bbox 1933 2632 2026 2659; x_wconf 86' lang='lat' dir='ltr'>con-</span> 
     </span>
     <span class='ocr_line' id='line_1_93' title="bbox 1075 2683 2024 2733; baseline -0.001 -13"><span class='ocrx_word' id='word_1_550' title='bbox 1075 2683 1557 2733; x_wconf 74' lang='lat' dir='ltr'>secutuslepidoingenio</span> <span class='ocrx_word' id='word_1_551' title='bbox 1586 2688 1625 2721; x_wconf 84' lang='lat' dir='ltr'>et</span> <span class='ocrx_word' id='word_1_552' title='bbox 1652 2684 1802 2721; x_wconf 80' lang='lat' dir='ltr'>meritis</span> <span class='ocrx_word' id='word_1_553' title='bbox 1834 2693 1908 2719; x_wconf 87' lang='lat' dir='ltr'>non</span> <span class='ocrx_word' id='word_1_554' title='bbox 1941 2683 2024 2719; x_wconf 87' lang='lat' dir='ltr'>inii-</span> 
     </span>
     <span class='ocr_line' id='line_1_94' title="bbox 1073 2744 2021 2795; baseline 0 -15"><span class='ocrx_word' id='word_1_555' title='bbox 1073 2744 1224 2782; x_wconf 80' lang='lat' dir='ltr'>ciandis</span> <span class='ocrx_word' id='word_1_556' title='bbox 1242 2746 1279 2782; x_wconf 91' lang='lat' dir='ltr'>in</span> <span class='ocrx_word' id='word_1_557' title='bbox 1298 2744 2021 2795; x_wconf 61' lang='lat' dir='ltr'>litteras:discipulusiollam-neatis,</span> 
     </span>
     <span class='ocr_line' id='line_1_95' title="bbox 1075 2807 2022 2856; baseline -0.001 -13"><span class='ocrx_word' id='word_1_558' title='bbox 1075 2807 1265 2844; x_wconf 82' lang='lat' dir='ltr'>Manuelis</span> <span class='ocrx_word' id='word_1_559' title='bbox 1294 2807 1558 2856; x_wconf 63' lang='lat' dir='ltr'>chrysolorao</span> <span class='ocrx_word' id='word_1_560' title='bbox 1588 2811 1628 2844; x_wconf 82' lang='lat' dir='ltr'>ct</span> <span class='ocrx_word' id='word_1_561' title='bbox 1656 2807 1796 2845; x_wconf 85' lang='lat' dir='ltr'>Colntii</span> <span class='ocrx_word' id='word_1_562' title='bbox 1829 2807 2022 2843; x_wconf 61' lang='lat' dir='ltr'>salutati.-</span> 
     </span>
     <span class='ocr_line' id='line_1_96' title="bbox 1074 2866 2022 2918; baseline 0 -14"><span class='ocrx_word' id='word_1_563' title='bbox 1074 2867 1122 2904; x_wconf 79' lang='lat' dir='ltr'>ab</span> <span class='ocrx_word' id='word_1_564' title='bbox 1151 2867 1225 2905; x_wconf 88' lang='lat' dir='ltr'>An.</span> <span class='ocrx_word' id='word_1_565' title='bbox 1259 2866 1375 2907; x_wconf 62' lang='lat' dir='ltr'>mot.</span> <span class='ocrx_word' id='word_1_566' title='bbox 1404 2868 1452 2906; x_wconf 81' lang='lat' dir='ltr'>ab</span> <span class='ocrx_word' id='word_1_567' title='bbox 1481 2869 1667 2918; x_wconf 84' lang='lat' dir='ltr'>Epistolis</span> <span class='ocrx_word' id='word_1_568' title='bbox 1699 2869 1911 2905; x_wconf 80' lang='lat' dir='ltr'>lnnoeentii</span> <span class='ocrx_word' id='word_1_569' title='bbox 1943 2867 2022 2904; x_wconf 70' lang='lat' dir='ltr'>l&#39;ll.</span> 
     </span>
     <span class='ocr_line' id='line_1_97' title="bbox 1074 2930 2024 2978; baseline -0.001 -12"><span class='ocrx_word' id='word_1_570' title='bbox 1074 2935 1113 2966; x_wconf 82' lang='lat' dir='ltr'>et</span> <span class='ocrx_word' id='word_1_571' title='bbox 1143 2930 1216 2968; x_wconf 79' lang='lat' dir='ltr'>An.</span> <span class='ocrx_word' id='word_1_572' title='bbox 1250 2931 1365 2968; x_wconf 75' lang='grc'><strong>1113.</strong></span> <span class='ocrx_word' id='word_1_573' title='bbox 1395 2931 1559 2968; x_wconf 75' lang='lat' dir='ltr'>Joannis</span> <span class='ocrx_word' id='word_1_574' title='bbox 1591 2931 1732 2967; x_wconf 76' lang='lat' dir='ltr'>xxlll.</span> <span class='ocrx_word' id='word_1_575' title='bbox 1761 2941 1878 2978; x_wconf 73' lang='lat' dir='ltr'>qllf‘lll</span> <span class='ocrx_word' id='word_1_576' title='bbox 1904 2930 2024 2965; x_wconf 81' lang='lat' dir='ltr'>conii-</span> 
     </span>
     <span class='ocr_line' id='line_1_98' title="bbox 1074 2992 2023 3033; baseline -0.001 -6"><span class='ocrx_word' id='word_1_577' title='bbox 1074 2994 1181 3028; x_wconf 84' lang='lat' dir='ltr'>tatus</span> <span class='ocrx_word' id='word_1_578' title='bbox 1211 2994 1271 3029; x_wconf 83' lang='lat' dir='ltr'>est</span> <span class='ocrx_word' id='word_1_579' title='bbox 1302 2993 1338 3028; x_wconf 87' lang='lat' dir='ltr'>in</span> <span class='ocrx_word' id='word_1_580' title='bbox 1370 2992 1588 3030; x_wconf 82' lang='lat' dir='ltr'>Concilium</span> <span class='ocrx_word' id='word_1_581' title='bbox 1619 2992 1922 3029; x_wconf 72' lang='lat' dir='ltr'>Constantiense</span> <span class='ocrx_word' id='word_1_582' title='bbox 1941 3019 1949 3033; x_wconf 82' lang='grc'>,</span> <span class='ocrx_word' id='word_1_583' title='bbox 1983 2995 2023 3026; x_wconf 74' lang='lat' dir='ltr'>et</span> 
     </span>
     <span class='ocr_line' id='line_1_99' title="bbox 1071 3051 2022 3102; baseline -0.002 -12"><span class='ocrx_word' id='word_1_584' title='bbox 1071 3052 1235 3090; x_wconf 75' lang='lat' dir='ltr'>aliorum</span> <span class='ocrx_word' id='word_1_585' title='bbox 1266 3052 1453 3102; x_wconf 79' lang='lat' dir='ltr'>deinceps</span> <span class='ocrx_word' id='word_1_586' title='bbox 1483 3064 1552 3090; x_wconf 80' lang='lat' dir='ltr'>sex</span> <span class='ocrx_word' id='word_1_587' title='bbox 1600 3052 1855 3096; x_wconf 72' lang='lat' dir='ltr'>Pontificum,</span> <span class='ocrx_word' id='word_1_588' title='bbox 1898 3051 2022 3089; x_wconf 81' lang='lat' dir='ltr'>donec</span> 
     </span>
     <span class='ocr_line' id='line_1_100' title="bbox 1073 3113 2024 3151; baseline -0.001 0"><span class='ocrx_word' id='word_1_589' title='bbox 1073 3115 1185 3151; x_wconf 71' lang='lat' dir='ltr'>Anno</span> <span class='ocrx_word' id='word_1_590' title='bbox 1216 3115 1317 3151; x_wconf 65' lang='lat'>4453</span> <span class='ocrx_word' id='word_1_591' title='bbox 1347 3119 1423 3151; x_wconf 83' lang='lat' dir='ltr'>aet.</span> <span class='ocrx_word' id='word_1_592' title='bbox 1453 3114 1515 3150; x_wconf 77' lang='lat'>72.</span> <span class='ocrx_word' id='word_1_593' title='bbox 1547 3115 1665 3151; x_wconf 76' lang='lat' dir='ltr'>noma</span> <span class='ocrx_word' id='word_1_594' title='bbox 1697 3114 1829 3151; x_wconf 78' lang='lat' dir='ltr'>relicta</span> <span class='ocrx_word' id='word_1_595' title='bbox 1868 3113 2024 3151; x_wconf 83' lang='lat' dir='ltr'>Floren—</span> 
     </span>
     <span class='ocr_line' id='line_1_101' title="bbox 1075 3175 2023 3223; baseline 0 -12"><span class='ocrx_word' id='word_1_596' title='bbox 1075 3175 1166 3211; x_wconf 81' lang='lat' dir='ltr'>tiam</span> <span class='ocrx_word' id='word_1_597' title='bbox 1214 3180 1429 3223; x_wconf 64' lang='lat' dir='ltr'>repetens,</span> <span class='ocrx_word' id='word_1_598' title='bbox 1475 3175 1521 3211; x_wconf 75' lang='lat' dir='ltr'>ihi</span> <span class='ocrx_word' id='word_1_599' title='bbox 1569 3175 1770 3212; x_wconf 78' lang='lat' dir='ltr'>Leonardo</span> <span class='ocrx_word' id='word_1_600' title='bbox 1804 3181 1843 3213; x_wconf 82' lang='lat' dir='ltr'>et</span> <span class='ocrx_word' id='word_1_601' title='bbox 1886 3175 2023 3213; x_wconf 75' lang='lat' dir='ltr'>carolo</span> 
     </span>
     <span class='ocr_line' id='line_1_102' title="bbox 1077 3236 2024 3274; baseline 0.001 -1"><span class='ocrx_word' id='word_1_602' title='bbox 1077 3236 1236 3273; x_wconf 76' lang='lat' dir='ltr'>Aretino</span> <span class='ocrx_word' id='word_1_603' title='bbox 1261 3237 1455 3274; x_wconf 66' lang='lat' dir='ltr'>successit</span> <span class='ocrx_word' id='word_1_604' title='bbox 1486 3238 1522 3272; x_wconf 88' lang='lat' dir='ltr'>in</span> <span class='ocrx_word' id='word_1_605' title='bbox 1554 3248 1718 3274; x_wconf 79' lang='lat' dir='ltr'>munere</span> <span class='ocrx_word' id='word_1_606' title='bbox 1744 3237 2024 3274; x_wconf 64' lang='lat' dir='ltr'>honestissimo</span> 
     </span>
     <span class='ocr_line' id='line_1_103' title="bbox 1075 3297 2021 3347; baseline 0.001 -13"><span class='ocrx_word' id='word_1_607' title='bbox 1075 3297 1305 3334; x_wconf 51' lang='lat' dir='ltr'>(liiiizfellarii</span> <span class='ocrx_word' id='word_1_608' title='bbox 1338 3298 1439 3347; x_wconf 64' lang='lat' dir='ltr'>llvip.</span> <span class='ocrx_word' id='word_1_609' title='bbox 1473 3298 1657 3347; x_wconf 76' lang='lat' dir='ltr'>diemque</span> <span class='ocrx_word' id='word_1_610' title='bbox 1687 3299 1776 3336; x_wconf 84' lang='lat' dir='ltr'>obiit</span> <span class='ocrx_word' id='word_1_611' title='bbox 1818 3298 1888 3336; x_wconf 76' lang='lat' dir='ltr'>An.</span> <span class='ocrx_word' id='word_1_612' title='bbox 1923 3299 2021 3336; x_wconf 71' lang='lat' dir='ltr'>ita-‘50</span> 
     </span>
    </p>

    <p class='ocr_par' dir='ltr' id='par_1_16' title="bbox 1631 3380 1702 3416">
     <span class='ocr_line' id='line_1_104' title="bbox 1631 3380 1702 3416; baseline 0.056 -7"><span class='ocrx_word' id='word_1_613' title='bbox 1631 3380 1702 3416; x_wconf 61' lang='lat'>188</span> 
     </span>
    </p>
   </div>
  </div>
 </body>
</html>
