2517 4009
872 232 1386 273 PTOLOMAEUS

121 317 280 360 certae,
312 310 455 349 librum
487 306 695 356 reliquisse
737 305 883 344 dicitur
928 305 1078 356 Argyer-

118 373 213 412 zelli
240 373 446 423 (fortasse,
489 365 669 418 Alqazel)
712 366 1044 405 introductoriam
1064 394 1075 413 ,

119 439 162 474 ut
191 434 306 472 docet
330 430 561 481 Alphonsus
591 429 840 467 Ciacconius.
870 429 951 467 Nic.
998 428 1078 465 An-

121 497 254 534 tonius
282 493 379 532 Bibl.
409 489 588 541 Hispana
619 494 754 527 vetere
771 494 798 527 t.
817 489 864 527 II.
884 489 1027 539 0.-271.

178 553 495 595 PTOLEMAEUS
539 551 588 590 dc
642 549 906 598 Viaclonibus‚
953 550 1077 600 patria

119 613 334 664 Lucensis,
379 626 473 653 vero
520 625 679 652 nomine
724 611 1077 659 Bartholomaeus,

115 678 220 730 quod
252 688 394 717 nomen
426 676 510 714 Itali
535 677 572 713 in
599 676 854 714 Tolomaeum
873 674 1079 712 abbrevia-

117 752 159 779 re
189 740 344 779 solent:
377 744 496 778 natus
525 749 558 776 a.
592 738 706 776 4236.
750 733 868 774 obiit'
887 746 920 773 a.
961 734 1078 773 1327.

121 803 164 841 10
196 802 320 852 patria
352 811 395 838 se
424 800 550 838 ordini
574 800 921 837 Dominicauorum
938 796 1080 845 adjun-

117 864 198 911 xit,
232 866 272 900 et
302 861 477 900 'I‘homae
506 861 717 910 Aquinatis
747 858 965 908 discipulus
992 858 1078 896 fuit:

115 925 224 963 Prior
253 924 464 974 aliquoties
501 924 538 961 in
582 926 786 961 conventu
830 921 995 959 Lucensi
1040 925 1079 958 et

73 1031 77 1035 1
118 986 377 1033 Florentino,
409 989 549 1035 postea
579 984 773 1022 Definitor
803 982 974 1032 Capituli
1005 981 1081 1020 Ce-

118 1047 277 1086 neralis.
306 1046 433 1096 Ajunt
468 1057 627 1096 quoque
646 1047 775 1096 ipsum
791 1044 932 1082 ,Ioanni
952 1045 1076 1083 XXII.

119 1108 296 1147 Pontifici
323 1120 343 1146 a
373 1109 500 1146 sacris
532 1107 799 1147 Cone-ionibus
816 1105 1082 1144 etBibliothe-

118 1181 162 1208 ca
194 1170 328 1209 luisse.
361 1169 538 1208 Tandem
585 1169 806 1218 Episcopus
844 1168 1082 1205 Torcellien-

120 1233 177 1270 sis
207 1233 245 1269 in
275 1230 449 1269 dominio
481 1231 630 1268 Veneto
644 1235 806 1268 creatus
822 1233 896 1267 est.
919 1230 973 1267 De
997 1229 1082 1278 ipso

121 1291 211 1330 vide
240 1292 336 1331 Bibl.
366 1292 646 1330 Dominicanas
674 1289 904 1329 Altamurae
930 1301 965 1340 p.
993 1289 1083 1328 102.

124 1359 165 1392 et
193 1353 354 1401 Quetifii
386 1365 424 1404 p.
455 1354 545 1392 544.
577 1354 634 1391 Jo.
666 1352 763 1390 Ant.
800 1353 907 1391 Saxii
952 1352 1078 1401 Ep1st.

128 1416 176 1455 ad
206 1415 491 1463 Muratorium,
519 1419 560 1452 et
590 1415 715 1464 ipsius
751 1414 950 1452 Muratorii
994 1414 1083 1451 Pro-

126 1478 332 1528 legomena
361 1475 409 1514 ad
447 1476 657 1514 Historiam
688 1475 841 1513 Eccles.
871 1474 1084 1512 Ptolomaei

116 1540 242 1577 nostri
273 1543 378 1576 tomo
403 1538 471 1575 XI.
501 1538 540 1576 S.
571 1538 613 1575 R.
646 1536 730 1575 Ital.
777 1548 813 1586 p.
859 1534 949 1574 743.
991 1534 1081 1574 743.

120 1599 330 1652 Ughcllum
361 1604 469 1637 tomo
499 1599 541 1637 V.
574 1611 610 1649 p·
645 1598 760 1637 4396.

173 1662 340 1712 Scripsit
371 1663 407 1700 1.
434 1659 609 1699 Annales
633 1659 684 1698 ab
703 1671 807 1698 armo
834 1660 1079 1699 1060-4303.

120 1722 305 1774 Lugduni
336 1724 444 1773 typis
472 1722 765 1762 Jac.R0ussain
784 1722 898 1761 1649.
917 1723 952 1760 8.
975 1721 1086 1760 dein-

120 1785 238 1825 dein
270 1785 513 1824 Bibliotheca
551 1786 712 1823 Patrum
756 1785 933 1823 maxima
979 1789 1087 1822 tomo

120 1849 245 1887 XXV.
277 1860 313 1898 p.
336 1847 428 1886 949.
458 1846 621 1886 taudem
652 1850 758 1884 tomo
788 1847 856 1885 XI.
887 1847 1086 1885 Muratorii

123 1921 160 1960 p.
193 1910 311 1948 1245.
353 1908 581 1948 Editiouem
626 1908 731 1947 illam
776 1907 1086 1958 Lugdunensem

130 1982 313 2010 mancam
346 1981 437 2009 esse
458 1971 648 2010 observat
666 1970 866 2019 Launojus
880 1971 1008 2020 Epist.
1023 1971 1085 2009 VI.

124 2035 186 2073 14.
217 2044 256 2070 0.
278 2033 366 2072 418.
391 2033 484 2084 quia
510 2045 531 2072 a
555 2033 722 2071 Baronio
749 2038 789 2071 et
805 2033 950 2070 Bzovio
965 2043 1087 2081 quae-

123 2093 213 2135 dam
243 2108 292 2134 ex
323 2095 526 2135 codicibus
557 2095 759 2134 Vaticanis
800 2093 1084 2142 adducuntur,

126 2169 228 2208 quae
258 2159 295 2196 in
329 2159 535 2209 impressis
566 2169 642 2196 non
661 2157 870 2196 habentur.
889 2158 1084 2195 Henricus

124 2219 374 2259 Whartonus
404 2221 442 2257 in
469 2219 701 2270 Appendice
731 2218 778 2257 ad
810 2219 990 2258 Caveum
1019 2220 1087 2264 ait,

127 2291 218 2319 cum
235 2279 458 2320 Amathus
475 2281 594 2320 simul
613 2279 833 2320 Chronicon
856 2279 1087 2330 Pontificum

125 2345 241 2394 atque
257 2343 548 2393 Imperatorum
566 2343 748 2394 Lugduni
763 2343 970 2393 prodiisse,
988 2343 1090 2392 prio-

126 2414 192 2442 res
220 2404 258 2441 in
288 2404 531 2443 Bibliotheca
560 2406 630 2443 PP.
661 2407 852 2455 repetitos
876 2416 995 2454 esse,
1023 2416 1089 2454 po-

128 2465 318 2503 steriores
341 2475 420 2502 non
441 2466 549 2502 item.
575 2465 707 2510 Quum
734 2467 851 2515 igitur
875 2466 1090 2505 editionem

128 2525 438 2577 Lugdunensem
467 2526 593 2564 oculls
624 2536 819 2576 usurpare
850 2539 927 2565 non
972 2528 1092 2566 licue-

127 2588 205 2635 rit,
250 2586 324 2625 hoc
367 2591 500 2625 tamen
545 2586 710 2625 dubium
753 2593 914 2626 movet.
963 2599 1092 2637 neque

135 2647 376 2696 Quetifium,
408 2660 538 2699 neque
568 2650 827 2688 Muratorium
859 2649 947 2700 ejus
984 2660 1095 2687 men-

132 2713 281 2750 tionem
294 2709 783 2761 injicere‚imoQuetifium
802 2715 957 2749 tantum
974 2710 1095 2749 Cata-

131 2771 211 2824 l09i
223 2772 515 2824 Imperatorum
532 2773 775 2811 mentionem
795 2771 954 2821 injcere.
971 2773 1098 2810 nesci—

132 2845 173 2872 re
205 2839 339 2872 tamen
359 2862 368 2880 ,
398 2845 446 2871 an
485 2845 661 2884 unquam
686 2835 906 2884 impressus
926 2836 988 2872 sit.

184 2896 223 2932 2.
248 2894 465 2933 Historiam
491 2895 813 2934 Ecclesiasticam
831 2907 851 2934 a
871 2901 962 2934 nato
981 2897 1092 2936 Chri-

137 2961 200 2995 sto
232 2966 359 3006 usque.
388 2956 436 2994 ad
467 2968 501 2995 a.
534 2959 647 2997 1312.
691 2969 781 2996 000]
828 2958 1095 2998 additionibus

131 3019 301 3058 duorum
332 3019 662 3058 Continuatorum
695 3019 799 3058 edita
829 3025 890 3058 est
920 3031 939 3058 a
965 3022 1098 3059 Mura—

134 3082 232 3119 torio
261 3080 299 3118 S.
330 3081 372 3117 R.
404 3080 487 3118 Ital.
519 3084 625 3118 tomo
654 3082 721 3119 XI.
755 3094 790 3131 p.
816 3081 904 3120 744.
931 3082 1096 3120 Codices

139 3141 229 3193 ejus
258 3141 365 3180 MSS.
395 3146 555 3180 enarrat
585 3142 729 3188 Quetif.
761 3154 798 3192 p.
829 3143 917 3181 542.
950 3145 990 3181 ln
1024 3144 1095 3181 hoc

133 3215 254 3254 opere
283 3213 389 3242 unus
418 3214 467 3241 ex
493 3204 630 3253 primis
656 3204 750 3250 fuit,
772 3205 838 3253 qui
857 3204 1027 3242 fabulam
1046 3205 1095 3242 de

133 3266 284 3304 Joanna
317 3265 475 3314 Papissa
507 3266 783 3315 protulerunt7
829 3270 944 3315 prout
982 3265 1096 3303 docet

135 3325 334 3365 Antonius
363 3327 451 3378 Pagi
484 3326 530 3365 ad
562 3339 594 3364 a.
628 3327 720 3369 8553,
751 3326 786 3375 ξ.
819 3327 880 3364 14..
925 3331 961 3363 et
1009 3332 1096 3376 post

1150 314 1243 342 eum
1274 302 1542 340 Heumannus
1570 300 1746 347 dissert,
1778 298 1915 338 dehac
1935 301 2116 351 Papissa⁷

1151 365 1324 414 Gotting.
1359 362 1472 402 1739.
1505 362 1526 411 ξ
1574 363 1635 400 44.
1664 362 1726 400 Ex
1757 361 1820 399 illo
1864 361 2116 413 Eoecerptum

1152 426 1199 465 de
1230 424 1468 475 Genealoqia
1493 421 1656 462 Roberti
1700 422 1942 472 Guiscardi,
1986 427 2025 461 et
2052 435 2115 462 eo-

1153 499 1245 526 rum
1295 485 1528 536 Principum
1551 516 1560 532 ,
1619 484 1692 535 qui
1740 482 1900 522 Siciliae
1942 496 2110 536 requam

1156 547 1291 599 adepti
1318 550 1433 594 sunt,
1464 545 1607 597 prodiit
1637 557 1706 596 per
1737 546 1891 583 Hieron.
1923 547 2111 594 Suritam,

1156 611 1526 658 Caesaraugustae,
1560 607 1676 646 4578.
1708 607 1770 645 fol.
1801 609 1837 644 in
1866 608 2049 658 IIispania
2078 609 2119 645 il-

1155 672 1326 710 lustrata
1349 677 1445 707 tom.
1469 670 1535 707 lll.
1562 680 1598 718 p.
1624 669 1713 707 373.
1730 673 1769 705 ct
1788 669 1823 706 in
1842 669 1999 707 Graevii
2018 670 2118 708 The-

1157 743 1276 771 sauro
1307 731 1461 770 Siciliae
1491 735 1590 780 part.
1623 731 1667 767 V.
1707 730 1822 768 Aliud
1870 731 2118 782 Excerptum

1155 805 1277 844 super
1308 791 1546 842 Genealoyia
1592 790 1734 831 Caroli
1774 792 1889 842 Reyis
1932 792 2118 839 Siciliae,

1154 859 1287 893 exstat
1317 859 1422 892 tomo
1452 854 1494 891 V.
1539 853 1786 902 Scriptorum
1834 854 2113 892 Francicorum

1158 918 1296 955 Franc.
1326 915 1378 955 du
1409 915 1568 953 Chesue
1594 927 1630 965 p.
1663 915 1752 953 816.
1793 915 1884 953 893.
1922 916 2119 961 Quotifius

1156 990 1191 1028 p.
1223 978 1314 1017 543.
1345 989 1367 1016 a
1397 977 1491 1016 dicit
1523 978 1595 1015 hoc
1624 977 1872 1026 Excerptum
1902 988 1992 1015 esse
2037 989 2124 1027 par-

1157 1040 1319 1079 ticulam
1337 1051 1386 1078 cx
1407 1037 1596 1089 Catal090
1613 1049 1751 1077 rerum
1772 1039 1981 1086 Franciae‚
1998 1051 2117 1089 quam

1157 1103 1240 1152 ipse
1272 1103 1310 1139 in
1342 1103 1512 1140 Historia
1541 1101 1696 1139 Eccles.
1725 1099 1805 1139 VII.
1840 1102 1901 1140 11.
1948 1101 2119 1151 alleget:

1159 1163 1235 1202 Sed
1271 1168 1400 1202 totum
1432 1162 1524 1202 illud
1559 1164 1597 1200 in
1629 1163 1798 1201 Historia
1827 1163 2125 1210 Ecclesiastica‚

1158 1224 1206 1262 de
1236 1236 1314 1274 qua
1361 1225 1473 1262 nobis
1499 1224 1581 1274 J'am
1624 1235 1756 1262 sermo
1799 1228 1888 1273 est,
1932 1215 2126 1263 invenies.

1162 1285 1248 1324 Vita
1275 1284 1488 1325 Clementis
1520 1287 1654 1335 Papae
1701 1287 1741 1324 V.
1784 1290 1846 1324 cst
1890 1287 1926 1323 in
1975 1287 2124 1324 Baluzii

1161 1348 1260 1385 Vitis
1291 1349 1488 1396 Paparum
1521 1346 1866 1385 Avenionensium
1899 1360 1935 1397 p.
1965 1348 2028 1385 23.
2055 1349 2127 1386 Rc·-

1162 1409 1361 1458 liquorum
1393 1407 1630 1445 Pontificum
1658 1408 1767 1445 Vitas
1792 1419 1841 1445 ex
1868 1409 2128 1447 Continuato-

1160 1481 1201 1508 re.
1233 1470 1337 1507 iliius
1367 1468 1567 1506 dederunt
1595 1469 1887 1518 papebrochius
1913 1471 1949 1506 in
1977 1472 2124 1520 1)ΓοοΥ-

1159 1531 1243 1570 laeo
1274 1534 1385 1581 parte
1416 1530 1461 1568 II.
1494 1541 1529 1579 p.
1559 1528 1622 1568 75.
1668 1541 1780 1580 seqq.
1824 1534 1864 1568 et
1909 1531 2125 1578 Baluzius,

1160 1606 1210 1633 ex
1240 1593 1314 1631 hoc
1343 1597 1479 1632 autem
1509 1593 1750 1631 Muratorius
1779 1592 1815 1630 S.
1847 1594 1890 1630 R.
1911 1593 1994 1631 ital.
2023 1598 2117 1630 tom.

1165 1656 1229 1694 111.
1262 1659 1362 1705 part.
1393 1655 1430 1693 2.
1462 1666 1498 1704 p.
1531 1654 1622 1692 502.
1647 1665 1759 1703 seqq.

1216 1718 1251 1755 3.
1273 1715 1448 1755 Annales
1464 1716 1661 1754 Lucenses
1679 1721 1874 1755 memorat
1889 1718 1924 1755 M
1930 1719 2128 1756 uratorius

1164 1784 1272 1817 tomo
1302 1780 1369 1817 XI.
1401 1790 1439 1828 p.
1471 1778 1560 1817 743.

1222 1842 1256 1878 4.
1288 1840 1506 1879 Historiam
1541 1840 1800 1892 Tripartitam
1821 1872 1831 1889 ,
1864 1843 2010 1881 Saxius
2035 1853 2121 1892 pag.

1170 1902 1260 1941 749.
1291 1903 1470 1953 Pignorio
1516 1902 1762 1953 (sziiotzi'um
1807 1914 1968 1953 semper
2012 1909 2129 1942 vocat

1163 1965 1309 2013 Quetif)
1339 1966 1532 2012 citatam,
1564 1976 1666 2014 quae
1698 1977 1792 2003 vero
1818 1964 1902 2015 jam
1930 1977 2128 2015 nusquam

1160 2029 1367 2079 reperitur.
1399 2028 1487 2077 Ipse
1505 2028 1600 2066 Hist.
1627 2028 1777 2066 Eccles.
1803 2029 1829 2066 1.
1851 2029 1884 2067 4.
1903 2027 1989 2077 ejus
2009 2039 2121 2066 meu-

1165 2093 1313 2130 tionem
1348 2089 1484 2140 injicit.

1214 2155 1250 2192 5.
1282 2153 1337 2191 De
1367 2151 1560 2203 reyimine
1588 2174 1603 2179 -
1635 2174 1650 2178 —
1679 2175 1695 2180 -
1732 2153 1832 2191 forte
1869 2151 2132 2203 priamum,-

1160 2217 1196 2253 in
1228 2215 1371 2254 Codice
1404 2216 1443 2253 S.
1476 2215 1665 2252 Victoris:
1694 2216 1732 2252 in
1758 2215 1853 2253 Bibl.
1873 2213 2045 2253 Medicea
2070 2215 2130 2252 in-

1165 2277 1352 2316 scribitur
1383 2275 1499 2315 Liber
1528 2274 1575 2313 de
1605 2277 1705 2325 Reqe
1726 2279 1763 2313 et
1779 2286 1913 2325 reyno.
1939 2278 2053 2314 Bern⁴
2075 2275 2123 2312 dc

1160 2339 1412 2379 Montl'aucon
1439 2337 1536 2376 Bibl.
1562 2337 1669 2375 MSS.
1696 2348 1720 2386 p
1751 2336 1841 2375 390.
1861 2337 1937 2374 Est
1954 2347 2129 2386 opuscu-

1162 2401 1246 2440 lum
1277 2401 1341 2439 20.
1372 2399 1416 2437 D.
1448 2399 1650 2437 Thomae.
1681 2397 1784 2448 quod
1817 2397 1951 2436 abillo
1983 2399 2130 2446 imper-

1173 2463 1322 2501 fectum
1351 2462 1537 2500 relictum
1564 2471 1584 2498 a
1616 2471 1690 2508 cap
1733 2459 1770 2498 5.
1801 2459 1887 2497 libri
1919 2460 1966 2497 II.
1995 2470 2016 2496 a
2046 2460 2134 2496 Pto-

1168 2524 1321 2562 lemaeo
1349 2524 1628 2562 continuatum
1660 2522 1745 2559 fuit.
1775 2523 1996 2560 Narrantur
2016 2522 2123 2558 enim

1170 2585 1393 2635 quaedam.
1426 2595 1528 2634 quae
1560 2583 1808 2633 temporibus
1838 2583 2011 2621 'rhomae
2053 2593 2130 2620 non

1167 2648 1433 2697 contigerunt.
1458 2646 1594 2684 Versio
1615 2644 1705 2694 ejus
1725 2645 1812 2683 libri
1842 2645 1972 2682 Italica
2001 2645 2037 2681 in
2056 2646 2129 2685 Co-

1168 2708 1254 2747 dice
1297 2709 1472 2746 Romano
1516 2707 1635 2744 etiam
1667 2707 1892 2744 Ptolemaeo
1927 2706 2128 2745 tribuitur.

1170 2770 1313 2816 Quetif.
1347 2781 1383 2820 p.
1416 2769 1491 2806 336
1522 2773 1562 2806 et
1592 2769 1682 2807 543.

1231 2832 1266 2870 6.
1299 2830 1586 2869 Eoealiemerou
1616 2835 1813 2868 memorat
1843 2832 2018 2882 Pignon,
2063 2831 2133 2868 scd

1169 2894 1217 2933 de
1248 2894 1312 2932 illo
1345 2894 1438 2931 nihil
1472 2894 1575 2931 ultra
1607 2897 1778 2931 constat.

1222 2955 1258 2994 7.
1292 2958 1407 2994 Porro
1439 2955 1670 2995 Concionem
1690 2955 1825 2994 habuit
1843 2956 2026 2992 Mantuae
2046 2956 2132 2992 I‘to-

1169 3019 1347 3056 lemaeus
1378 3021 1514 3055 noster
1539 3047 1547 3065 ,
1593 3018 1628 3054 in
1678 3027 1756 3065 qua
1803 3016 2008 3055 Christum
2056 3028 2132 3055 nou

1170 3081 1206 3130 in
1240 3084 1351 3118 utero
1382 3080 1579 3128 Virginis,
1610 3089 1750 3116 vorum
1781 3077 1895 3126 juxta
1921 3089 1988 3116 cor
2007 3079 2131 3129 ipsius

1169 3153 1216 3179 cx
1248 3141 1374 3179 tribus
1404 3141 1609 3189 sanguinis
1637 3141 1762 3189 guttis
1793 3145 2030 3190 conceptum
2073 3153 2131 3179 re.-

1170 3203 1274 3242 tulit.
1305 3203 1450 3241 Contra
1476 3213 1595 3250 quem
1630 3203 1737 3250 Bapt.
1766 3203 2008 3241 Mantuanus
2037 3204 2130 3241 Tra-

1171 3269 1323 3302 ctatum
1357 3262 1402 3301 (ῐο
1429 3266 1544 3313 parte.
1574 3272 1782 3312 corporis.
1815 3262 1854 3300 in
1885 3274 1965 3314 qua
1995 3275 2129 3302 concc-

1172 3329 1263 3376 ptus
1289 3329 1347 3363 est
1368 3324 1577 3369 Christus,
1609 3323 1763 3370 odi‹lit;
1794 3327 1860 3374 qui
1894 3327 1997 3365 iuter
2026 3327 2129 3377 Ope-
