2517 4009
67 285 314 328 ADDENDA
341 290 407 329 AD
431 289 818 332 FABBRICIANAM
843 294 1234 336 BIBLIOTHECAM
1258 297 1461 337 MEDIAE
1488 298 1555 336 ET
1579 297 1794 338 lNFlMAE
1820 297 2048 342 AETATlS

278 381 396 446 JO.
454 380 986 452 DOMINICUS
1040 386 1341 451 MANSI
1393 387 1845 453 LUCENSIS

599 484 644 516 lx
668 486 779 517 'rum
805 484 1032 519 OPUSCULA
1059 488 1157 519 MOX
1183 488 1490 521 sUnJlfflliNDA.

829 564 862 604 P
884 566 914 604 R
936 564 964 604 A
990 565 1024 603 Ε
1045 566 1078 604 F
1097 566 1127 606 A
1155 567 1185 605 Τ
1203 568 1224 605 Ι
1243 567 1286 607 O.

71 588 351 723 Postquam
383 671 419 710 V.
448 670 508 711 Cl.
540 673 658 710 Petro
686 670 891 711 Lambecio
913 670 1111 711 laudabile
1140 673 1239 712 illud
1263 675 1470 715 consilium
1496 675 1710 725 succurrit,
1726 680 1770 714 ut
1796 678 1834 714 in
1861 689 1936 724 eos,
1961 690 2058 731 quos

82 731 250 786 confecit
287 732 332 772 de
362 732 603 772 Bibliotheca
638 732 926 773 Vindobonensi
950 735 1265 775 Commentarios
1305 749 1406 775 rara
1447 737 1641 790 quaedam
1676 742 1712 776 et
1731 751 1891 790 parva,
1914 741 2046 792 pretio

78 806 225 847 mayna
252 794 445 847 opuscula
473 795 693 844 inveheret,
725 795 894 835 caeteris
938 796 1074 835 deinde
1092 828 1102 844 ,
1130 799 1203 849 qui
1228 799 1436 850 Catalofsos
1462 800 1679 850 iusiqnium
1719 799 2052 842 Bibliothecarum

70 856 196 909 paulo
222 858 457 897 accuratius
497 858 771 909 conficiendos,
799 857 1120 910 evulyandosque
1147 866 1434 912 susceperunt,
1461 861 1557 900 utile
1584 860 1685 899 illud
1713 863 1938 915 eocemplum
1967 866 2052 904 imi-

81 919 167 959 tari
186 919 350 972 placuit.
389 922 448 958 Ita
475 920 651 959 conditae
678 919 796 972 dapes
838 919 959 959 multo
997 921 1224 973 sapidiores
1252 923 1306 962 ad
1325 923 1509 976 palatum
1535 922 1836 976 fastidiosorum
1863 938 2052 977 quorum-

79 981 171 1020 dam
199 981 389 1021 lectorum
429 982 683 1036 efficiuntur,
712 980 859 1033 quibus
899 982 1018 1021 arida
1057 985 1298 1038 scriptorum
1339 986 1526 1031 nomina,
1558 989 1592 1023 et
1618 985 1815 1037 simplices
1858 986 2053 1029 librorum

78 1043 181 1083 tituli
207 1044 339 1084 minus
365 1044 536 1096 sapiunt.
564 1044 628 1083 Ad
652 1044 753 1083 hunc
780 1057 928 1084 morem
965 1056 1048 1085 sese
1079 1049 1296 1099 composuit
1319 1050 1376 1087 ιΙο.
1405 1047 1591 1087 Albertus
1621 1047 1837 1089 Fabricius
1856 1082 1866 1099 ,
1896 1054 1976 1090 tum
2011 1052 2052 1091 in

84 1104 326 1146 Bibliotheca
354 1107 534 1156 Graeca,
564 1111 644 1146 tum
676 1108 715 1145 in
741 1109 884 1146 Latina
902 1141 911 1157 ,
940 1112 977 1148 et
1000 1109 1039 1147 in
1063 1111 1268 1160 praesenti
1306 1111 1378 1149 hac
1416 1122 1537 1163 quam
1563 1111 1603 1148 in
1631 1109 1790 1149 Italiam
1817 1112 2046 1163 reproduci·

82 1179 185 1206 mus.
214 1169 312 1208 Cum
339 1181 433 1209 vero
460 1169 731 1208 addotamenta
754 1169 879 1221 plura
906 1182 1007 1209 nova
1035 1170 1130 1210 haec
1157 1172 1272 1210 editio
1298 1172 1533 1226 praeferat,
1561 1183 1684 1224 eaque
1713 1185 1770 1212 me
1796 1174 1962 1213 authore
1988 1187 2055 1214 ac-

82 1232 304 1278 cesserint;
330 1234 594 1282 opportunum
623 1231 720 1270 mihi
742 1233 902 1283 pariter
928 1233 1058 1271 visum
1102 1239 1184 1281 est,
1210 1234 1409 1287 opusculis
1440 1237 1556 1274 etiam
1584 1234 1695 1274 novis
1718 1236 1891 1287 pretium
1919 1237 2048 1288 operis

83 1302 248 1342 auyere,
268 1293 544 1344 Lectores-que,
567 1294 698 1332 mimis
723 1293 826 1346 forte
854 1294 909 1332 ad
929 1295 1153 1346 proletaria
1180 1308 1267 1335 mea
1298 1297 1475 1347 affectos,
1502 1297 1674 1335 raritate
1702 1301 1738 1335 et
1762 1298 1932 1336 novitate
1957 1297 2053 1338 alie-

82 1365 157 1392 nae
187 1352 307 1406 hujus
334 1355 477 1393 mercis
504 1355 666 1395 avidius
695 1355 865 1394 trahere.
890 1356 1029 1395 Pauca
1056 1361 1149 1396 sunt
1176 1358 1270 1396 haec
1297 1359 1343 1397 de
1368 1358 1503 1397 multis
1530 1370 1630 1411 quae
1657 1357 1784 1396 Felini
1810 1359 1957 1398 Sandei
1979 1362 2057 1400 Lu-

85 1417 211 1455 censis
237 1415 327 1454 olim
347 1416 543 1470 Episcopi,
560 1418 605 1456 de
621 1429 697 1470 quo
719 1417 840 1470 plura
857 1417 917 1457 hic
933 1430 1005 1457 suo
1022 1418 1101 1457 loco
1119 1419 1190 1470 e9i⁷
1209 1418 1446 1458 Bibliotheca
1463 1420 1561 1458 nu'hi
1574 1420 1850 1471 suppeditavit,
1872 1421 2050 1474 reliquis,

82 1478 123 1517 in
154 1482 304 1531 tempus
331 1480 408 1518 Deo
434 1479 550 1519 dante
576 1481 615 1519 si
637 1481 720 1520 vita
739 1480 939 1531 supererit
959 1479 1204 1531 evztlyaiidi's.
1226 1482 1278 1520 De
1299 1481 1466 1530 sinoulis
1495 1494 1597 1521 nunc
1623 1482 1727 1520 ratio
1754 1482 1954 1522 reddenda
1983 1489 2052 1524 est.

161 1541 189 1580 l.
218 1541 274 1580 De
298 1540 404 1580 Julio
431 1541 644 1595 Pomponio
673 1544 786 1581 Laeto
822 1543 1003 1594 quamvis
1038 1542 1155 1581 nmlti
1192 1544 1315 1582 multa
1339 1543 1632 1596 prodiderunt,·
1654 1544 1776 1595 plura
1803 1552 1896 1584 sunt
1924 1550 2052 1586 tamen

79 1602 232 1642 incerta
277 1603 390 1656 fama
429 1604 525 1643 adeo
557 1604 763 1654 obvoluta,
791 1610 835 1644 ut
861 1605 901 1644 in
929 1603 1096 1644 obscuro
1137 1610 1351 1653 maneant,·
1376 1606 1483 1646 velut
1509 1607 1554 1646 (le
1581 1606 1773 1646 natalium
1799 1619 1941 1659 yenere
1962 1641 1970 1657 ,
1999 1609 2045 1648 (le

82 1665 262 1706 moribus
278 1698 288 1715 ,
315 1666 482 1714 studiis,
516 1668 666 1715 indole,
686 1668 839 1707 nomine
855 1700 864 1716 ,
893 1668 955 1707 (tie
971 1700 980 1716 ,
1009 1672 1048 1707 et
1070 1681 1171 1707 anno
1199 1670 1283 1720 ejus
1311 1668 1534 1708 emortuali.
1563 1669 1729 1721 Singula
1755 1670 1849 1709 haec
1876 1683 1932 1709 eac
1958 1671 2042 1721 isto,

82 1728 189 1781 quod
213 1740 315 1768 nunc
345 1741 413 1780 eqo
433 1742 593 1782 primus
620 1729 714 1777 edo,
740 1729 904 1782 funebri
934 1729 1036 1769 Julii
1060 1730 1268 1783 Pomponii
1302 1732 1413 1771 Laeti
1449 1731 1570 1783 elogyio
1606 1744 1632 1770 a
1674 1731 1868 1771 Michaele
1920 1734 2048 1772 Ferno

81 1791 227 1844 scripto
257 1791 298 1830 in
323 1793 514 1845 majorem
542 1791 667 1831 lucem
694 1791 980 1831 eaetrohuntur.
1014 1790 1080 1831 Ille
1107 1793 1208 1832 enim
1238 1793 1338 1833 diem
1364 1793 1528 1846 fatalem
1557 1794 1718 1845 insiynis
1746 1795 1832 1834 viri
1857 1796 2050 1847 emprz'mit

88 1856 128 1894 V.
148 1855 244 1894 Idus
264 1867 276 1902 ;
295 1855 406 1893 lana·
424 1854 625 1908 profecto,-
645 1867 736 1893 uam
764 1856 898 1893 statim
925 1852 976 1892 ab
1003 1867 1044 1894 eo
1072 1854 1178 1894 obitu
1205 1858 1342 1895 (tatum
1370 1857 1438 1895 hoc
1465 1856 1631 1908 eloqium
1673 1857 1928 1909 consiqnatur
1970 1859 2044 1896 III.

83 1918 143 1957 Id.
182 1917 296 1957 Junii
317 1919 416 1956 anni
443 1918 549 1957 4498
567 1949 577 1966 ,
606 1929 663 1956 coc
688 1930 765 1969 quo
793 1917 908 1956 etiam
937 1916 983 1956 de
1023 1930 1125 1956 anno
1156 1917 1286 1957 obitus
1313 1919 1531 1958 edocemur.
1561 1921 1662 1958 Hinc
1688 1919 1864 1971 deceptos
1889 1932 2042 1970 arquos

84 1980 310 2032 Scriptores
334 1980 476 2032 plures
501 1979 610 2031 apud
635 1982 783 2019 Zenum
812 1979 968 2018 dissert.
996 1980 1170 2019 Vossian.
1198 1985 1284 2018 tom.
1315 1982 1365 2020 II.
1394 1981 1550 2021 dissert.
1572 1982 1673 2020 XIV.
1699 1983 1768 2033 qui
1791 1994 1893 2020 anno
1922 1984 2040 2029 4484,

83 2048 120 2084 et
145 2045 294 2084 Zenum
328 2042 473 2094 ipsam,
502 2042 574 2094 qui
595 2054 657 2080 an.
684 2042 792 2081 4497
810 2041 871 2080 (lie
890 2042 935 2081 lt
959 2041 1059 2081 Maii
1079 2042 1161 2081 vita
1185 2042 1367 2094 sunctum
1396 2044 1547 2082 statuit.
1577 2045 1620 2082 In
1644 2043 1805 2095 publica
1832 2056 2046 2096 cycnorum

84 2106 374 2158 aeyrotantium
401 2105 497 2144 aede
518 2115 738 2156 pauperem
779 2105 900 2143 vitam
928 2102 1142 2144 absolvisse
1170 2106 1332 2158 scripsit
1359 2106 1516 2146 Pierius
1548 2106 1780 2146 Valerianus
1807 2106 1853 2145 de
1881 2107 2042 2146 Literat.

83 2167 268 2221 Infelicit.
291 2160 358 2206 lab.
389 2167 439 2205 II.
468 2167 574 2206 Num
614 2178 713 2206 vera
748 2165 996 2218 prodiderit,
1025 2179 1129 2205 nunc
1159 2167 1313 2206 demum
1340 2167 1542 2219 ambiyere
1569 2168 1684 2215 licet,
1713 2180 1799 2207 cum
1828 2181 1883 2208 eac
1914 2169 1949 2207 F
1951 2181 2046 2208 erno

80 2230 271 2270 discimus
300 2229 496 2268 modicum
524 2228 641 2269 illud.
671 2229 777 2281 quod
803 2231 917 2268 Laeto
947 2233 1230 2282 superererat‚
1261 2229 1462 2280 arqentuli
1487 2230 1581 2269 a'um
1619 2231 1788 2270 cubabat
1827 2232 2047 2282 depensum

81 2292 221 2346 fuisse.
248 2290 358 2331 Nihil
381 2291 482 2330 enim
518 2291 677 2344 fecisset
717 2295 895 2343 sumptus
935 2292 974 2330 si
1011 2291 1050 2329 in
1085 2290 1247 2343 publica
1286 2291 1356 2330 illa
1381 2291 1476 2331 aede
1501 2296 1606 2331 vitae
1626 2296 1867 2344 postremam
1890 2299 2049 2344 partem

83 2354 296 2394 lraocisset.
323 2351 491 2405 Reliqua
518 2365 573 2392 ecc
599 2354 727 2392 codem
755 2355 884 2392 Ferno
909 2358 1079 2404 repetas.
1124 2353 1253 2391 Porro
1291 2352 1461 2392 Michael
1484 2355 1641 2393 Fernus
1667 2354 1968 2394 Mediolanenses
1994 2368 2050 2395 ea:

74 2416 246 2457 editione
276 2427 302 2453 a
329 2426 370 2454 se
392 2414 568 2466 primum
598 2419 742 2453 curata
769 2426 931 2466 operum
956 2415 1118 2453 loannis
1145 2416 1307 2454 Antonii
1330 2416 1527 2466 Campani
1550 2415 1699 2454 dudum
1728 2416 1912 2455 Eruditis
1935 2416 2043 2455 inno-

80 2479 182 2527 tuit,·
207 2489 276 2517 nec
302 2476 444 2516 ,lacobi
466 2477 700 2529 Antiquarii
723 2489 859 2516 nornen
886 2478 925 2515 in
955 2475 1122 2516 obsco-0
1151 2477 1270 2526 latet,
1299 2489 1386 2517 cum
1414 2481 1451 2516 et
1474 2477 1520 2517 de
1550 2477 1613 2517 illo
1642 2482 1737 2530 ayat
1763 2477 1980 2519 Fabricius
2007 2479 2047 2519 in

71 2541 141 2581 hoc
167 2541 249 2593 ipso
276 2552 390 2593 opere
423 2541 461 2578 V.
487 2540 658 2579 Jacobus
691 2541 791 2578 Tom.
820 2540 885 2578 IV.
910 2551 1008 2592 paq.
1036 2541 1129 2580 295.

158 2605 207 2644 ΙΙ.
232 2602 459 2644 Succedunt
488 2601 653 2654 Cyriaci
678 2602 917 2641 Anconitani
942 2601 1191 2641 Picenicollei
1215 2602 1300 2652 (ita
1333 2602 1434 2642 enim
1455 2614 1497 2642 se
1516 2602 1714 2655 appellat)
1742 2603 1941 2655 epistolae.
1969 2606 2045 2655 Cy-

75 2667 181 2706 riaci
209 2665 448 2706 Anconitani
473 2677 609 2704 nomen
637 2665 817 2704 Eruditis
844 2664 1014 2704 auribus
1040 2664 1188 2703 dudum
1218 2664 1417 2713 insonuit;
1444 2676 1513 2703 nec
1540 2664 1795 2716 epistolarum
1822 2666 1910 2717 ej1ts
1933 2666 2046 2718 fama

74 2741 134 2770 me
162 2729 431 2781 evulyatorem
459 2732 653 2779 expectat.
677 2728 834 2767 Norunt
858 2728 957 2766 enim
985 2727 1069 2768 viri
1095 2726 1199 2765 docti
1217 2727 1483 2780 Epistolarum
1506 2727 1671 2778 Cyriaci
1694 2727 1861 2766 codicem
1891 2728 1930 2766 in
1955 2728 2047 2767 Am-

77 2792 268 2832 brosiana
294 2790 537 2831 Bibliotheca
564 2791 751 2839 servari,
779 2795 825 2829 ut
851 2794 1027 2828 notatum
1067 2788 1358 2841 Montfauconio
1400 2788 1581 2828 Biblioth.
1609 2791 1720 2830 MSS.
1757 2791 1866 2828 Tomo
1898 2791 1930 2829 Ι.
1954 2803 2044 2842 paq.

75 2857 170 2899 542.
213 2857 346 2895 Raras
374 2858 503 2893 tamen
531 2853 733 2906 hucusque
759 2851 956 2903 prodiisse
973 2882 982 2898 ‚
1009 2850 1125 2891 credo
1141 2864 1152 2899 ,·
1184 2863 1329 2903 easque
1359 2863 1488 2891 omnes
1515 2851 1690 2903 colle91't‚
1721 2856 1915 2903 quantum
1940 2853 2044 2895 scio,

24 2915 27 2919 ’
80 2919 122 2958 V.
151 2916 209 2958 Cl.
238 2916 478 2956 Laurentius
504 2915 642 2955 Mehus
663 2946 670 2962 ,
688 2915 854 2966 junctas
880 2914 1095 2953 Itinerario
1123 2913 1307 2965 Cyriaci,
1328 2926 1350 2951 a
1371 2926 1410 2953 se
1438 2914 1537 2953 edito
1566 2914 1788 2953 Florentiae
1829 2926 1893 2952 an.
1942 2916 2044 2955 {742

76 2980 116 3020 in
145 2982 183 3020 8.
212 2979 324 3019 Alias
351 2978 402 3018 ab
430 2978 491 3017 his
517 2978 700 3018 diversas
726 2976 862 3029 reperi
882 2977 921 3014 in
948 2975 1027 3015 cod.
1058 2977 1136 3014 MS.
1167 2974 1347 3014 Biblioth.
1376 2975 1630 3020 Felinianae.
1658 2987 1760 3027 quas
1786 2987 1874 3015 cum
1902 2977 2043 3027 dianas

74 3054 144 3083 suo
172 3041 365 3091 Authore,
397 3044 434 3080 et
455 3040 539 3080 luce
574 3039 740 3092 publica
782 3042 921 3078 mereto
958 3049 1030 3077 suo
1069 3038 1272 3077 donandas
1310 3039 1550 3084 censuerim,
1576 3043 1622 3077 ut
1643 3038 1704 3077 hic
1732 3038 1869 3077 darem
1896 3051 2041 3090 operae

68 3105 245 3158 pretium
277 3115 337 3143 me
379 3103 586 3156 facturum
613 3101 810 3154 judicavi.
854 3100 992 3138 Adieci
1014 3100 1052 3138 in
1087 3101 1217 3139 eodem
1251 3101 1380 3139 codice
1413 3101 1572 3152 pariter
1597 3099 1845 3151 subjunctam
1868 3102 2043 3153 ejusdem

80 3167 244 3220 Cyriaci
274 3165 568 3205 oratiunculam
589 3165 791 3204 occasione
819 3161 974 3200 Publici
996 3163 1181 3201 Foederis
1207 3162 1468 3201 .·‘lnc‹mitsmos
1495 3163 1593 3201 inter
1618 3170 1653 3201 et
1682 3163 1913 3213 Rayusaeos
1939 3164 2041 3214 initi,

76 3228 144 3268 cui
163 3227 329 3268 Foederi
346 3226 556 3267 sanciendo
579 3227 775 3278 Cyriacus
801 3236 887 3262 cuin
914 3224 1007 3262 aliis
1032 3223 1293 3276 Optimatibus
1316 3237 1334 3263 c
1358 3225 1443 3263 suis
1468 3223 1622 3264 civibus
1640 3223 1810 3264 delectus
1833 3229 1903 3263 est.
1930 3225 2043 3266 Com-

70 3290 246 3344 positum
272 3289 372 3329 illud
403 3294 462 3330 est
482 3302 584 3328 anno
606 3290 648 3328 X.
675 3286 842 3337 Euqenii
866 3287 929 3325 IV.
948 3285 1008 3324 (lie
1024 3287 1130 3325 XIII.
1158 3288 1248 3325 Kal.
1276 3286 1478 3336 Quintiles,
1505 3286 1604 3325 idest
1630 3298 1731 3325 anno
1758 3285 1911 3326 Christi
1935 3288 2041 3327 4440

78 3353 140 3393 die
163 3353 250 3393 XIX
271 3352 394 3391 Junii.
420 3351 544 3392 Multa
571 3355 663 3391 sunt
686 3348 840 3388 totidem
867 3348 927 3387 hic
956 3360 1153 3400 expressa
1185 3347 1315 3388 verbis
1339 3360 1386 3387 ac
1411 3348 1593 3400 leyuntur
1619 3349 1658 3386 in
1682 3348 1895 3387 Itinerario
1932 3361 2042 3401 supe-

78 3415 166 3456 rius
193 3414 393 3463 indicaco;
418 3415 516 3468 quin
539 3419 575 3454 et
600 3414 639 3453 in
664 3411 922 3453 itinerarium
949 3423 1065 3452 suum
1089 3410 1243 3451 invexit
1268 3411 1463 3462 Cyriacus
1487 3423 1550 3460 ea,
1575 3423 1679 3463 quae
1701 3412 1739 3450 in
1763 3409 1836 3450 hac
1860 3411 2038 3451 oratione
