2533 4009
451 203 529 241 582

452 267 694 312 Taurinensi.
721 261 829 309 Quod
855 269 953 310 opus
973 257 1106 297 Italice
1128 254 1176 294 ab
1197 264 1397 303 anonymo

450 332 598 383 pluries
625 325 765 376 prodiit
793 312 998 361 Mediolani
1028 316 1125 356 1t81
1153 315 1339 372 611507,
1360 313 1396 353 [ι.

452 391 606 431 Taurini
637 387 746 425 1610.
774 384 884 426 16528,
911 383 945 419 8.

503 452 546 490 In
567 448 738 500 primam
768 446 845 483 Fen
869 442 1089 482 Avt'cennae
1108 440 1217 479 Saec.
1238 439 1322 478 XV.
1349 439 1398 476 si-

452 525 499 552 nc
529 513 609 550 loco
634 514 672 546 et
697 519 800 546 anno
823 509 858 544 in
887 506 921 543 4.
951 505 1081 554 Super
1118 508 1267 554 qnarla
1304 501 1399 539 Fen.

450 576 584 613 venet.
612 570 714 610 1385
739 570 762 607 s.

502 632 628 686 Super
651 630 898 683 aphorismos
918 627 1174 679 Hippocratis
1192 626 1303 664 —In
1321 630 1403 665 tres

450 698 566 736 libros
591 693 840 733 Microtecbni
866 691 1019 730 Galeni.
1046 690 1225 729 Venetiis
1249 688 1351 728 1523
1377 689 1402 726 f.

450 763 502 800 De
529 757 710 797 febribus.
735 755 830 792 Vide,

504 816 767 859 Mazzuchelli
788 815 979 856 Scri'ctori
1009 813 1204 861 ffiltah'a,
1247 812 1406 853 Tirabo-

450 882 535 924 scln'
546 878 845 927 St07·1'a,jlur1'ni'
859 876 967 927 Deyli
983 876 1133 916 Archia
1140 877 1192 915 tri
1214 875 1405 927 Ponte'ficj.

503 943 671 984 Consilia
697 943 890 980 Bononiae
914 939 1028 979 4582.
1050 941 1188 978 Venct.
1213 939 1316 979 1518
1337 939 1401 976 foi.

502 1006 601 1046 L'GO
631 1004 676 1042 (Ie
702 1002 882 1051 Cascello,
908 1003 1139 1053 Tipbernas,
1165 1013 1268 1052 quae
1301 1000 1397 1040 urbs

447 1067 560 1107 hodie
584 1066 686 1107 Ci'tls'i
705 1064 746 1103 di
771 1063 937 1104 Castello
969 1068 1144 1110 vocatur,
1166 1063 1258 1102 Ord.
1292 1064 1404 1101 Prae-

451 1130 664 1168 dicatorum
683 1128 899 1166 Florentiae
923 1127 958 1163 in
976 1130 1178 1164 conventu
1201 1125 1239 1162 S.
1263 1126 1405 1164 Mariae

452 1191 627 1229 novellae
670 1201 703 1228 a.
747 1189 849 1227 1337
894 1189 1053 1238 scripsit
1100 1186 1139 1225 in
1181 1186 1404 1239 Spliaeram

448 1251 610 1290 Joannis
640 1251 685 1289 de
714 1248 972 1290 Sacrobosco.
999 1250 1135 1296 Quetif
1157 1249 1204 1288 de
1236 1249 1407 1299 Scripto-

450 1314 558 1353 ribus
588 1313 680 1352 Ord.
714 1312 1033 1351 Praedicatorum
1066 1318 1159 1350 tom.
1191 1313 1219 1351 I.
1249 1324 1283 1363 p.
1315 1313 1406 1352 593.

514 1376 618 1427 3337)
654 1374 883 1414 Inchoacum
909 1374 1083 1414 Parisiis
1103 1404 1112 1413 .
1138 1404 1147 1413 .
1168 1405 1175 1413 .
1195 1374 1267 1414 sed
1278 1374 1410 1427 perfe-

460 1442 564 1476 ctum
603 1436 826 1476 Florentiae
850 1448 911 1475 an.
938 1437 1280 1477 MCCCXXXVII.
1326 1439 1380 1476 lta
1399 1467 1408 1483 ,

450 1498 563 1549 juxta
587 1498 824 1545 Quefflum,
855 1498 891 1535 in
918 1497 1062 1536 Codice
1090 1499 1156 1548 qui
1183 1498 1346 1536 extabat
1373 1500 1409 1536 in

451 1561 648 1602 Coenobio
673 1562 711 1600 S.
743 1561 946 1606 Honorati,
985 1561 1167 1609 Parisiis;
1200 1572 1272 1599 nec
1296 1562 1409 1611 plura

456 1625 502 1662 de
529 1624 599 1661 boc
625 1625 814 1673 scriptore
839 1623 896 1659 Jo.
921 1623 1022 1661 Muzi
1044 1623 1264 1673 Episcopus
1290 1624 1326 1660 in
1350 1635 1414 1673 op.

453 1685 638 1725 Memor-ie
662 1684 698 1722 di
733 1686 775 1723 C.
811 1684 848 1722 di
885 1684 1057 1723 Castello
1095 1686 1216 1723 Tomo
1242 1686 1285 1724 V.
1320 1685 1412 1724 213.

456 1747 551 1787 ibid.
576 1746 701 1793 iste,
729 1745 791 1784 474.
820 1747 930 1784 Tomi
952 1748 1032 1785 Vll.
1060 1748 1096 1784 in
1121 1748 1157 1785 8.

510 1809 607 1849 L'GO
650 1809 696 1847 de
741 1810 889 1854 From,
919 1809 1011 1847 Ord.
1061 1810 1409 1858 Praedicatorum‚

460 1874 572 1911 cuius
589 1873 794 1911 Sermones
818 1870 1016 1909 itinerarii
1034 1870 1299 1911 (16661199
1316 1877 1412 1911 sunt

461 1935 678 1973 florentiae
701 1934 736 1971 in
754 1933 985 1972 bibliotheca
1006 1933 1097 1971 Ord.
1116 1934 1258 1980 Ouetif.
1278 1935 1304 1973 1.
1322 1935 1410 1974 593.

518 1995 617 2048 «43:382
639 1997 721 2035 Non
745 1995 845 2034 alius
875 1995 936 2034 bic
961 2000 1022 2033 cst
1056 2007 1174 2046 quam
1209 1997 1284 2047 1⁷90
1310 1997 1414 2035 Pan—

461 2059 726 2106 ci'era,cuius‚
764 2057 932 2106 eleganti
970 2059 1182 2097 vernaculo
1211 2069 1412 2108 sermone,

462 2126 616 2173 praeter
643 2121 804 2159 Cantica
844 2120 931 2169 (lv)
972 2126 1136 2159 curante
1161 2121 1207 2159 cl.
1245 2122 1413 2160 Caesare

462 2184 598 2223 (iuasti
622 2184 735 2231 Preti,
767 2193 829 2221 an.
857 2181 951 2221 1861
984 2184 1018 2221 ἰῐ]
1041 2183 1066 2222 8
1093 2194 1248 2231 recusa,
1274 2189 1413 2223 extant

464 2246 608 2296 pluries
629 2245 720 2283 editi

514 2306 657 2347 Alcimi
672 2305 870 2357 si'nyulari
888 2307 1058 2346 Tractatz‘
1071 2307 1110 2345 in
1127 2307 1294 2347 Firenze
1314 2309 1415 2348 1192

464 2383 523 2421 ap.
549 2369 769 2410 ,ue'scomini
792 2375 832 2408 et
857 2370 947 2408 ibid.
972 2382 1032 2420 ap.
1070 2370 1291 2422 Moryianz‘,
1313 2383 1417 2409 anno

465 2436 607 2485 pariter
642 2435 743 2473 1492
767 2434 936 2472 editione
961 2433 1234 2472 emendatiori.
1262 2434 1418 2473 Venetia

461 2511 534 2552 per
561 2498 665 2538 Χῖος.
689 2498 837 2536 Brenta
861 2497 901 2536 S.
929 2496 972 2536 Α.
989 2497 1076 2536 Sec.
1096 2497 1180 2537 XV.
1204 2497 1240 2536 [ι.
1265 2497 1421 2538 Genova

466 2561 619 2601 Bellone
640 2559 753 2608 4535,
772 2562 808 2599 8.

520 2626 574 2663 De
606 2636 651 2662 eo
669 2623 864 2670 Quetifius
899 2624 935 2661 in
966 2634 1025 2674 op.
1058 2623 1298 2673 (Scriptores
1327 2623 1420 2663 Ord.

473 2687 788 2727 Praedicatorum
812 2688 921 2724 Tom.
937 2687 966 2725 1.
981 2697 1066 2737 pag.
1084 2686 1175 2734 551)
1197 2687 1238 2724 F.
1254 2685 1418 2724 Leandri

467 2751 613 2788 Aiberti
636 2751 752 2788 verba
772 2750 902 2797 refert,
917 2761 963 2787 cx
981 2748 1125 2799 quibus
1144 2759 1193 2786 ex
1213 2749 1421 2787 Vinacensi

469 2813 697 2861 (Vinacccsi)
736 2813 879 2851 familia
918 2816 1070 2856 satum,
1103 2811 1420 2850 concionatorem

469 2875 656 2913 eximium
682 2875 874 2920 evasisse,
901 2875 1002 2912 Prati
1028 2883 1130 2912 anno
1154 2873 1257 2912 ⁴362
1280 2874 1422 2911 aetatis

471 2935 550 2974 LX.
571 2936 712 2973 obiisse
729 2935 933 2973 discimus.
956 2935 1111 2985 Scripta
1131 2945 1226 2973 vero
1251 2945 1422 2985 sequen-

471 2998 521 3034 tia
544 3002 697 3035 tantum
727 2998 934 3047 reliquisse
961 2997 1094 3035 refert.

525 3059 728 3097 Sermones
747 3058 1004 3098 Dominicales
1024 3057 1370 3111 superEvanqelia
1388 3062 1425 3097 et

475 3119 667 3169 lspi'stolos
690 3132 761 3171 per
779 3124 896 3159 lotum
914 3132 1075 3159 annum.
1098 3122 1287 3171 (Lovanii)
1307 3123 1352 3160 Jo
1373 3121 1420 3160 dc

480 3182 704 3230 Wespbaiia
733 3182 834 3221 1528'4
861 3184 921 3221 foi.

529 3263 579 3272 —
601 3244 653 3281 De
677 3244 831 3283 Sanctis
867 3245 1145 3295 ilcidelbergae
1184 3244 1284 3285 1ῖι85
1317 3246 1339 3284 f.
1370 3247 1420 3284 Et

480 3308 609 3354 postea
629 3306 781 3355 utrique
802 3308 916 3347 simui
940 3307 1117 3358 Lugduni
1136 3307 1251 3355 1511,
1270 3307 1304 3346 lv.
1324 3307 1418 3346 ibid.

1349 183 1488 222 UGO

1473 252 1526 290 du
1548 253 1624 291 Res
1645 250 1761 298 4528,
1778 249 1803 290 8
1825 252 1920 291 tomi
1942 253 1989 292 ΙΙ.
2006 251 2163 292 Parisiis
2183 250 2286 290 Petit
2310 251 2426 304 4542,

1471 316 1495 355 8
1519 316 1559 353 Τ.
1588 315 1654 353 111.
1681 314 1873 365 Antuerp.
1896 315 2034 354 Bellcri
2062 313 2175 360 1617,
2199 315 2221 352 8
2246 315 2289 353 Τ.
2315 316 2378 354 IV.

1524 400 1575 406 —
1593 376 1964 427 Quadrayesimales
1978 377 2153 416 Venetiis
2167 377 2270 417 1578
2284 382 2324 416 et
2341 377 2433 418 ibid.

1473 452 1534 492 ap.
1560 441 1766 479 Variscum
1795 439 1910 484 1584,
1934 439 1973 478 8.

1528 502 1678 541 lnedita
1706 512 1798 539 vero
1829 503 2036 541 Sermones
2056 501 2102 540 de
2123 502 2312 542 Trinitate
2335 502 2434 542 etde

1479 566 1519 605 S.
1541 564 1755 603 Laurentio
1785 564 1890 602 MSS.
1915 563 2120 613 Augustae.
2141 565 2375 604 Vindelicor.

1534 650 1585 658 —
1610 627 1850 667 Communes
1869 648 1921 655 —
1947 627 2000 665 De
2023 626 2180 667 Sanctis
2204 631 2242 666 ec
2262 625 2309 666 de
2333 627 2436 666 Gro-

1482 690 1537 729 tia
1560 710 1611 718 -—
1635 689 1688 726 De
1714 692 1796 726 octo
1820 687 1940 727 vitiis.

1533 752 1754 790 Florentiae
1777 750 1824 789 ad
1854 751 1892 789 S.
1921 751 2037 789 Marci
2063 749 2172 789 Arm.
2198 751 2244 790 ΙΙ.
2267 762 2304 790 n.
2325 751 2413 792 156.

1533 815 1585 852 Et
1620 824 1711 852 cum
1740 813 1776 850 in
1817 812 1974 862 prologo
1999 812 2234 853 Sermonum
2261 813 2309 852 de
2334 817 2437 853 tem-

1482 888 1574 927 pore
1605 875 1762 913 scribat.
1806 874 1885 925 Eyo
1919 873 2112 913 oriundus
2153 873 2197 913 de
2230 876 2352 914 Praeo
2389 874 2436 914 de

1477 937 1620 990 florido
1646 936 1979 976 praedicatorum
2003 934 2140 975 ordine
2161 936 2347 976 minimus
2370 940 2440 976 etc.

1483 1000 1610 1050 lepide
1638 1000 1739 1051 apud
1759 1010 1854 1039 suos
1877 1009 2072 1050 agnomen
2098 997 2145 1037 de
2180 997 2439 1050 Pratollorido

1482 1063 1667 1102 obtinuit.

1537 1125 1615 1163 Nec
1637 1123 1822 1163 diversus
1846 1123 1894 1162 ab
1919 1123 2014 1171 ipso,
2029 1123 2086 1162 uti
2111 1133 2212 1170 reor,
2231 1123 2272 1162 F.
2295 1122 2373 1175 qu
2397 1123 2442 1163 de

1485 1186 1608 1225 Prato
1635 1188 1709 1232 iiie,
1735 1187 1784 1224 de
1809 1197 1886 1236 quo
1911 1184 2106 1232 Quetifius
2128 1184 2244 1233 idem,
2267 1184 2387 1238 (Tom.
2411 1185 2440 1225 l.

1484 1260 1569 1298 pag.
1593 1247 1694 1295 593.)
1720 1249 1801 1286 Jac.
1824 1247 1988 1297 Philippi
2014 1248 2211 1286 Tomasini
2235 1248 2270 1284 in
2298 1247 2440 1286 Biblio-

1484 1311 1598 1349 theca
1626 1311 1815 1349 Patavina
1842 1321 1927 1359 pag.
1952 1309 2001 1348 52
2027 1308 2102 1347 fide
2125 1310 2242 1348 nixus
2262 1308 2440 1348 breviter

1486 1373 1671 1423 loquitur,
1696 1377 1735 1410 et
1759 1384 1778 1411 a
1802 1376 1936 1410 nostro
1959 1369 2254 1421 distinguendo.
2278 1371 2374 1410 Eius

1539 1436 1746 1474 Sermones
1767 1432 1974 1473 itinerarii
2006 1431 2102 1472 dicti
2127 1443 2229 1472 anno
2256 1433 2358 1472 1199
2382 1432 2443 1472 die

1487 1497 1605 1536 tertia
1644 1496 1744 1536 Juliz'
1773 1498 1828 1535 uti
1865 1508 1925 1545 ap.
1970 1496 2248 1535 Dominicanos
2291 1496 2440 1534 Patavii

1487 1565 1698 1605 extantes,
1733 1561 1853 1599 alium
1880 1560 2057 1610 Ugonem
2090 1557 2139 1597 de
2176 1557 2291 1596 Prato
2325 1556 2439 1608 juxta

1488 1634 1578 1662 eum
1601 1623 1865 1661 constituunt.

1540 1685 1591 1723 At
1610 1685 1875 1723 ‘romasiniani
1900 1687 2102 1734 typotetae
2127 1682 2352 1734 sphalmati,
2377 1683 2440 1721 cui

1487 1759 1549 1787 an.
1584 1747 1686 1786 1359
1711 1748 1841 1797 potius
1865 1751 1949 1786 erat
1973 1745 2198 1785 cudendum
2219 1777 2226 1794 ‚
2252 1746 2436 1796 Ugonum

1487 1808 1535 1846 de
1561 1811 1674 1848 Prato
1698 1809 2006 1860 geminationem
2025 1808 2142 1847 credo
2167 1807 2440 1846 tribuendam:

1488 1871 1722 1910 Itinerarios
1731 1882 1928 1910 sermones
1942 1872 2071 1910 forsan
2089 1870 2173 1909 ideo
2197 1869 2324 1908 dictos
2353 1870 2445 1920 quia

1490 1935 1526 1972 in
1554 1934 1755 1973 redeundo
1771 1946 1790 1972 a
1812 1935 2066 1973 Tartarorum
2092 1934 2262 1985 regione,
2287 1932 2353 1972 ubi
2374 1931 2440 1971 diu

1488 1998 1604 2045 vixit,
1626 2009 1691 2036 ens
1712 1998 2004 2047 conscripserit.

1541 2067 1798 2114 UGOLINUS,
1831 2067 1921 2105 vide
1953 2065 2183 2118 Huqolinus.

1546 2130 1797 2170 UGOLIMJS
1827 2127 2107 2178 Μαῖαὸναηοα,
2131 2127 2220 2167 vide
2245 2138 2364 2178 supra
2387 2127 2443 2166 lit.

1490 2195 1537 2233 M.
1570 2194 1716 2244 quibus
1757 2192 1856 2231 adde
1885 2191 2123 2231 Gandoifum
2167 2191 2215 2230 de
2259 2190 2444 2230 ducentis

1491 2255 1793 2300 Augustinianis
1824 2254 2087 2304 scriptoribus
2118 2265 2153 2304 p.
2184 2251 2272 2292 3li3,

1544 2316 1795 2356 UGOLlNUS
1824 2315 1870 2355 cle
1902 2317 2023 2355 Porta
2052 2317 2290 2362 Ravennate,
2320 2315 2445 2354 Bono-

1496 2381 1663 2424 niensis,
1694 2379 1848 2418 auditor
1878 2380 2034 2424 Irnerii‚
2064 2378 2170 2417 ,luris
2198 2377 2330 2417 civilis
2355 2377 2450 2416 Pro-

1495 2444 1619 2482 fessor
1649 2447 1689 2480 et
1720 2442 1923 2480 Glossator
1953 2441 2246 2480 celeberrimus.
2283 2437 2449 2479 Glossas
2495 2467 2502 2472 -

1497 2507 1582 2544 eius
1614 2506 1784 2544 Crassus
1817 2505 1853 2541 in
1887 2515 1957 2542 suo
2002 2506 2193 2554 apparatu
2237 2500 2391 2541 adiecit.
2419 2500 2452 2539 A

1495 2568 1690 2606 Friderico
1732 2569 1850 2605 etiam
1883 2567 1910 2604 1.
1956 2566 2198 2615 Imperatore
2230 2563 2276 2604 ad
2308 2563 2451 2602 librum

1496 2628 1719 2667 Feudorum
1750 2625 2045 2677 compilandum
2090 2630 2131 2663 et
2166 2623 2451 2663 conferendum

1496 2690 1695 2729 adhibitus
1735 2696 1811 2729 est.
1853 2689 1960 2727 Obiit
1989 2699 2022 2726 a.
2055 2686 2170 2727 1168.
2200 2685 2448 2726 Pancirollus

1497 2753 1544 2792 de
1591 2754 1708 2793 claris
1761 2755 1908 2803 Legum
1961 2748 2248 2801 interpretibus
2294 2748 2342 2787 ΙΙ.
2393 2745 2455 2787 17.

1497 2816 1674 2856 Bumaidi
1705 2814 1893 2854 Minerval
1925 2813 2171 2852 Bononiense,
2201 2821 2239 2861 p.
2268 2809 2361 2848 228.

1545 2877 1796 2917 UGOLINUS
1809 2875 1856 2915 de
1869 2872 2132 2922 Schoalochis,
2147 2870 2446 2918 Cremonensis,

1498 2942 1542 2981 U.
1563 2942 1596 2980 J.
1618 2942 1661 2979 D.
1685 2940 1799 2979 Urbis
1823 2938 2022 2983 Astensis‚
2049 2939 2209 2976 Praetor
2229 2933 2456 2973 Genuensis

1497 3008 1536 3041 et
1567 3004 1603 3041 in
1637 3013 1845 3042 numerum
1878 2999 2067 3038 nobilium
2100 2997 2249 3036 relatus
2277 2995 2382 3034 circa
2410 3005 2445 3033 a.

1499 3066 1613 3105 1318.
1644 3065 1803 3115 scripsit
1846 3061 1902 3101 ad
1925 3060 2104 3103 Codicem
2132 3056 2451 3104 Jusaemianeum,

1496 3128 1542 3168 de
1567 3127 1704 3180 leqatis
1719 3127 1811 3179 piis,
1836 3126 1882 3165 de
1902 3122 2194 3178 compromissa
2216 3120 2332 3161 Arisii
2356 3119 2449 3158 Cre·

1497 3202 1610 3229 mona
1643 3191 1794 3228 literata
1826 3193 1920 3226 tom.
1956 3188 1987 3226 1.
2017 3198 2055 3237 p.
2087 3185 2176 3225 152.

1550 3251 1864 3298 UGUETINUS,
1908 3246 2133 3288 Canonicus
2183 3246 2354 3297 primum
2398 3244 2440 3283 S.

1497 3311 1882 3366 Augustini‚deindc
1907 3309 2122 3350 Monachus
2147 3305 2334 3347 Metensis
2352 3304 2452 3345 Ord.
