2517 4009
831 236 1325 278 ODINGTONUS

99 307 265 346 riacensi
289 312 383 346 tom.
405 307 430 347 2
455 318 540 359 pag.
567 308 643 347 136
664 309 753 348 vide
776 310 985 349 Historiam
1006 311 1049 349 il—

98 369 175 409 lam
202 369 293 409 ibid.
317 375 412 408 tom.
435 370 500 408 Vl.
526 382 560 422 p.
588 371 678 411 475.
698 372 718 394 *

143 431 468 472 ODINGTONUS
489 444 607 484 supra
622 465 633 483 ,
658 434 974 475 ODENDUNUS·

143 494 244 534 ODO
258 492 393 532 Abbas
407 492 571 545 Anylus,
591 496 689 535 infra
701 496 802 536 ODO
813 496 1044 536 Cantianus.

143 555 244 594 000
267 554 426 604 Amas,
448 558 615 608 scriptor
636 561 742 596 vitae
767 558 955 609 Greyorii
975 559 1048 597 Tu-

88 617 286 658 ronensis.
309 619 412 657 Infra
436 621 473 657 in
497 619 636 659 Odone
661 622 929 660 Cluniacensi.

142 679 243 719 ODO
263 682 348 720 sive
369 681 505 720 ODDO
529 682 708 722 Astensis
734 684 772 721 in
801 684 953 734 Liguria
969 686 1045 722 Mo-

91 743 242 783 nachus
260 744 542 784 Benedictinus
559 747 661 784 circa
684 745 729 784 A.
742 746 857 785 1120.
878 747 1046 797 scriptor

86 808 344 857 expositionis
366 819 435 858 per
458 809 834 859 contemplationem
857 815 1043 848 exaratae

88 868 129 908 in
153 868 331 908 Psalmos
371 869 420 909 ad
459 872 686 909 Brunonem
726 872 968 922 Episcopum
1005 873 1042 909 in

89 929 302 983 Campania
318 933 491 972 Romana
510 934 742 984 Signinum,
761 944 846 972 sive
864 934 1044 984 Signien-

86 1004 174 1033 sem
203 994 251 1034 de
281 1005 360 1046 quo
385 994 537 1033 dictum
563 1000 658 1033 tom.
691 997 705 1034 1
739 1007 774 1046 p.
825 996 914 1034 266.
958 1007 1042 1046 seq.

85 1057 231 1096 Exstat
256 1059 293 1095 in
321 1058 499 1097 Psalmos
542 1058 758 1108 plerosque
802 1059 850 1097 ad
892 1058 1041 1098 calcem

87 1131 252 1170 operum
279 1121 478 1159 Brunonis
505 1119 647 1159 venet.
672 1122 788 1160 1651.
825 1121 887 1160 fol.
927 1126 967 1160 et
1005 1123 1042 1159 in

85 1183 328 1223 Bibliotheca
358 1185 521 1223 Patrum
548 1183 805 1235 Lugdunensi
833 1189 925 1222 tom.
952 1185 1040 1223 XX.

87 1255 174 1296 pag.
201 1245 443 1285 1816-1871.

141 1305 246 1346 000
276 1307 362 1346 sive
401 1306 673 1347 ODOARDUS
711 1319 760 1346 ex
800 1308 1042 1348 scholastico

86 1367 370 1408 Aurelianensz·
384 1400 393 1419 ,
416 1369 551 1409 Abbas
575 1371 617 1409 S.
640 1372 795 1409 Martini
821 1372 1045 1410 Tornacen-

89 1431 164 1479 sis,
180 1431 273 1470 Ord.
303 1432 448 1470 Bened.
470 1437 511 1471 et.
527 1433 575 1471 ab
591 1432 665 1471 An.
687 1433 799 1471 4105.
826 1434 1044 1483 Episcopus

89 1493 409 1543 Cameracensis,
433 1494 502 1533 sed
528 1495 744 1534 defunctus
760 1496 988 1546 Aquincinti
1008 1498 1044 1534 in

89 1556 206 1595 exilio
229 1555 291 1595 An
322 1556 412 1596 113.
432 1557 488 1595 De
514 1557 578 1595 illo
601 1557 809 1596 Amandus
830 1557 878 1595 de
897 1558 1048 1596 Castel-

90 1619 128 1658 lo
150 1630 200 1657 ex
224 1619 355 1658 Priore
375 1619 690 1670 Aquicinctiensi
711 1620 844 1658 Abbas
860 1620 1048 1659 Marchia-

90 1682 228 1720 nensis
248 1682 286 1720 in
312 1682 491 1732 Epistola
515 1682 667 1733 prolixa
688 1681 736 1721 de
760 1682 848 1732 ejus
888 1684 970 1720 vita
1008 1687 1047 1720 et

89 1743 217 1793 obitu,
241 1745 510 1795 Manuscripta
534 1745 573 1782 in
599 1744 695 1783 Bibl.
723 1745 761 1784 S.
782 1746 936 1783 Martini
955 1745 1047 1782 Tor-

89 1808 270 1857 nacensi,
297 1810 401 1845 teste.
426 1806 606 1845 Sandero
627 1818 715 1858 pag.
747 1806 835 1846 408.
857 1808 1047 1846 ilenricus

88 1869 367 1909 Gandavensis
390 1881 476 1921 cap.
502 1871 536 1909 [ι.
562 1875 602 1909 et
634 1870 684 1908 ibi
713 1870 816 1909 Aub.
848 1872 1045 1909 Miraeus:

87 1932 332 1972 Trithemius
354 1943 439 1984 cap.
476 1933 564 1972 372¹.
602 1932 651 1972 de
681 1934 720 1972 S.
746 1934 790 1972 E.
826 1937 866 1971 et
902 1933 1042 1971 illustr.

87 1994 335 2034 Benedictin.
362 1996 390 2035 l.
421 1996 603 2035 Labbeus
625 2001 653 2034 t.
678 1996 702 2034 2
724 1996 773 2034 de
798 1996 836 2034 S.
881 1995 926 2033 E.
956 2007 1041 2047 pag.

88 2057 179 2098 ⁴28.
203 2058 500 2098 Sammarthani
524 2063 617 2097 tom.
647 2060 661 2097 1
692 2070 780 2110 pag.
816 2058 905 2098 237.
944 2060 1042 2108 Ejus

86 2118 185 2159 haec
207 2121 474 2172 Manusc-ripta
505 2122 671 2160 Tornaci
700 2122 739 2159 in
765 2121 862 2159 Bibl.
880 2121 918 2160 S.
944 2122 1042 2160 Mar-

85 2183 159 2222 tini
179 2189 342 2224 exstant
365 2189 470 2223 teste
493 2183 670 2223 Sandero
705 2196 743 2234 p.
781 2183 868 2222 107.
912 2185 1042 2236 Super

82 2245 263 2287 Canones
282 2245 619 2298 Evanqeliorum,
645 2246 800 2296 (Jacobo
838 2248 968 2298 Longo
1005 2258 1039 2296 p.

86 2309 176 2348 883.
196 2309 294 2349 Bibl.
324 2309 494 2348 Biblicae
517 2308 566 2347 de
589 2308 807 2348 Concordia
831 2309 1042 2360 Evangeli-

82 2375 236 2412 starum
261 2371 346 2411 libri
367 2373 471 2422 quo.)
495 2372 551 2409 De
574 2370 764 2421 oriqinali·
775 2374 937 2422 peccato
955 2371 1039 2409 libri

86 2435 152 2474 ΙΙΙ.
178 2435 233 2473 De
258 2435 416 2474 Canone
439 2432 596 2472 Altaris
613 2464 622 2481 ,
647 2433 695 2472 ad
733 2433 1009 2472 Vulbodonum
1026 2464 1037 2481 ,

87 2495 276 2535 dilectum
298 2496 436 2535 filium.
454 2495 671 2546 disputatio
689 2498 828 2533 contra
845 2494 1041 2533 Judaeum

87 2557 240 2597 nomi-ne
256 2558 452 2604 Leonem,
473 2557 522 2596 de
568 2556 746 2595 adventu
776 2557 951 2599 CHristi‚
983 2558 1042 2594 Fi-

87 2621 128 2660 lii
148 2621 259 2670 DEl,
284 2619 464 2670 dialogus
493 2618 650 2658 dicatus
689 2618 867 2666 Acardo,
903 2618 1042 2656 Phide-

88 2685 217 2722 mensi
242 2682 443 2722 Monacho.
469 2682 708 2726 mactatus,
738 2679 836 2732 quid
871 2680 923 2718 sit
961 2677 1044 2717 bla-

87 2743 265 2799 sphemia
287 2746 327 2785 S.
342 2744 531 2796 Spiritus.
555 2743 719 2782 Homilia
739 2745 774 2780 in
796 2744 921 2782 Lucae
939 2743 1040 2781 XVI.

89 2809 137 2848 de
158 2807 288 2848 villico
322 2806 555 2858 iniquitatis.
581 2804 768 2858 Eaepositi
796 2804 967 2846 Canonis
1005 2804 1044 2842 in

91 2871 273 2910 honorem
292 2871 332 2910 S.
355 2867 572 2907 Trinitatis.
596 2870 638 2907 ln
661 2868 838 2907 Ecclesia
854 2867 1043 2906 Jacobaea

90 2933 288 2974 Catherali
314 2936 409 2970 tom.
432 2931 457 2970 2
482 2931 656 2981 Catalogi
682 2931 1039 2980 Manuscriptorum

89 2995 254 3047 Angliae
277 3005 363 3046 pag.
379 2994 470 3032 244.
495 2994 664 3033 habetur
680 2992 764 3032 Odo
782 2993 1043 3032 Cameracen-

90 3059 147 3096 sis
175 3057 225 3096 de
250 3055 409 3096 Canone
434 3057 579 3095 missae
597 3085 607 3105 ,
635 3061 676 3094 et
697 3066 819 3106 super
842 3053 1043 3093 Canonem

90 3120 309 3171 Evangelii.
336 3119 442 3158 ldem
465 3118 506 3157 in
530 3115 723 3157 psalmos.
752 3119 809 3156 Ex
840 3116 902 3154 his
926 3127 1045 3168 eoepo-

91 3183 181 3224 sitio
197 3181 368 3224 Canom's
385 3181 537 3220 Missae
561 3179 688 3218 divisa
712 3181 748 3216 in
774 3183 944 3228 quatuor
968 3179 1047 3216 dis-

89 3247 304 3286 tinctiones
341 3244 387 3283 ad
423 3243 603 3282 Odoncm
644 3243 731 3280 sivo
768 3239 1045 3279 Vulbodonum

141 3391 174 3430 a)
204 3388 282 3420 Vide
308 3389 490 3429 Dupinium
513 3391 539 3421 t.
561 3386 592 3419 7.
615 3384 702 3416 Bibl.
725 3383 895 3416 Ecclesiae
914 3393 933 3423 p
968 3382 1043 3415 109.

2003 243 2079 283 4747

1122 322 1239 360 quem
1261 309 1444 349 dilectum
1459 310 1584 362 filium
1599 323 1716 351 suum
1754 312 1828 352 sub
1860 312 2078 353 venerabili

1121 371 1272 412 Abbate
1309 374 1580 424 Hastiqinensi
1619 374 1820 426 Fulyentio
1865 376 2081 416 Dominicis

1123 435 1268 474 castris
1288 436 1518 475 militantem
1538 438 1731 488 appellat,
1754 438 1857 478 edita
1876 441 1899 478 a
1920 440 2082 479 Franci-

1123 509 1190 536 sco
1231 499 1482 537 Titelmanno
1501 529 1509 542 .
1544 500 1752 551 Antwerp.
1793 502 1909 540 4523.
1956 503 2077 553 Lugd.

1124 560 1236 598 1556.
1278 561 1367 599 inde
1403 562 1440 598 in
1478 562 1729 601 Bibliotbecis
1760 564 1920 603 Patrum
1952 566 2072 604 Paris.

1123 622 1237 660 ⁴575.
1264 627 1370 662 tomo
1393 624 1426 661 4.
1449 629 1488 662 et
1514 625 1626 663 4589.
1655 625 1769 664 ⁴624.
1808 626 1921 665 4644.
1954 632 2075 666 torno.

1123 682 1209 722 ΧΙΙ.
1235 689 1275 723 et
1297 685 1419 736 Lugd.
1447 691 1474 723 t.
1502 687 1606 725 XXI.
1627 698 1713 737 pag.
1735 688 1825 726 251.
1851 689 1914 727 ubi
1933 688 2077 728 deinde

1120 752 1348 797 sequuntur
1368 748 1547 797 eJusdem
1573 748 1723 787 Odonis
1741 752 1932 800 opuscula
1951 762 2076 798 sacra,

1121 821 1223 858 quae
1248 811 1400 860 primus
1418 810 1598 849 Andreas
1615 811 1807 850 Scliottus
1830 814 1865 850 in
1889 818 1994 851 tomo
2009 814 2077 852 de-
2119 829 2123 833 ·

1118 873 1220 910 cimo
1237 875 1376 922 quinto
1403 874 1584 912 Biblioth.
1599 875 1757 912 Patrum
1769 873 2015 913 Coloniensis
2030 878 2074 914 Α.

1121 935 1235 973 1622.
1258 936 1506 986 vulgaverat:
1531 935 1577 973 de
1601 940 1763 987 peccato
1786 937 1971 987 oriqinali
1989 939 2073 977 libri

1118 998 1182 1036 111.
1206 1010 1289 1050 pag.
1315 998 1404 1036 227.
1437 997 1625 1049 Dialoqus
1649 1010 1738 1037 cum
1770 1000 1892 1037 Leone
1925 1000 2074 1039 Judaeo

1117 1058 1163 1097 de
1193 1059 1363 1098 adventu
1396 1061 1562 1100 CHrisci
1594 1060 1690 1098 Filii
1725 1061 1821 1099 DEI
1857 1074 1943 1112 pag.
1984 1063 2074 1101 241.

1116 1122 1171 1160 De
1203 1121 1445 1174 blasphemia
1475 1123 1513 1160 in
1543 1123 1739 1173 Spiritum
1759 1125 1800 1162 S.
1834 1137 1870 1175 p.
1902 1126 1993 1164 ⁶255.
2025 1126 2071 1163 In

1119 1184 1295 1223 Curiones
1326 1185 1635 1235 Ευαηῃείίυνιινη
1657 1199 1741 1236 pag.
1774 1188 1868 1225 ⁵247.
1900 1187 2073 1226 nomilia

1117 1245 1162 1284 de
1182 1245 1310 1285 villico
1332 1246 1550 1298 iniquitatis
1573 1249 1662 1286 Luc.
1689 1250 1789 1287 xvi.
1815 1261 1853 1299 p.
1882 1250 2069 1289 249-251.

1119 1308 1379 1348 Collalionum
1418 1307 1566 1347 librum
1610 1315 1649 1347 et
1689 1309 1910 1351 Parabolos
1934 1342 1942 1358 ,
1969 1323 2070 1362 quae

1117 1373 1381 1422 Manuscripta
1405 1376 1597 1410 memorat
1627 1373 1821 1421 Miraeus,
1854 1385 1968 1411 nemo
2004 1373 2071 1412 ad-

1119 1433 1196 1471 huc
1218 1434 1254 1470 in
1274 1433 1403 1472 lucem
1427 1434 1619 1483 protulit,
1644 1435 1701 1472 uti
1734 1445 1805 1472 nec
1822 1434 1969 1472 Odonis
1993 1436 2072 1474 Au-

1121 1495 1355 1533 relianensis
1369 1495 1562 1534 Carmina
1577 1507 1678 1545 quae
1689 1498 2069 1547 Manuscriptaevol-

1123 1558 1181 1594 vit
1197 1558 1384 1607 Cangius.

1174 1619 1196 1642 ³*
1224 1619 1424 1658 Authores
1453 1621 1550 1658 Hist.
1582 1621 1700 1658 litter.
1731 1620 1902 1659 Gallicae
1924 1625 2079 1670 praeter

1123 1681 1218 1721 haec
1247 1683 1378 1721 omnia
1423 1684 1569 1733 scripta
1613 1682 1763 1721 Odonis
1805 1681 1955 1721 addunt
1983 1694 2078 1734 opu-

1125 1742 1239 1784 scula
1265 1745 1340 1784 alia
1371 1745 1565 1795 quaedam
1596 1745 1798 1783 dialectica
1830 1745 1940 1783 velut
1970 1745 2076 1788 illud,

1121 1807 1226 1858 quod
1258 1808 1486 1846 inscribitur
1514 1807 1724 1859 Sophz'sta3
1754 1807 1858 1846 aliud
1885 1807 1987 1858 quod
2013 1814 2074 1846 est

1124 1869 1468 1922 Compleoez'onum‚
1493 1882 1536 1909 ac
1558 1870 1730 1920 denique
1752 1872 1910 1909 tertium
1938 1873 1974 1907 in
1997 1882 2073 1920 quo

1121 1934 1300 1985 disputat
1325 1934 1371 1973 cle
1399 1945 1444 1972 re
1469 1938 1505 1972 el
1534 1944 1618 1972 esse
1645 1944 1694 1971 an
1727 1933 1828 1971 idem
1859 1934 1950 1970 sint.
1981 1933 2000 1953 ¹¹

1170 1997 1271 2036 ODO
1290 1996 1490 2036 Bellensis.
1514 1997 1615 2035 Infra
1637 2025 1646 2041 ‚
1677 1995 1756 2034 Odo
1784 1995 2015 2041 Cardianus,
2032 2001 2072 2033 et

1120 2058 1199 2097 Odo
1221 2058 1568 2098 Mormzundensis.

1168 2123 1270 2161 ODO
1299 2124 1325 2161 1.
1357 2121 1622 2160 Bellaacensis
1651 2132 1701 2159 ex
1740 2120 1893 2159 Abbatc
1931 2120 2071 2159 Corbe-

1111 2183 1215 2235 jensi
1232 2186 1454 2236 Episcopus
1475 2184 1523 2222 ab
1544 2184 1658 2222 Anno
1678 2183 1769 2222 866.
1790 2182 1836 2221 ad
1864 2184 1953 2220 880.
1974 2183 2069 2221 Vide

1116 2247 1444 2286 Sammarthanos
1469 2251 1562 2284 tom.
1589 2247 1611 2284 ‘2
1634 2258 1720 2296 pag.
1760 2246 1849 2283 373.
1889 2256 1974 2294 seq.
2007 2245 2068 2282 ubi

1114 2311 1232 2348 etiam
1258 2309 1345 2359 ejus
1362 2310 1573 2347 Decretum
1588 2308 1636 2346 de
1653 2309 1862 2346 Canonicis
1877 2308 2070 2356 quinqua-

1115 2374 1224 2422 ginta
1249 2373 1288 2411 S.
1309 2373 1409 2411 Petri
1432 2372 1746 2410 Bellovacensis.

1171 2437 1335 2486 Scripsit
1366 2434 1484 2473 vllam
1501 2435 1539 2472 S.
1563 2432 1728 2471 Luciani
1751 2432 1935 2481 Episcopi
1955 2460 1963 2474 ,
1991 2432 2067 2468 Ma-

1116 2498 1275 2535 ximiani
1303 2497 1547 2545 Presbyteri,
1566 2500 1604 2532 et
1622 2492 1776 2530 Juliani
1793 2493 1949 2530 Draconi
1967 2503 2065 2540 quos

1115 2559 1247 2596 ferunt
1266 2558 1474 2608 Apostolos
1501 2555 1848 2594 Bellovacensium
1876 2559 1912 2589 et
1939 2554 2065 2590 socios

1115 2620 1290 2668 Dionysii
1324 2619 1567 2657 Parisiensis.
1598 2617 1740 2654 Exstat
1769 2617 1804 2651 in
1833 2614 1942 2651 Actis
1968 2616 2064 2652 San-

1116 2688 1212 2720 ctor.
1235 2683 1361 2719 tomi
1405 2679 1578 2718 Januarii
1622 2677 1720 2714 vill.
1755 2688 1840 2726 pag.
1881 2676 2064 2713 tol-4613.

1117 2744 1259 2783 Confer
1282 2743 1578 2781 Tillemontium
1602 2746 1696 2776 tom.
1740 2739 1800 2776 [V.
1843 2740 2062 2775 memoriar.

1118 2817 1202 2857 pag.
1229 2805 1316 2844 537.
1346 2816 1430 2854 seq.

1173 2867 1361 2917 Ejusdem
1379 2866 1526 2905 Odonis
1548 2862 1819 2915 responsiones
1849 2860 1902 2898 acl
1936 2860 2063 2899 decem

1120 2929 1272 2984 objecta
1289 2930 1531 2979 Graecorum
1556 2927 1691 2975 (Pliotii
1727 2935 1825 2974 quas
1844 2923 2003 2973 perinde
2022 2930 2059 2961 nt

1119 2995 1379 3037 HincmaruS,
1417 2997 1457 3028 et
1480 3000 1646 3040 quorum
1690 2988 1835 3035 scripta
1873 2985 2064 3023 babemus

1118 3059 1350 3096 Bertramns
1372 3052 1622 3101 Corbejensis
1646 3055 1764 3099 aitque
1791 3049 1937 3086 ,lineas
1964 3049 2064 3086 Pari-

1119 3120 1262 3158 siensis
1282 3119 1561 3167 Episcopomm
1590 3112 1737 3150 Galliae
1756 3111 1916 3149 hortatu
1936 3113 2065 3148 consi-

1121 3192 1263 3232 gnasse
1284 3179 1515 3224 traditur‚a)
1533 3174 1835 3212 interciderunt.
1863 3174 1915 3211 00
1940 3174 2062 3212 AEnea

1121 3245 1271 3283 dictum
1298 3247 1390 3279 tom.
1420 3241 1452 3278 1.
1475 3250 1509 3287 p.
1536 3236 1598 3274 25.
1620 3236 1667 3274 de
1692 3238 1893 3275 Bcrtramo
1919 3247 1952 3285 p.
1974 3236 2063 3273 223.
