<?xml version="1.0" encoding="UTF-8"?>
<!DOCTYPE html PUBLIC "-//W3C//DTD XHTML 1.0 Transitional//EN"
    "http://www.w3.org/TR/xhtml1/DTD/xhtml1-transitional.dtd">
<html xmlns="http://www.w3.org/1999/xhtml" xml:lang="en" lang="en">
 <head>
  <title>
</title>
<meta http-equiv="Content-Type" content="text/html;charset=utf-8" />
  <meta name='ocr-system' content='tesseract 3.04.00' />
  <meta name='ocr-capabilities' content='ocr_page ocr_carea ocr_par ocr_line ocrx_word'/>
</head>
<body>
  <div class='ocr_page' id='page_1' title='image "./bibliothecalatin05fabruoft/bibliothecalatin05fabruoft_0525.png"; bbox 0 0 2517 4009; ppageno 0'>
   <div class='ocr_carea' id='block_1_1' title="bbox 871 146 1263 209">
    <p class='ocr_par' dir='ltr' id='par_1_1' title="bbox 871 146 1263 209">
     <span class='ocr_line' id='line_1_1' title="bbox 871 146 1263 209; baseline -0.008 -1"><span class='ocrx_word' id='word_1_1' title='bbox 871 146 1263 209; x_wconf 69' lang='lat' dir='ltr'>THEODEMARUs</span> 
     </span>
    </p>
   </div>
   <div class='ocr_carea' id='block_1_2' title="bbox 60 241 1032 1738">
    <p class='ocr_par' dir='ltr' id='par_1_2' title="bbox 60 241 1027 789">
     <span class='ocr_line' id='line_1_2' title="bbox 63 241 1027 290; baseline -0.003 -10"><span class='ocrx_word' id='word_1_2' title='bbox 63 253 157 281; x_wconf 86' lang='lat' dir='ltr'>mus</span> <span class='ocrx_word' id='word_1_3' title='bbox 187 242 280 290; x_wconf 90' lang='lat' dir='ltr'>post</span> <span class='ocrx_word' id='word_1_4' title='bbox 310 241 436 279; x_wconf 86' lang='lat' dir='ltr'>Italos</span> <span class='ocrx_word' id='word_1_5' title='bbox 466 242 813 289; x_wconf 83' lang='lat' dir='ltr'>Archiepiscopus</span> <span class='ocrx_word' id='word_1_6' title='bbox 848 241 1027 279; x_wconf 85' lang='lat' dir='ltr'>Cantua-</span> 
     </span>
     <span class='ocr_line' id='line_1_3' title="bbox 60 303 1025 350; baseline 0 -10"><span class='ocrx_word' id='word_1_7' title='bbox 60 306 212 341; x_wconf 89' lang='lat' dir='ltr'>riensis</span> <span class='ocrx_word' id='word_1_8' title='bbox 243 315 295 342; x_wconf 82' lang='lat' dir='ltr'>ex</span> <span class='ocrx_word' id='word_1_9' title='bbox 324 303 453 350; x_wconf 89' lang='lat' dir='ltr'>gente</span> <span class='ocrx_word' id='word_1_10' title='bbox 484 305 719 350; x_wconf 89' lang='lat' dir='ltr'>Anglorum</span> <span class='ocrx_word' id='word_1_11' title='bbox 740 305 849 341; x_wconf 86' lang='lat' dir='ltr'>circa</span> <span class='ocrx_word' id='word_1_12' title='bbox 870 314 1025 341; x_wconf 89' lang='lat' dir='ltr'>annum</span> 
     </span>
     <span class='ocr_line' id='line_1_4' title="bbox 63 366 1025 412; baseline 0.001 -10"><span class='ocrx_word' id='word_1_13' title='bbox 63 367 154 403; x_wconf 85' lang='lat'>664.</span> <span class='ocrx_word' id='word_1_14' title='bbox 185 366 466 404; x_wconf 74' lang='lat' dir='ltr'><strong>Meminerant</strong></span> <span class='ocrx_word' id='word_1_15' title='bbox 493 367 585 412; x_wconf 84' lang='lat' dir='ltr'>ejus</span> <span class='ocrx_word' id='word_1_16' title='bbox 616 366 726 404; x_wconf 85' lang='lat' dir='ltr'>Beda</span> <span class='ocrx_word' id='word_1_17' title='bbox 747 367 1025 412; x_wconf 82' lang='lat' dir='ltr'>Venerabilis,</span> 
     </span>
     <span class='ocr_line' id='line_1_5' title="bbox 60 430 1026 476; baseline -0.001 -9"><span class='ocrx_word' id='word_1_18' title='bbox 60 430 314 467; x_wconf 87' lang='lat' dir='ltr'>Wilhelmus</span> <span class='ocrx_word' id='word_1_19' title='bbox 345 430 731 466; x_wconf 88' lang='lat' dir='ltr'>Malmesburiensls</span> <span class='ocrx_word' id='word_1_20' title='bbox 750 458 760 476; x_wconf 95' lang='lat'>,</span> <span class='ocrx_word' id='word_1_21' title='bbox 798 430 840 466; x_wconf 89' lang='lat' dir='ltr'>et</span> <span class='ocrx_word' id='word_1_22' title='bbox 869 430 1026 466; x_wconf 87' lang='lat' dir='ltr'>Gerva-</span> 
     </span>
     <span class='ocr_line' id='line_1_6' title="bbox 61 492 1024 539; baseline -0.001 -9"><span class='ocrx_word' id='word_1_23' title='bbox 61 494 148 530; x_wconf 91' lang='lat' dir='ltr'>sius</span> <span class='ocrx_word' id='word_1_24' title='bbox 176 493 529 530; x_wconf 90' lang='lat' dir='ltr'>Doroberniensis.</span> <span class='ocrx_word' id='word_1_25' title='bbox 553 493 781 539; x_wconf 81' lang='lat' dir='ltr'>Scripsisse</span> <span class='ocrx_word' id='word_1_26' title='bbox 803 493 955 529; x_wconf 88' lang='lat' dir='ltr'>dicitur</span> <span class='ocrx_word' id='word_1_27' title='bbox 977 492 1024 529; x_wconf 85' lang='lat' dir='ltr'>de</span> 
     </span>
     <span class='ocr_line' id='line_1_7' title="bbox 60 554 1026 602; baseline -0.003 -8"><span class='ocrx_word' id='word_1_28' title='bbox 60 555 904 602; x_wconf 73' lang='lat' dir='ltr'>saispraeclecessorz&#39;basArchiepiscopis</span> <span class='ocrx_word' id='word_1_29' title='bbox 918 554 1026 591; x_wconf 82' lang='lat' dir='ltr'>Can-</span> 
     </span>
     <span class='ocr_line' id='line_1_8' title="bbox 62 617 1027 655; baseline -0.003 0"><span class='ocrx_word' id='word_1_30' title='bbox 62 617 367 655; x_wconf 81' lang='lat' dir='ltr'>taariensibas.</span> <span class='ocrx_word' id='word_1_31' title='bbox 398 617 517 653; x_wconf 78' lang='lat' dir='ltr'>Vixit</span> <span class='ocrx_word' id='word_1_32' title='bbox 548 627 583 653; x_wconf 88' lang='lat' dir='ltr'>a.</span> <span class='ocrx_word' id='word_1_33' title='bbox 617 618 660 653; x_wconf 92' lang='lat' dir='ltr'>C.</span> <span class='ocrx_word' id='word_1_34' title='bbox 692 617 782 654; x_wconf 83' lang='lat'>664.</span> <span class='ocrx_word' id='word_1_35' title='bbox 819 617 1027 653; x_wconf 87' lang='lat' dir='ltr'>Lelandus</span> 
     </span>
     <span class='ocr_line' id='line_1_9' title="bbox 61 679 1026 727; baseline -0.001 -11"><span class='ocrx_word' id='word_1_36' title='bbox 61 690 150 727; x_wconf 89' lang='lat' dir='ltr'>cap.</span> <span class='ocrx_word' id='word_1_37' title='bbox 182 680 247 718; x_wconf 86' lang='lat'>55.</span> <span class='ocrx_word' id='word_1_38' title='bbox 277 680 440 717; x_wconf 86' lang='lat' dir='ltr'>Balaeus</span> <span class='ocrx_word' id='word_1_39' title='bbox 472 680 638 717; x_wconf 89' lang='lat' dir='ltr'>Centur.</span> <span class='ocrx_word' id='word_1_40' title='bbox 684 681 734 716; x_wconf 87' lang='lat' dir='ltr'>X.</span> <span class='ocrx_word' id='word_1_41' title='bbox 774 679 818 716; x_wconf 96' lang='grc'>11</span> <span class='ocrx_word' id='word_1_42' title='bbox 864 680 1026 716; x_wconf 87' lang='lat' dir='ltr'>Pitseus</span> 
     </span>
     <span class='ocr_line' id='line_1_10' title="bbox 64 741 252 789; baseline 0 -11"><span class='ocrx_word' id='word_1_43' title='bbox 64 751 154 789; x_wconf 87' lang='lat' dir='ltr'>cap.</span> <span class='ocrx_word' id='word_1_44' title='bbox 186 741 252 779; x_wconf 83' lang='lat'>74.</span> 
     </span>
    </p>

    <p class='ocr_par' dir='ltr' id='par_1_3' title="bbox 60 803 1029 1421">
     <span class='ocr_line' id='line_1_11' title="bbox 116 803 1028 850; baseline 0.001 -11"><span class='ocrx_word' id='word_1_45' title='bbox 116 803 511 840; x_wconf 81' lang='lat' dir='ltr'>THEODEMARUS</span> <span class='ocrx_word' id='word_1_46' title='bbox 561 805 700 842; x_wconf 84' lang='lat' dir='ltr'>Abbas</span> <span class='ocrx_word' id='word_1_47' title='bbox 749 805 997 841; x_wconf 85' lang='lat' dir='ltr'>Casinensis</span> <span class='ocrx_word' id='word_1_48' title='bbox 1018 832 1028 850; x_wconf 94' lang='lat'>,</span> 
     </span>
     <span class='ocr_line' id='line_1_12' title="bbox 62 855 1027 915; baseline -0.003 -10"><span class='ocrx_word' id='word_1_49' title='bbox 62 855 211 905; x_wconf 37' lang='lat' dir='ltr'>seculo*</span> <span class='ocrx_word' id='word_1_50' title='bbox 231 867 302 904; x_wconf 93' lang='lat' dir='ltr'>IX.</span> <span class='ocrx_word' id='word_1_51' title='bbox 334 869 527 915; x_wconf 73' lang='lat' dir='ltr'>Epistola</span> <span class='ocrx_word' id='word_1_52' title='bbox 556 869 647 914; x_wconf 87' lang='lat' dir='ltr'>ejus</span> <span class='ocrx_word' id='word_1_53' title='bbox 678 869 730 904; x_wconf 86' lang='lat' dir='ltr'>ad</span> <span class='ocrx_word' id='word_1_54' title='bbox 759 867 953 904; x_wconf 89' lang='lat' dir='ltr'>Carolum</span> <span class='ocrx_word' id='word_1_55' title='bbox 975 867 1027 902; x_wconf 89' lang='lat' dir='ltr'>M.</span> 
     </span>
     <span class='ocr_line' id='line_1_13' title="bbox 61 930 1028 968; baseline -0.001 -1"><span class='ocrx_word' id='word_1_56' title='bbox 61 930 204 967; x_wconf 83' lang='lat' dir='ltr'>exstat</span> <span class='ocrx_word' id='word_1_57' title='bbox 231 931 275 967; x_wconf 90' lang='lat' dir='ltr'>in</span> <span class='ocrx_word' id='word_1_58' title='bbox 304 931 416 968; x_wconf 84' lang='lat' dir='ltr'>Petri</span> <span class='ocrx_word' id='word_1_59' title='bbox 450 931 622 968; x_wconf 89' lang='lat' dir='ltr'>Diaconi</span> <span class='ocrx_word' id='word_1_60' title='bbox 663 931 865 968; x_wconf 84' lang='lat' dir='ltr'>Chronico</span> <span class='ocrx_word' id='word_1_61' title='bbox 908 931 1028 968; x_wconf 89' lang='lat' dir='ltr'>Casi-</span> 
     </span>
     <span class='ocr_line' id='line_1_14' title="bbox 65 994 1026 1042; baseline 0 -12"><span class='ocrx_word' id='word_1_62' title='bbox 65 996 188 1032; x_wconf 87' lang='lat' dir='ltr'>nensi</span> <span class='ocrx_word' id='word_1_63' title='bbox 218 995 248 1031; x_wconf 96' lang='lat' dir='ltr'>I.</span> <span class='ocrx_word' id='word_1_64' title='bbox 281 995 345 1033; x_wconf 90' lang='grc'>12.</span> <span class='ocrx_word' id='word_1_65' title='bbox 377 1004 500 1042; x_wconf 88' lang='lat' dir='ltr'>quam</span> <span class='ocrx_word' id='word_1_66' title='bbox 531 995 769 1042; x_wconf 79' lang='lat' dir='ltr'>suspectam</span> <span class='ocrx_word' id='word_1_67' title='bbox 793 994 921 1032; x_wconf 87' lang='lat' dir='ltr'>habet</span> <span class='ocrx_word' id='word_1_68' title='bbox 942 995 1026 1031; x_wconf 92' lang='lat' dir='ltr'>Me-</span> 
     </span>
     <span class='ocr_line' id='line_1_15' title="bbox 64 1058 1029 1106; baseline 0.001 -13"><span class='ocrx_word' id='word_1_69' title='bbox 64 1059 218 1096; x_wconf 83' lang='lat' dir='ltr'>nardus</span> <span class='ocrx_word' id='word_1_70' title='bbox 248 1059 292 1095; x_wconf 89' lang='lat' dir='ltr'>in</span> <span class='ocrx_word' id='word_1_71' title='bbox 321 1059 622 1106; x_wconf 72' lang='lat' dir='ltr'>martyrologio</span> <span class='ocrx_word' id='word_1_72' title='bbox 652 1059 921 1096; x_wconf 90' lang='lat' dir='ltr'>Benedictino</span> <span class='ocrx_word' id='word_1_73' title='bbox 941 1087 950 1103; x_wconf 93' lang='lat'>,</span> <span class='ocrx_word' id='word_1_74' title='bbox 987 1058 1029 1094; x_wconf 90' lang='lat' dir='ltr'>et</span> 
     </span>
     <span class='ocr_line' id='line_1_16' title="bbox 60 1121 1026 1160; baseline 0.001 -3"><span class='ocrx_word' id='word_1_75' title='bbox 60 1121 152 1158; x_wconf 87' lang='lat' dir='ltr'>Car.</span> <span class='ocrx_word' id='word_1_76' title='bbox 182 1124 219 1160; x_wconf 91' lang='lat' dir='ltr'>le</span> <span class='ocrx_word' id='word_1_77' title='bbox 251 1123 398 1160; x_wconf 89' lang='lat' dir='ltr'>Cointe</span> <span class='ocrx_word' id='word_1_78' title='bbox 429 1123 481 1159; x_wconf 90' lang='lat' dir='ltr'>ad</span> <span class='ocrx_word' id='word_1_79' title='bbox 513 1132 669 1159; x_wconf 82' lang='lat' dir='ltr'>annum</span> <span class='ocrx_word' id='word_1_80' title='bbox 712 1122 805 1159; x_wconf 81' lang='lat'>789.</span> <span class='ocrx_word' id='word_1_81' title='bbox 848 1133 888 1158; x_wconf 92' lang='lat' dir='ltr'>n.</span> <span class='ocrx_word' id='word_1_82' title='bbox 936 1122 1026 1159; x_wconf 86' lang='lat'>137.</span> 
     </span>
     <span class='ocr_line' id='line_1_17' title="bbox 65 1185 1029 1232; baseline 0.001 -12"><span class='ocrx_word' id='word_1_83' title='bbox 65 1194 178 1232; x_wconf 89' lang='lat' dir='ltr'>seqq.</span> <span class='ocrx_word' id='word_1_84' title='bbox 208 1186 423 1222; x_wconf 83' lang='lat' dir='ltr'>vindicant</span> <span class='ocrx_word' id='word_1_85' title='bbox 454 1194 549 1221; x_wconf 88' lang='lat' dir='ltr'>vero</span> <span class='ocrx_word' id='word_1_86' title='bbox 579 1186 769 1231; x_wconf 81' lang='lat' dir='ltr'>Angelus</span> <span class='ocrx_word' id='word_1_87' title='bbox 811 1185 859 1221; x_wconf 92' lang='lat' dir='ltr'>de</span> <span class='ocrx_word' id='word_1_88' title='bbox 891 1185 1000 1221; x_wconf 84' lang='lat' dir='ltr'>Nuce</span> <span class='ocrx_word' id='word_1_89' title='bbox 1019 1213 1029 1230; x_wconf 93' lang='lat'>,</span> 
     </span>
     <span class='ocr_line' id='line_1_18' title="bbox 61 1247 1027 1293; baseline -0.001 -9"><span class='ocrx_word' id='word_1_90' title='bbox 61 1248 192 1285; x_wconf 83' lang='lat' dir='ltr'>editor</span> <span class='ocrx_word' id='word_1_91' title='bbox 222 1248 413 1285; x_wconf 85' lang='lat' dir='ltr'>Chronici</span> <span class='ocrx_word' id='word_1_92' title='bbox 442 1247 629 1293; x_wconf 89' lang='lat' dir='ltr'>laudati,</span> <span class='ocrx_word' id='word_1_93' title='bbox 671 1247 714 1284; x_wconf 91' lang='lat' dir='ltr'>et</span> <span class='ocrx_word' id='word_1_94' title='bbox 742 1247 805 1284; x_wconf 69' lang='grc'><strong>,10.</strong></span> <span class='ocrx_word' id='word_1_95' title='bbox 837 1248 1027 1285; x_wconf 90' lang='lat' dir='ltr'>Mabillo-</span> 
     </span>
     <span class='ocr_line' id='line_1_19' title="bbox 61 1309 1029 1357; baseline -0.001 -10"><span class='ocrx_word' id='word_1_96' title='bbox 61 1310 156 1347; x_wconf 89' lang='lat' dir='ltr'>nius</span> <span class='ocrx_word' id='word_1_97' title='bbox 186 1311 346 1357; x_wconf 83' lang='lat' dir='ltr'>praefat.</span> <span class='ocrx_word' id='word_1_98' title='bbox 388 1311 440 1348; x_wconf 86' lang='lat' dir='ltr'>ad</span> <span class='ocrx_word' id='word_1_99' title='bbox 483 1309 676 1347; x_wconf 87' lang='lat' dir='ltr'>Seculum</span> <span class='ocrx_word' id='word_1_100' title='bbox 707 1310 777 1346; x_wconf 89' lang='lat' dir='ltr'>IV.</span> <span class='ocrx_word' id='word_1_101' title='bbox 818 1310 1029 1348; x_wconf 88' lang='lat' dir='ltr'>Benedict.</span> 
     </span>
     <span class='ocr_line' id='line_1_20' title="bbox 65 1374 550 1421; baseline 0 -11"><span class='ocrx_word' id='word_1_102' title='bbox 65 1374 172 1420; x_wconf 85' lang='lat' dir='ltr'>part.</span> <span class='ocrx_word' id='word_1_103' title='bbox 203 1374 235 1410; x_wconf 95' lang='lat' dir='ltr'>I.</span> <span class='ocrx_word' id='word_1_104' title='bbox 266 1385 307 1421; x_wconf 89' lang='lat' dir='ltr'>p.</span> <span class='ocrx_word' id='word_1_105' title='bbox 339 1374 403 1412; x_wconf 90' lang='grc'>60.</span> <span class='ocrx_word' id='word_1_106' title='bbox 435 1383 550 1421; x_wconf 84' lang='lat' dir='ltr'>seqq.</span> 
     </span>
    </p>

    <p class='ocr_par' dir='ltr' id='par_1_4' title="bbox 65 1437 1032 1738">
     <span class='ocr_line' id='line_1_21' title="bbox 122 1437 1030 1485; baseline 0 -12"><span class='ocrx_word' id='word_1_107' title='bbox 122 1437 516 1485; x_wconf 87' lang='lat' dir='ltr'>THEODEMIRUS,</span> <span class='ocrx_word' id='word_1_108' title='bbox 548 1439 706 1475; x_wconf 88' lang='lat' dir='ltr'>amicus</span> <span class='ocrx_word' id='word_1_109' title='bbox 737 1438 901 1476; x_wconf 78' lang='lat' dir='ltr'>Claudii</span> <span class='ocrx_word' id='word_1_110' title='bbox 929 1438 1030 1485; x_wconf 85' lang='lat' dir='ltr'>Epi-</span> 
     </span>
     <span class='ocr_line' id='line_1_22' title="bbox 65 1502 1029 1548; baseline -0.001 -10"><span class='ocrx_word' id='word_1_111' title='bbox 65 1503 178 1548; x_wconf 84' lang='lat' dir='ltr'>scopi</span> <span class='ocrx_word' id='word_1_112' title='bbox 207 1502 501 1547; x_wconf 84' lang='lat' dir='ltr'>Taurinensis,</span> <span class='ocrx_word' id='word_1_113' title='bbox 543 1504 682 1539; x_wconf 90' lang='lat' dir='ltr'>seculo</span> <span class='ocrx_word' id='word_1_114' title='bbox 712 1502 781 1537; x_wconf 91' lang='lat' dir='ltr'>IX.</span> <span class='ocrx_word' id='word_1_115' title='bbox 823 1502 893 1548; x_wconf 90' lang='lat' dir='ltr'>qui</span> <span class='ocrx_word' id='word_1_116' title='bbox 934 1511 1029 1538; x_wconf 90' lang='lat' dir='ltr'>eum</span> 
     </span>
     <span class='ocr_line' id='line_1_23' title="bbox 72 1564 1032 1612; baseline -0.002 -11"><span class='ocrx_word' id='word_1_117' title='bbox 72 1566 206 1612; x_wconf 90' lang='lat' dir='ltr'>primo</span> <span class='ocrx_word' id='word_1_118' title='bbox 227 1565 472 1602; x_wconf 81' lang='lat' dir='ltr'>adhortatus</span> <span class='ocrx_word' id='word_1_119' title='bbox 490 1564 640 1611; x_wconf 83' lang='lat' dir='ltr'>fuerat,</span> <span class='ocrx_word' id='word_1_120' title='bbox 653 1565 700 1601; x_wconf 90' lang='lat' dir='ltr'>ut</span> <span class='ocrx_word' id='word_1_121' title='bbox 720 1564 912 1611; x_wconf 82' lang='lat' dir='ltr'>quaedam</span> <span class='ocrx_word' id='word_1_122' title='bbox 933 1573 1032 1600; x_wconf 91' lang='lat' dir='ltr'>con-</span> 
     </span>
     <span class='ocr_line' id='line_1_24' title="bbox 65 1627 1029 1674; baseline 0 -10"><span class='ocrx_word' id='word_1_123' title='bbox 65 1627 283 1674; x_wconf 77' lang='lat' dir='ltr'>scriberet,</span> <span class='ocrx_word' id='word_1_124' title='bbox 313 1628 460 1674; x_wconf 89' lang='lat' dir='ltr'>postea</span> <span class='ocrx_word' id='word_1_125' title='bbox 489 1637 616 1674; x_wconf 93' lang='lat' dir='ltr'>quum</span> <span class='ocrx_word' id='word_1_126' title='bbox 646 1628 694 1664; x_wconf 92' lang='lat' dir='ltr'>de</span> <span class='ocrx_word' id='word_1_127' title='bbox 721 1628 1029 1674; x_wconf 86' lang='lat' dir='ltr'>immaginibus</span> 
     </span>
     <span class='ocr_line' id='line_1_25' title="bbox 65 1691 1029 1738; baseline -0.001 -10"><span class='ocrx_word' id='word_1_128' title='bbox 65 1700 281 1738; x_wconf 81' lang='lat' dir='ltr'>perperam</span> <span class='ocrx_word' id='word_1_129' title='bbox 322 1691 479 1728; x_wconf 85' lang='lat' dir='ltr'>sentire</span> <span class='ocrx_word' id='word_1_130' title='bbox 521 1691 742 1737; x_wconf 83' lang='lat' dir='ltr'>coepisset,</span> <span class='ocrx_word' id='word_1_131' title='bbox 790 1692 841 1727; x_wconf 89' lang='lat' dir='ltr'>ad</span> <span class='ocrx_word' id='word_1_132' title='bbox 890 1692 1029 1738; x_wconf 89' lang='lat' dir='ltr'>ipsum</span> 
     </span>
    </p>
   </div>
   <div class='ocr_carea' id='block_1_3' title="bbox 65 1754 1074 1801">
    <p class='ocr_par' dir='ltr' id='par_1_5' title="bbox 65 1754 1074 1801">
     <span class='ocr_line' id='line_1_26' title="bbox 65 1754 1074 1801; baseline -0.002 -10"><span class='ocrx_word' id='word_1_133' title='bbox 65 1755 197 1791; x_wconf 81' lang='lat' dir='ltr'>amice</span> <span class='ocrx_word' id='word_1_134' title='bbox 227 1754 270 1791; x_wconf 92' lang='lat' dir='ltr'>et</span> <span class='ocrx_word' id='word_1_135' title='bbox 309 1755 499 1801; x_wconf 86' lang='lat' dir='ltr'>graviter</span> <span class='ocrx_word' id='word_1_136' title='bbox 540 1754 733 1800; x_wconf 85' lang='lat' dir='ltr'>scripsit,</span> <span class='ocrx_word' id='word_1_137' title='bbox 777 1754 1029 1790; x_wconf 76' lang='lat' dir='ltr'>sententiam</span> <span class='ocrx_word' id='word_1_138' title='bbox 1071 1793 1074 1796; x_wconf 46' lang='grc'><strong><em>,</em></strong></span> 
     </span>
    </p>
   </div>
   <div class='ocr_carea' id='block_1_4' title="bbox 60 1817 1037 3367">
    <p class='ocr_par' dir='ltr' id='par_1_6' title="bbox 60 1817 1029 1990">
     <span class='ocr_line' id='line_1_27' title="bbox 64 1817 1029 1864; baseline -0.001 -10"><span class='ocrx_word' id='word_1_139' title='bbox 64 1817 157 1863; x_wconf 86' lang='lat' dir='ltr'>ejus</span> <span class='ocrx_word' id='word_1_140' title='bbox 177 1817 385 1864; x_wconf 86' lang='lat' dir='ltr'>refutans,</span> <span class='ocrx_word' id='word_1_141' title='bbox 407 1818 478 1854; x_wconf 88' lang='lat' dir='ltr'>sed</span> <span class='ocrx_word' id='word_1_142' title='bbox 498 1819 639 1854; x_wconf 90' lang='lat' dir='ltr'>omnia</span> <span class='ocrx_word' id='word_1_143' title='bbox 658 1819 774 1854; x_wconf 88' lang='lat' dir='ltr'>illius</span> <span class='ocrx_word' id='word_1_144' title='bbox 805 1817 1029 1863; x_wconf 84' lang='lat' dir='ltr'>perierunt.</span> 
     </span>
     <span class='ocr_line' id='line_1_28' title="bbox 60 1880 1029 1918; baseline 0 -2"><span class='ocrx_word' id='word_1_145' title='bbox 60 1880 244 1918; x_wconf 88' lang='lat' dir='ltr'>Histoire</span> <span class='ocrx_word' id='word_1_146' title='bbox 273 1882 461 1918; x_wconf 89' lang='lat' dir='ltr'>literaire</span> <span class='ocrx_word' id='word_1_147' title='bbox 492 1882 541 1918; x_wconf 88' lang='lat' dir='ltr'>de</span> <span class='ocrx_word' id='word_1_148' title='bbox 572 1883 612 1918; x_wconf 90' lang='lat' dir='ltr'>la</span> <span class='ocrx_word' id='word_1_149' title='bbox 641 1881 800 1918; x_wconf 89' lang='lat' dir='ltr'>France</span> <span class='ocrx_word' id='word_1_150' title='bbox 830 1881 931 1917; x_wconf 85' lang='lat' dir='ltr'>torn.</span> <span class='ocrx_word' id='word_1_151' title='bbox 961 1882 1029 1917; x_wconf 93' lang='lat' dir='ltr'>IV.</span> 
     </span>
     <span class='ocr_line' id='line_1_29' title="bbox 65 1944 864 1990; baseline 0 -10"><span class='ocrx_word' id='word_1_152' title='bbox 65 1953 105 1990; x_wconf 91' lang='lat' dir='ltr'>p.</span> <span class='ocrx_word' id='word_1_153' title='bbox 138 1944 230 1980; x_wconf 88' lang='lat'>490.</span> <span class='ocrx_word' id='word_1_154' title='bbox 260 1945 298 1981; x_wconf 93' lang='lat' dir='ltr'>le</span> <span class='ocrx_word' id='word_1_155' title='bbox 329 1945 474 1981; x_wconf 90' lang='lat' dir='ltr'>Cointe</span> <span class='ocrx_word' id='word_1_156' title='bbox 504 1945 557 1981; x_wconf 89' lang='lat' dir='ltr'>ad</span> <span class='ocrx_word' id='word_1_157' title='bbox 587 1954 741 1981; x_wconf 86' lang='lat' dir='ltr'>annum</span> <span class='ocrx_word' id='word_1_158' title='bbox 772 1945 864 1982; x_wconf 83' lang='grc'><strong>828.</strong></span> 
     </span>
    </p>

    <p class='ocr_par' dir='ltr' id='par_1_7' title="bbox 62 2004 1037 3175">
     <span class='ocr_line' id='line_1_30' title="bbox 118 2004 1032 2053; baseline 0.003 -10"><span class='ocrx_word' id='word_1_159' title='bbox 118 2004 140 2026; x_wconf 64' lang='grc'><strong><em>*</em></strong></span> <span class='ocrx_word' id='word_1_160' title='bbox 169 2006 419 2053; x_wconf 90' lang='lat' dir='ltr'>Scriptorem</span> <span class='ocrx_word' id='word_1_161' title='bbox 450 2007 559 2044; x_wconf 88' lang='lat' dir='ltr'>hunc</span> <span class='ocrx_word' id='word_1_162' title='bbox 589 2008 833 2044; x_wconf 84' lang='lat' dir='ltr'>Monachum</span> <span class='ocrx_word' id='word_1_163' title='bbox 875 2008 918 2046; x_wconf 92' lang='lat' dir='ltr'>et</span> <span class='ocrx_word' id='word_1_164' title='bbox 946 2010 1032 2046; x_wconf 88' lang='lat' dir='ltr'>Ab-</span> 
     </span>
     <span class='ocr_line' id='line_1_31' title="bbox 62 2069 1031 2118; baseline 0 -11"><span class='ocrx_word' id='word_1_165' title='bbox 62 2069 205 2107; x_wconf 88' lang='lat' dir='ltr'>batem</span> <span class='ocrx_word' id='word_1_166' title='bbox 229 2069 422 2107; x_wconf 83' lang='lat' dir='ltr'>extitisse</span> <span class='ocrx_word' id='word_1_167' title='bbox 443 2071 700 2117; x_wconf 86' lang='lat' dir='ltr'>compertum</span> <span class='ocrx_word' id='word_1_168' title='bbox 721 2070 798 2107; x_wconf 88' lang='lat' dir='ltr'>est.</span> <span class='ocrx_word' id='word_1_169' title='bbox 821 2071 922 2107; x_wconf 87' lang='lat' dir='ltr'>Eius</span> <span class='ocrx_word' id='word_1_170' title='bbox 942 2072 1031 2118; x_wconf 88' lang='lat' dir='ltr'>epi—</span> 
     </span>
     <span class='ocr_line' id='line_1_32' title="bbox 65 2132 1033 2180; baseline 0.001 -11"><span class='ocrx_word' id='word_1_171' title='bbox 65 2132 172 2169; x_wconf 86' lang='lat' dir='ltr'>stola</span> <span class='ocrx_word' id='word_1_172' title='bbox 200 2133 253 2169; x_wconf 86' lang='lat' dir='ltr'>ad</span> <span class='ocrx_word' id='word_1_173' title='bbox 282 2132 499 2169; x_wconf 86' lang='lat' dir='ltr'>Claudium</span> <span class='ocrx_word' id='word_1_174' title='bbox 524 2133 835 2179; x_wconf 86' lang='lat' dir='ltr'>Taurinensem,</span> <span class='ocrx_word' id='word_1_175' title='bbox 867 2143 958 2180; x_wconf 85' lang='lat' dir='ltr'>quae</span> <span class='ocrx_word' id='word_1_176' title='bbox 990 2134 1033 2170; x_wconf 88' lang='lat' dir='ltr'>in</span> 
     </span>
     <span class='ocr_line' id='line_1_33' title="bbox 66 2196 1033 2244; baseline 0.002 -12"><span class='ocrx_word' id='word_1_177' title='bbox 66 2196 149 2232; x_wconf 88' lang='lat' dir='ltr'>MS.</span> <span class='ocrx_word' id='word_1_178' title='bbox 173 2196 319 2234; x_wconf 88' lang='lat' dir='ltr'>Codice</span> <span class='ocrx_word' id='word_1_179' title='bbox 337 2197 580 2234; x_wconf 87' lang='lat' dir='ltr'>Pistoriensi</span> <span class='ocrx_word' id='word_1_180' title='bbox 603 2197 801 2244; x_wconf 82' lang='lat' dir='ltr'>praecedit</span> <span class='ocrx_word' id='word_1_181' title='bbox 821 2207 1033 2235; x_wconf 89' lang='lat' dir='ltr'>commen-</span> 
     </span>
     <span class='ocr_line' id='line_1_34' title="bbox 66 2258 1033 2306; baseline 0.003 -12"><span class='ocrx_word' id='word_1_182' title='bbox 66 2258 222 2296; x_wconf 87' lang='lat' dir='ltr'>tarium</span> <span class='ocrx_word' id='word_1_183' title='bbox 253 2269 325 2296; x_wconf 90' lang='lat' dir='ltr'>seu</span> <span class='ocrx_word' id='word_1_184' title='bbox 355 2260 610 2306; x_wconf 71' lang='lat' dir='ltr'>quaestiones</span> <span class='ocrx_word' id='word_1_185' title='bbox 653 2261 837 2298; x_wconf 86' lang='lat' dir='ltr'>eiusdem</span> <span class='ocrx_word' id='word_1_186' title='bbox 870 2261 1033 2298; x_wconf 84' lang='lat' dir='ltr'>Claudii</span> 
     </span>
     <span class='ocr_line' id='line_1_35' title="bbox 67 2321 1033 2367; baseline 0.003 -10"><span class='ocrx_word' id='word_1_187' title='bbox 67 2321 112 2357; x_wconf 89' lang='lat' dir='ltr'>in</span> <span class='ocrx_word' id='word_1_188' title='bbox 137 2321 283 2358; x_wconf 89' lang='lat' dir='ltr'>Libros</span> <span class='ocrx_word' id='word_1_189' title='bbox 304 2322 482 2367; x_wconf 83' lang='lat' dir='ltr'>Regum.</span> <span class='ocrx_word' id='word_1_190' title='bbox 505 2322 626 2359; x_wconf 88' lang='lat' dir='ltr'>Liber</span> <span class='ocrx_word' id='word_1_191' title='bbox 645 2323 724 2360; x_wconf 89' lang='lat' dir='ltr'>iste</span> <span class='ocrx_word' id='word_1_192' title='bbox 747 2323 909 2360; x_wconf 85' lang='lat' dir='ltr'>Claudii</span> <span class='ocrx_word' id='word_1_193' title='bbox 930 2333 1033 2360; x_wconf 92' lang='lat' dir='ltr'>non—</span> 
     </span>
     <span class='ocr_line' id='line_1_36' title="bbox 68 2383 1030 2429; baseline 0.002 -10"><span class='ocrx_word' id='word_1_194' title='bbox 68 2383 167 2419; x_wconf 90' lang='lat' dir='ltr'>dum</span> <span class='ocrx_word' id='word_1_195' title='bbox 197 2384 242 2420; x_wconf 89' lang='lat' dir='ltr'>in</span> <span class='ocrx_word' id='word_1_196' title='bbox 270 2385 406 2420; x_wconf 89' lang='lat' dir='ltr'>lucem</span> <span class='ocrx_word' id='word_1_197' title='bbox 431 2384 653 2429; x_wconf 90' lang='lat' dir='ltr'>productus</span> <span class='ocrx_word' id='word_1_198' title='bbox 674 2386 862 2422; x_wconf 86' lang='lat' dir='ltr'>servatur</span> <span class='ocrx_word' id='word_1_199' title='bbox 884 2386 928 2422; x_wconf 89' lang='lat' dir='ltr'>in</span> <span class='ocrx_word' id='word_1_200' title='bbox 948 2386 1030 2422; x_wconf 89' lang='lat' dir='ltr'>MS.</span> 
     </span>
     <span class='ocr_line' id='line_1_37' title="bbox 72 2445 1034 2484; baseline 0.001 -3"><span class='ocrx_word' id='word_1_201' title='bbox 72 2445 221 2482; x_wconf 91' lang='lat' dir='ltr'>Codice</span> <span class='ocrx_word' id='word_1_202' title='bbox 235 2445 400 2483; x_wconf 87' lang='lat' dir='ltr'>haedino</span> <span class='ocrx_word' id='word_1_203' title='bbox 420 2445 617 2482; x_wconf 87' lang='lat' dir='ltr'>Biblioth.</span> <span class='ocrx_word' id='word_1_204' title='bbox 633 2447 871 2483; x_wconf 86' lang='lat' dir='ltr'>Canonicor.</span> <span class='ocrx_word' id='word_1_205' title='bbox 893 2448 1034 2484; x_wconf 87' lang='lat' dir='ltr'>Maior.</span> 
     </span>
     <span class='ocr_line' id='line_1_38' title="bbox 67 2507 1033 2555; baseline 0.003 -12"><span class='ocrx_word' id='word_1_206' title='bbox 67 2508 265 2545; x_wconf 86' lang='lat' dir='ltr'>Ecclesiae</span> <span class='ocrx_word' id='word_1_207' title='bbox 296 2507 574 2544; x_wconf 88' lang='lat' dir='ltr'>Pistoriensis.</span> <span class='ocrx_word' id='word_1_208' title='bbox 606 2509 838 2555; x_wconf 85' lang='lat' dir='ltr'>Epistolam</span> <span class='ocrx_word' id='word_1_209' title='bbox 864 2519 962 2546; x_wconf 79' lang='lat' dir='ltr'>vero</span> <span class='ocrx_word' id='word_1_210' title='bbox 983 2520 1033 2546; x_wconf 80' lang='lat' dir='ltr'>ex</span> 
     </span>
     <span class='ocr_line' id='line_1_39' title="bbox 68 2569 1034 2618; baseline 0.002 -12"><span class='ocrx_word' id='word_1_211' title='bbox 68 2569 146 2606; x_wconf 90' lang='grc'><strong>1100</strong></span> <span class='ocrx_word' id='word_1_212' title='bbox 174 2571 263 2616; x_wconf 88' lang='lat' dir='ltr'>ipso</span> <span class='ocrx_word' id='word_1_213' title='bbox 293 2570 430 2607; x_wconf 86' lang='lat' dir='ltr'>codice</span> <span class='ocrx_word' id='word_1_214' title='bbox 462 2571 682 2617; x_wconf 80' lang='lat' dir='ltr'>evulgavit</span> <span class='ocrx_word' id='word_1_215' title='bbox 716 2581 845 2618; x_wconf 87' lang='lat' dir='ltr'>nuper</span> <span class='ocrx_word' id='word_1_216' title='bbox 878 2573 922 2607; x_wconf 90' lang='lat' dir='ltr'>in</span> <span class='ocrx_word' id='word_1_217' title='bbox 959 2582 1034 2608; x_wconf 83' lang='lat' dir='ltr'>sua</span> 
     </span>
     <span class='ocr_line' id='line_1_40' title="bbox 65 2631 1034 2670; baseline 0.004 -4"><span class='ocrx_word' id='word_1_218' title='bbox 65 2631 169 2669; x_wconf 89' lang='lat' dir='ltr'>Bibl.</span> <span class='ocrx_word' id='word_1_219' title='bbox 198 2632 445 2670; x_wconf 89' lang='lat' dir='ltr'>Pistoriensi</span> <span class='ocrx_word' id='word_1_220' title='bbox 474 2633 522 2668; x_wconf 91' lang='lat' dir='ltr'>V.</span> <span class='ocrx_word' id='word_1_221' title='bbox 555 2635 603 2669; x_wconf 94' lang='grc'>01.</span> <span class='ocrx_word' id='word_1_222' title='bbox 636 2643 682 2670; x_wconf 88' lang='lat' dir='ltr'>ac</span> <span class='ocrx_word' id='word_1_223' title='bbox 713 2634 762 2670; x_wconf 91' lang='lat' dir='ltr'>de</span> <span class='ocrx_word' id='word_1_224' title='bbox 793 2634 928 2670; x_wconf 88' lang='lat' dir='ltr'>literis</span> <span class='ocrx_word' id='word_1_225' title='bbox 960 2634 1034 2670; x_wconf 89' lang='lat' dir='ltr'>de-</span> 
     </span>
     <span class='ocr_line' id='line_1_41' title="bbox 66 2695 1033 2742; baseline 0.002 -12"><span class='ocrx_word' id='word_1_226' title='bbox 66 2703 143 2740; x_wconf 87' lang='lat' dir='ltr'>que</span> <span class='ocrx_word' id='word_1_227' title='bbox 173 2703 237 2731; x_wconf 92' lang='lat' dir='ltr'>me</span> <span class='ocrx_word' id='word_1_228' title='bbox 266 2695 356 2741; x_wconf 90' lang='lat' dir='ltr'>ipso</span> <span class='ocrx_word' id='word_1_229' title='bbox 386 2697 560 2742; x_wconf 83' lang='lat' dir='ltr'>egregie</span> <span class='ocrx_word' id='word_1_230' title='bbox 592 2697 767 2733; x_wconf 85' lang='lat' dir='ltr'>meritus</span> <span class='ocrx_word' id='word_1_231' title='bbox 793 2697 836 2732; x_wconf 93' lang='lat' dir='ltr'>P.</span> <span class='ocrx_word' id='word_1_232' title='bbox 860 2697 1033 2733; x_wconf 86' lang='lat' dir='ltr'>Franci-</span> 
     </span>
     <span class='ocr_line' id='line_1_42' title="bbox 67 2755 1032 2796; baseline 0.005 -5"><span class='ocrx_word' id='word_1_233' title='bbox 67 2764 162 2792; x_wconf 87' lang='lat' dir='ltr'>scus</span> <span class='ocrx_word' id='word_1_234' title='bbox 190 2757 238 2791; x_wconf 90' lang='lat' dir='ltr'>A.</span> <span class='ocrx_word' id='word_1_235' title='bbox 268 2755 464 2794; x_wconf 84' lang='lat' dir='ltr'>Zacharia</span> <span class='ocrx_word' id='word_1_236' title='bbox 507 2758 546 2794; x_wconf 87' lang='lat' dir='ltr'>S.</span> <span class='ocrx_word' id='word_1_237' title='bbox 588 2759 686 2795; x_wconf 87' lang='lat' dir='ltr'>Jesu</span> <span class='ocrx_word' id='word_1_238' title='bbox 726 2759 1032 2796; x_wconf 86' lang='lat' dir='ltr'>ornamentum.</span> 
     </span>
     <span class='ocr_line' id='line_1_43' title="bbox 69 2816 1035 2868; baseline 0.005 -15"><span class='ocrx_word' id='word_1_239' title='bbox 69 2816 320 2865; x_wconf 83' lang='lat' dir='ltr'>opusculum</span> <span class='ocrx_word' id='word_1_240' title='bbox 351 2829 449 2856; x_wconf 86' lang='lat' dir='ltr'>vero</span> <span class='ocrx_word' id='word_1_241' title='bbox 480 2820 641 2857; x_wconf 85' lang='lat' dir='ltr'>Claudii</span> <span class='ocrx_word' id='word_1_242' title='bbox 681 2821 896 2868; x_wconf 87' lang='lat' dir='ltr'>integrum</span> <span class='ocrx_word' id='word_1_243' title='bbox 940 2831 1035 2867; x_wconf 86' lang='lat' dir='ltr'>pro—</span> 
     </span>
     <span class='ocr_line' id='line_1_44' title="bbox 69 2880 1036 2929; baseline 0.002 -14"><span class='ocrx_word' id='word_1_244' title='bbox 69 2880 235 2926; x_wconf 86' lang='lat' dir='ltr'>pediem</span> <span class='ocrx_word' id='word_1_245' title='bbox 284 2883 573 2929; x_wconf 85' lang='lat' dir='ltr'>evulgandum</span> <span class='ocrx_word' id='word_1_246' title='bbox 621 2892 839 2929; x_wconf 84' lang='lat' dir='ltr'>speramus</span> <span class='ocrx_word' id='word_1_247' title='bbox 883 2892 906 2918; x_wconf 84' lang='lat' dir='ltr'>a</span> <span class='ocrx_word' id='word_1_248' title='bbox 950 2884 1036 2919; x_wconf 85' lang='lat' dir='ltr'>viro</span> 
     </span>
     <span class='ocr_line' id='line_1_45' title="bbox 70 2943 1033 2992; baseline 0.002 -13"><span class='ocrx_word' id='word_1_249' title='bbox 70 2943 310 2980; x_wconf 88' lang='lat' dir='ltr'>doctissimo</span> <span class='ocrx_word' id='word_1_250' title='bbox 324 2945 367 2980; x_wconf 89' lang='lat' dir='ltr'>P.</span> <span class='ocrx_word' id='word_1_251' title='bbox 382 2945 442 2981; x_wconf 75' lang='grc'><strong>,10.</strong></span> <span class='ocrx_word' id='word_1_252' title='bbox 459 2945 676 2992; x_wconf 74' lang='lat' dir='ltr'>Chrysost.</span> <span class='ocrx_word' id='word_1_253' title='bbox 693 2947 915 2983; x_wconf 90' lang='lat' dir='ltr'>Trombelli</span> <span class='ocrx_word' id='word_1_254' title='bbox 929 2947 1033 2983; x_wconf 87' lang='lat' dir='ltr'>Abb.</span> 
     </span>
     <span class='ocr_line' id='line_1_46' title="bbox 71 3005 1035 3053; baseline 0.005 -12"><span class='ocrx_word' id='word_1_255' title='bbox 71 3005 111 3041; x_wconf 86' lang='lat' dir='ltr'>S.</span> <span class='ocrx_word' id='word_1_256' title='bbox 144 3006 374 3043; x_wconf 89' lang='lat' dir='ltr'>Salvatoris</span> <span class='ocrx_word' id='word_1_257' title='bbox 403 3007 612 3053; x_wconf 86' lang='lat' dir='ltr'>Bononiae,</span> <span class='ocrx_word' id='word_1_258' title='bbox 638 3010 724 3044; x_wconf 90' lang='lat' dir='ltr'>viro</span> <span class='ocrx_word' id='word_1_259' title='bbox 747 3010 940 3046; x_wconf 81' lang='lat' dir='ltr'>eruendis</span> <span class='ocrx_word' id='word_1_260' title='bbox 963 3020 1035 3046; x_wconf 90' lang='lat' dir='ltr'>ve—</span> 
     </span>
     <span class='ocr_line' id='line_1_47' title="bbox 69 3068 1037 3117; baseline 0.004 -13"><span class='ocrx_word' id='word_1_261' title='bbox 69 3068 198 3105; x_wconf 86' lang='lat' dir='ltr'>tustis</span> <span class='ocrx_word' id='word_1_262' title='bbox 227 3069 436 3106; x_wconf 85' lang='lat' dir='ltr'>codicibus</span> <span class='ocrx_word' id='word_1_263' title='bbox 467 3070 578 3116; x_wconf 87' lang='lat' dir='ltr'>nato,</span> <span class='ocrx_word' id='word_1_264' title='bbox 605 3071 720 3107; x_wconf 87' lang='lat' dir='ltr'>cuius</span> <span class='ocrx_word' id='word_1_265' title='bbox 750 3073 909 3117; x_wconf 84' lang='lat' dir='ltr'>coeptis</span> <span class='ocrx_word' id='word_1_266' title='bbox 950 3073 1037 3108; x_wconf 86' lang='lat' dir='ltr'>tota</span> 
     </span>
     <span class='ocr_line' id='line_1_48' title="bbox 71 3128 453 3175; baseline 0 -10"><span class='ocrx_word' id='word_1_267' title='bbox 71 3129 287 3175; x_wconf 84' lang='lat' dir='ltr'>applaudit</span> <span class='ocrx_word' id='word_1_268' title='bbox 317 3128 453 3166; x_wconf 81' lang='lat' dir='ltr'>Italia.</span> 
     </span>
    </p>

    <p class='ocr_par' dir='ltr' id='par_1_8' title="bbox 73 3191 1036 3367">
     <span class='ocr_line' id='line_1_49' title="bbox 124 3191 1036 3232; baseline 0.005 -5"><span class='ocrx_word' id='word_1_269' title='bbox 124 3191 496 3230; x_wconf 82' lang='lat' dir='ltr'>THEODERICUS</span> <span class='ocrx_word' id='word_1_270' title='bbox 529 3194 566 3230; x_wconf 92' lang='lat' dir='ltr'>S.</span> <span class='ocrx_word' id='word_1_271' title='bbox 612 3195 765 3231; x_wconf 82' lang='lat' dir='ltr'>Albani</span> <span class='ocrx_word' id='word_1_272' title='bbox 807 3197 1036 3232; x_wconf 84' lang='lat' dir='ltr'>monachus</span> 
     </span>
     <span class='ocr_line' id='line_1_50' title="bbox 73 3255 1035 3303; baseline 0.001 -10"><span class='ocrx_word' id='word_1_273' title='bbox 73 3255 182 3303; x_wconf 82' lang='lat' dir='ltr'>apud</span> <span class='ocrx_word' id='word_1_274' title='bbox 202 3255 480 3303; x_wconf 85' lang='lat' dir='ltr'>Moguntiam,</span> <span class='ocrx_word' id='word_1_275' title='bbox 501 3256 595 3294; x_wconf 87' lang='lat' dir='ltr'>Ord.</span> <span class='ocrx_word' id='word_1_276' title='bbox 619 3257 657 3292; x_wconf 87' lang='lat' dir='ltr'>S.</span> <span class='ocrx_word' id='word_1_277' title='bbox 679 3256 908 3303; x_wconf 85' lang='lat' dir='ltr'>Benedicti,</span> <span class='ocrx_word' id='word_1_278' title='bbox 935 3259 1035 3294; x_wconf 86' lang='lat' dir='ltr'>scri-</span> 
     </span>
     <span class='ocr_line' id='line_1_51' title="bbox 75 3318 1033 3367; baseline 0 -10"><span class='ocrx_word' id='word_1_279' title='bbox 75 3320 162 3367; x_wconf 80' lang='lat' dir='ltr'>psit</span> <span class='ocrx_word' id='word_1_280' title='bbox 192 3319 246 3356; x_wconf 86' lang='lat' dir='ltr'>ad</span> <span class='ocrx_word' id='word_1_281' title='bbox 276 3318 496 3356; x_wconf 84' lang='lat' dir='ltr'>Ricardum</span> <span class='ocrx_word' id='word_1_282' title='bbox 537 3319 788 3356; x_wconf 88' lang='lat' dir='ltr'>Fuldcusem</span> <span class='ocrx_word' id='word_1_283' title='bbox 832 3321 1033 3358; x_wconf 80' lang='lat' dir='ltr'>Abbatem</span> 
     </span>
    </p>
   </div>
   <div class='ocr_carea' id='block_1_5' title="bbox 1086 164 2079 2734">
    <p class='ocr_par' dir='ltr' id='par_1_9' title="bbox 1086 164 2072 1287">
     <span class='ocr_line' id='line_1_52' title="bbox 1989 164 2067 200; baseline -0.013 0"><span class='ocrx_word' id='word_1_284' title='bbox 1989 164 2067 200; x_wconf 83' lang='grc'>519</span> 
     </span>
     <span class='ocr_line' id='line_1_53' title="bbox 1101 233 2069 280; baseline -0.008 -2"><span class='ocrx_word' id='word_1_285' title='bbox 1101 242 1149 278; x_wconf 82' lang='lat' dir='ltr'>de</span> <span class='ocrx_word' id='word_1_286' title='bbox 1179 240 1269 277; x_wconf 77' lang='lat' dir='ltr'>vita</span> <span class='ocrx_word' id='word_1_287' title='bbox 1299 239 1338 275; x_wconf 77' lang='lat' dir='ltr'>ec</span> <span class='ocrx_word' id='word_1_288' title='bbox 1367 236 1595 275; x_wconf 74' lang='lat' dir='ltr'>miraculis</span> <span class='ocrx_word' id='word_1_289' title='bbox 1638 235 1682 273; x_wconf 84' lang='lat' dir='ltr'>S.</span> <span class='ocrx_word' id='word_1_290' title='bbox 1725 233 1976 280; x_wconf 73' lang='lat' dir='ltr'>Benedicti,</span> <span class='ocrx_word' id='word_1_291' title='bbox 2020 234 2069 271; x_wconf 84' lang='lat' dir='ltr'>de</span> 
     </span>
     <span class='ocr_line' id='line_1_54' title="bbox 1100 297 2067 347; baseline -0.007 -7"><span class='ocrx_word' id='word_1_292' title='bbox 1100 302 1380 341; x_wconf 76' lang='lat' dir='ltr'>translatione</span> <span class='ocrx_word' id='word_1_293' title='bbox 1402 301 1587 347; x_wconf 79' lang='lat' dir='ltr'>ejusdem</span> <span class='ocrx_word' id='word_1_294' title='bbox 1610 300 1655 336; x_wconf 81' lang='lat' dir='ltr'>in</span> <span class='ocrx_word' id='word_1_295' title='bbox 1678 298 1875 344; x_wconf 79' lang='lat' dir='ltr'>Galliam,</span> <span class='ocrx_word' id='word_1_296' title='bbox 1898 298 1937 334; x_wconf 84' lang='lat' dir='ltr'>et</span> <span class='ocrx_word' id='word_1_297' title='bbox 1961 297 2067 334; x_wconf 88' lang='lat' dir='ltr'>Ser-</span> 
     </span>
     <span class='ocr_line' id='line_1_55' title="bbox 1099 360 2066 401; baseline -0.006 0"><span class='ocrx_word' id='word_1_298' title='bbox 1099 374 1236 401; x_wconf 80' lang='lat' dir='ltr'>mones</span> <span class='ocrx_word' id='word_1_299' title='bbox 1266 365 1312 400; x_wconf 81' lang='lat' dir='ltr'>in</span> <span class='ocrx_word' id='word_1_300' title='bbox 1332 363 1526 400; x_wconf 76' lang='lat' dir='ltr'>honorem</span> <span class='ocrx_word' id='word_1_301' title='bbox 1550 362 1820 400; x_wconf 78' lang='lat' dir='ltr'>Sanctorum.</span> <span class='ocrx_word' id='word_1_302' title='bbox 1842 360 1971 397; x_wconf 88' lang='lat' dir='ltr'>Addit</span> <span class='ocrx_word' id='word_1_303' title='bbox 1991 370 2066 396; x_wconf 87' lang='lat' dir='ltr'>au-</span> 
     </span>
     <span class='ocr_line' id='line_1_56' title="bbox 1099 423 2066 474; baseline -0.005 -11"><span class='ocrx_word' id='word_1_304' title='bbox 1099 429 1189 464; x_wconf 88' lang='lat' dir='ltr'>tem</span> <span class='ocrx_word' id='word_1_305' title='bbox 1219 427 1548 474; x_wconf 82' lang='lat' dir='ltr'>Eisingreinius,</span> <span class='ocrx_word' id='word_1_306' title='bbox 1574 426 1625 462; x_wconf 85' lang='lat' dir='ltr'>ab</span> <span class='ocrx_word' id='word_1_307' title='bbox 1645 425 1789 462; x_wconf 88' lang='lat' dir='ltr'>eodem</span> <span class='ocrx_word' id='word_1_308' title='bbox 1815 423 2066 460; x_wconf 86' lang='lat' dir='ltr'>Theoderico</span> 
     </span>
     <span class='ocr_line' id='line_1_57' title="bbox 1099 486 2067 536; baseline -0.005 -10"><span class='ocrx_word' id='word_1_309' title='bbox 1099 490 1251 536; x_wconf 88' lang='lat' dir='ltr'>scripta</span> <span class='ocrx_word' id='word_1_310' title='bbox 1279 499 1370 526; x_wconf 90' lang='lat' dir='ltr'>esse</span> <span class='ocrx_word' id='word_1_311' title='bbox 1407 489 1718 526; x_wconf 79' lang='lat' dir='ltr'>Commentaria</span> <span class='ocrx_word' id='word_1_312' title='bbox 1761 488 1807 524; x_wconf 87' lang='lat' dir='ltr'>in</span> <span class='ocrx_word' id='word_1_313' title='bbox 1848 486 2067 524; x_wconf 77' lang='lat' dir='ltr'>Canticum</span> 
     </span>
     <span class='ocr_line' id='line_1_58' title="bbox 1104 550 2069 597; baseline -0.005 -8"><span class='ocrx_word' id='word_1_314' title='bbox 1104 552 1388 597; x_wconf 82' lang='lat' dir='ltr'>Canticoram,</span> <span class='ocrx_word' id='word_1_315' title='bbox 1406 553 1445 588; x_wconf 83' lang='lat' dir='ltr'>et</span> <span class='ocrx_word' id='word_1_316' title='bbox 1460 552 1505 588; x_wconf 89' lang='lat' dir='ltr'>in</span> <span class='ocrx_word' id='word_1_317' title='bbox 1526 553 1573 588; x_wconf 87' lang='lat' dir='ltr'>D.</span> <span class='ocrx_word' id='word_1_318' title='bbox 1588 551 1763 588; x_wconf 62' lang='lat' dir='ltr'>,Ioannis</span> <span class='ocrx_word' id='word_1_319' title='bbox 1777 550 2069 597; x_wconf 69' lang='lat' dir='ltr'>Ezanyeliam:</span> 
     </span>
     <span class='ocr_line' id='line_1_59' title="bbox 1097 613 2070 661; baseline -0.003 -10"><span class='ocrx_word' id='word_1_320' title='bbox 1097 615 1380 651; x_wconf 76' lang='lat' dir='ltr'>successiones</span> <span class='ocrx_word' id='word_1_321' title='bbox 1410 614 1513 650; x_wconf 84' lang='lat' dir='ltr'>item</span> <span class='ocrx_word' id='word_1_322' title='bbox 1543 614 1887 661; x_wconf 71' lang='lat' dir='ltr'>Moqnntinoram</span> <span class='ocrx_word' id='word_1_323' title='bbox 1923 613 2070 649; x_wconf 78' lang='lat' dir='ltr'>Ponti—</span> 
     </span>
     <span class='ocr_line' id='line_1_60' title="bbox 1086 676 2064 724; baseline -0.002 -11"><span class='ocrx_word' id='word_1_324' title='bbox 1086 677 1222 724; x_wconf 70' lang='lat' dir='ltr'>ficum</span> <span class='ocrx_word' id='word_1_325' title='bbox 1251 676 1439 712; x_wconf 88' lang='lat' dir='ltr'>accurate</span> <span class='ocrx_word' id='word_1_326' title='bbox 1471 676 1599 712; x_wconf 84' lang='lat' dir='ltr'>fuisse</span> <span class='ocrx_word' id='word_1_327' title='bbox 1630 677 1860 722; x_wconf 89' lang='lat' dir='ltr'>descriptas</span> <span class='ocrx_word' id='word_1_328' title='bbox 1880 703 1889 721; x_wconf 92' lang='lat'>,</span> <span class='ocrx_word' id='word_1_329' title='bbox 1926 685 2064 712; x_wconf 89' lang='lat' dir='ltr'>rerum</span> 
     </span>
     <span class='ocr_line' id='line_1_61' title="bbox 1099 738 2067 786; baseline -0.001 -11"><span class='ocrx_word' id='word_1_330' title='bbox 1099 739 1318 786; x_wconf 87' lang='lat' dir='ltr'>gestarum</span> <span class='ocrx_word' id='word_1_331' title='bbox 1339 747 1385 774; x_wconf 87' lang='lat' dir='ltr'>ac</span> <span class='ocrx_word' id='word_1_332' title='bbox 1397 738 1637 785; x_wconf 87' lang='lat' dir='ltr'>temporum</span> <span class='ocrx_word' id='word_1_333' title='bbox 1652 739 1866 775; x_wconf 87' lang='lat' dir='ltr'>notatione</span> <span class='ocrx_word' id='word_1_334' title='bbox 1882 738 2067 784; x_wconf 86' lang='lat' dir='ltr'>insigni-</span> 
     </span>
     <span class='ocr_line' id='line_1_62' title="bbox 1099 801 2066 839; baseline -0.003 0"><span class='ocrx_word' id='word_1_335' title='bbox 1099 803 1177 839; x_wconf 90' lang='lat' dir='ltr'>tas.</span> <span class='ocrx_word' id='word_1_336' title='bbox 1209 802 1313 839; x_wconf 88' lang='lat' dir='ltr'>Cum</span> <span class='ocrx_word' id='word_1_337' title='bbox 1344 811 1440 838; x_wconf 89' lang='lat' dir='ltr'>vero</span> <span class='ocrx_word' id='word_1_338' title='bbox 1471 802 1542 837; x_wconf 85' lang='lat' dir='ltr'>alii</span> <span class='ocrx_word' id='word_1_339' title='bbox 1573 801 1757 838; x_wconf 88' lang='lat' dir='ltr'>scribant</span> <span class='ocrx_word' id='word_1_340' title='bbox 1785 811 1879 837; x_wconf 90' lang='lat' dir='ltr'>eum</span> <span class='ocrx_word' id='word_1_341' title='bbox 1909 801 2066 836; x_wconf 81' lang='lat' dir='ltr'>vixisse</span> 
     </span>
     <span class='ocr_line' id='line_1_63' title="bbox 1100 863 2067 910; baseline -0.003 -8"><span class='ocrx_word' id='word_1_342' title='bbox 1100 875 1209 903; x_wconf 92' lang='lat' dir='ltr'>anno</span> <span class='ocrx_word' id='word_1_343' title='bbox 1241 865 1360 901; x_wconf 87' lang='lat'>1440.</span> <span class='ocrx_word' id='word_1_344' title='bbox 1392 863 1497 900; x_wconf 86' lang='lat' dir='ltr'>forte</span> <span class='ocrx_word' id='word_1_345' title='bbox 1528 863 1570 899; x_wconf 93' lang='lat' dir='ltr'>in</span> <span class='ocrx_word' id='word_1_346' title='bbox 1601 863 1877 910; x_wconf 89' lang='lat' dir='ltr'>Eisingreinii</span> <span class='ocrx_word' id='word_1_347' title='bbox 1919 873 2067 899; x_wconf 88' lang='lat' dir='ltr'>nume-</span> 
     </span>
     <span class='ocr_line' id='line_1_64' title="bbox 1100 925 2067 973; baseline -0.004 -8"><span class='ocrx_word' id='word_1_348' title='bbox 1100 938 1193 965; x_wconf 86' lang='lat' dir='ltr'>rum</span> <span class='ocrx_word' id='word_1_349' title='bbox 1223 937 1335 965; x_wconf 90' lang='lat' dir='ltr'>error</span> <span class='ocrx_word' id='word_1_350' title='bbox 1366 925 1560 973; x_wconf 84' lang='lat' dir='ltr'>irrepsit,</span> <span class='ocrx_word' id='word_1_351' title='bbox 1602 935 1681 973; x_wconf 91' lang='lat' dir='ltr'>quo</span> <span class='ocrx_word' id='word_1_352' title='bbox 1722 926 1932 962; x_wconf 86' lang='lat' dir='ltr'>indicatur</span> <span class='ocrx_word' id='word_1_353' title='bbox 1971 935 2067 962; x_wconf 90' lang='lat' dir='ltr'>eum</span> 
     </span>
     <span class='ocr_line' id='line_1_65' title="bbox 1102 988 2068 1027; baseline -0.003 -1"><span class='ocrx_word' id='word_1_354' title='bbox 1102 990 1290 1027; x_wconf 85' lang='lat' dir='ltr'>floruisse</span> <span class='ocrx_word' id='word_1_355' title='bbox 1320 999 1356 1025; x_wconf 89' lang='lat' dir='ltr'>a.</span> <span class='ocrx_word' id='word_1_356' title='bbox 1380 988 1473 1026; x_wconf 84' lang='grc'><strong>985.</strong></span> <span class='ocrx_word' id='word_1_357' title='bbox 1495 990 1592 1026; x_wconf 69' lang='lat' dir='ltr'>Haec</span> <span class='ocrx_word' id='word_1_358' title='bbox 1612 990 1859 1026; x_wconf 91' lang='lat' dir='ltr'>Possevinus</span> <span class='ocrx_word' id='word_1_359' title='bbox 1880 989 1993 1025; x_wconf 88' lang='lat' dir='ltr'>tomo</span> <span class='ocrx_word' id='word_1_360' title='bbox 2016 988 2068 1023; x_wconf 93' lang='lat' dir='ltr'>II.</span> 
     </span>
     <span class='ocr_line' id='line_1_66' title="bbox 1101 1051 2072 1100; baseline -0.001 -11"><span class='ocrx_word' id='word_1_361' title='bbox 1101 1053 1340 1100; x_wconf 87' lang='lat' dir='ltr'>Apparatus</span> <span class='ocrx_word' id='word_1_362' title='bbox 1372 1063 1410 1099; x_wconf 91' lang='lat' dir='ltr'>p.</span> <span class='ocrx_word' id='word_1_363' title='bbox 1451 1051 1545 1089; x_wconf 87' lang='lat'>455.</span> <span class='ocrx_word' id='word_1_364' title='bbox 1588 1053 1743 1089; x_wconf 85' lang='lat' dir='ltr'>Eadem</span> <span class='ocrx_word' id='word_1_365' title='bbox 1786 1053 1943 1098; x_wconf 83' lang='lat' dir='ltr'>pagina</span> <span class='ocrx_word' id='word_1_366' title='bbox 1978 1052 2072 1088; x_wconf 81' lang='lat' dir='ltr'>Vita</span> 
     </span>
     <span class='ocr_line' id='line_1_67' title="bbox 1104 1115 2072 1154; baseline -0.003 -1"><span class='ocrx_word' id='word_1_367' title='bbox 1104 1118 1143 1154; x_wconf 77' lang='lat' dir='ltr'>et</span> <span class='ocrx_word' id='word_1_368' title='bbox 1191 1117 1420 1154; x_wconf 72' lang='lat' dir='ltr'>translatio</span> <span class='ocrx_word' id='word_1_369' title='bbox 1464 1116 1507 1153; x_wconf 86' lang='lat' dir='ltr'>S.</span> <span class='ocrx_word' id='word_1_370' title='bbox 1550 1116 1774 1153; x_wconf 80' lang='lat' dir='ltr'>Benedicti</span> <span class='ocrx_word' id='word_1_371' title='bbox 1821 1115 2072 1152; x_wconf 72' lang='lat' dir='ltr'>Theoderico</span> 
     </span>
     <span class='ocr_line' id='line_1_68' title="bbox 1104 1177 2071 1222; baseline -0.001 -8"><span class='ocrx_word' id='word_1_372' title='bbox 1104 1178 1268 1215; x_wconf 87' lang='lat' dir='ltr'>cuidam</span> <span class='ocrx_word' id='word_1_373' title='bbox 1294 1178 1497 1215; x_wconf 87' lang='lat' dir='ltr'>monacho</span> <span class='ocrx_word' id='word_1_374' title='bbox 1517 1178 1796 1215; x_wconf 86' lang='lat' dir='ltr'>Hirsfeldensi</span> <span class='ocrx_word' id='word_1_375' title='bbox 1817 1177 2071 1222; x_wconf 87' lang='lat' dir='ltr'>tribuuntur,</span> 
     </span>
     <span class='ocr_line' id='line_1_69' title="bbox 1104 1241 1596 1287; baseline 0.002 -11"><span class='ocrx_word' id='word_1_376' title='bbox 1104 1242 1174 1287; x_wconf 91' lang='lat' dir='ltr'>qui</span> <span class='ocrx_word' id='word_1_377' title='bbox 1204 1250 1239 1276; x_wconf 88' lang='lat' dir='ltr'>a.</span> <span class='ocrx_word' id='word_1_378' title='bbox 1274 1241 1394 1277; x_wconf 84' lang='lat'>1042.</span> <span class='ocrx_word' id='word_1_379' title='bbox 1429 1241 1596 1277; x_wconf 79' lang='lat' dir='ltr'>vixerit.</span> 
     </span>
    </p>

    <p class='ocr_par' dir='ltr' id='par_1_10' title="bbox 1101 1301 2079 2734">
     <span class='ocr_line' id='line_1_70' title="bbox 1159 1301 2077 1349; baseline 0 -11"><span class='ocrx_word' id='word_1_380' title='bbox 1159 1301 1538 1338; x_wconf 87' lang='lat' dir='ltr'>THEODERICUS</span> <span class='ocrx_word' id='word_1_381' title='bbox 1570 1303 1617 1339; x_wconf 80' lang='lat' dir='ltr'>de</span> <span class='ocrx_word' id='word_1_382' title='bbox 1647 1302 1843 1349; x_wconf 74' lang='lat' dir='ltr'>Apolclia,</span> <span class='ocrx_word' id='word_1_383' title='bbox 1874 1303 1939 1338; x_wconf 84' lang='lat' dir='ltr'>vel</span> <span class='ocrx_word' id='word_1_384' title='bbox 1969 1302 2077 1348; x_wconf 90' lang='lat' dir='ltr'>quod</span> 
     </span>
     <span class='ocr_line' id='line_1_71' title="bbox 1102 1364 2071 1412; baseline 0 -11"><span class='ocrx_word' id='word_1_385' title='bbox 1102 1366 1212 1401; x_wconf 87' lang='lat' dir='ltr'>idem</span> <span class='ocrx_word' id='word_1_386' title='bbox 1232 1364 1313 1411; x_wconf 88' lang='lat' dir='ltr'>est,</span> <span class='ocrx_word' id='word_1_387' title='bbox 1335 1365 1383 1402; x_wconf 85' lang='lat' dir='ltr'>cle</span> <span class='ocrx_word' id='word_1_388' title='bbox 1411 1365 1665 1412; x_wconf 71' lang='lat' dir='ltr'>Tllnrinqia,</span> <span class='ocrx_word' id='word_1_389' title='bbox 1685 1364 1798 1412; x_wconf 83' lang='lat' dir='ltr'>(nam</span> <span class='ocrx_word' id='word_1_390' title='bbox 1819 1366 1997 1411; x_wconf 86' lang='lat' dir='ltr'>Apoldia</span> <span class='ocrx_word' id='word_1_391' title='bbox 2019 1364 2071 1412; x_wconf 86' lang='lat' dir='ltr'>(a)</span> 
     </span>
     <span class='ocr_line' id='line_1_72' title="bbox 1105 1428 2076 1474; baseline 0.001 -11"><span class='ocrx_word' id='word_1_392' title='bbox 1105 1428 1350 1474; x_wconf 81' lang='lat' dir='ltr'>Thuringiae</span> <span class='ocrx_word' id='word_1_393' title='bbox 1392 1428 1458 1464; x_wconf 86' lang='lat' dir='ltr'>est</span> <span class='ocrx_word' id='word_1_394' title='bbox 1502 1428 1701 1474; x_wconf 89' lang='lat' dir='ltr'>oppidum</span> <span class='ocrx_word' id='word_1_395' title='bbox 1743 1437 1827 1464; x_wconf 93' lang='lat' dir='ltr'>non</span> <span class='ocrx_word' id='word_1_396' title='bbox 1868 1429 2010 1474; x_wconf 87' lang='lat' dir='ltr'>procul</span> <span class='ocrx_word' id='word_1_397' title='bbox 2052 1438 2076 1464; x_wconf 86' lang='lat' dir='ltr'>a</span> 
     </span>
     <span class='ocr_line' id='line_1_73' title="bbox 1102 1489 2069 1537; baseline -0.001 -10"><span class='ocrx_word' id='word_1_398' title='bbox 1102 1492 1207 1527; x_wconf 86' lang='lat' dir='ltr'>Jena</span> <span class='ocrx_word' id='word_1_399' title='bbox 1237 1489 1381 1537; x_wconf 88' lang='lat' dir='ltr'>situm)</span> <span class='ocrx_word' id='word_1_400' title='bbox 1406 1490 1571 1527; x_wconf 82' lang='lat' dir='ltr'>circiter</span> <span class='ocrx_word' id='word_1_401' title='bbox 1594 1500 1629 1526; x_wconf 90' lang='lat' dir='ltr'>a.</span> <span class='ocrx_word' id='word_1_402' title='bbox 1656 1489 1775 1526; x_wconf 89' lang='grc'><strong>1229.</strong></span> <span class='ocrx_word' id='word_1_403' title='bbox 1798 1489 1940 1537; x_wconf 88' lang='lat' dir='ltr'>natus,</span> <span class='ocrx_word' id='word_1_404' title='bbox 1961 1500 2069 1527; x_wconf 85' lang='lat' dir='ltr'>anno</span> 
     </span>
     <span class='ocr_line' id='line_1_74' title="bbox 1101 1552 2074 1591; baseline 0 -1"><span class='ocrx_word' id='word_1_405' title='bbox 1101 1554 1243 1591; x_wconf 71' lang='lat' dir='ltr'>{etatis</span> <span class='ocrx_word' id='word_1_406' title='bbox 1273 1553 1426 1589; x_wconf 85' lang='lat' dir='ltr'>XVIII.</span> <span class='ocrx_word' id='word_1_407' title='bbox 1457 1552 1746 1590; x_wconf 86' lang='lat' dir='ltr'>coenobiticam</span> <span class='ocrx_word' id='word_1_408' title='bbox 1771 1553 1906 1589; x_wconf 81' lang='lat' dir='ltr'>vitam</span> <span class='ocrx_word' id='word_1_409' title='bbox 1939 1554 2074 1590; x_wconf 84' lang='lat' dir='ltr'>secta—</span> 
     </span>
     <span class='ocr_line' id='line_1_75' title="bbox 1103 1616 2077 1663; baseline 0 -10"><span class='ocrx_word' id='word_1_410' title='bbox 1103 1618 1173 1654; x_wconf 86' lang='lat' dir='ltr'>tus</span> <span class='ocrx_word' id='word_1_411' title='bbox 1203 1617 1285 1663; x_wconf 89' lang='lat' dir='ltr'>est,</span> <span class='ocrx_word' id='word_1_412' title='bbox 1315 1616 1460 1653; x_wconf 91' lang='lat' dir='ltr'>Ordini</span> <span class='ocrx_word' id='word_1_413' title='bbox 1480 1616 1660 1653; x_wconf 88' lang='lat' dir='ltr'>fratrum</span> <span class='ocrx_word' id='word_1_414' title='bbox 1686 1616 2011 1653; x_wconf 81' lang='lat' dir='ltr'>Praedicatorum</span> <span class='ocrx_word' id='word_1_415' title='bbox 2033 1618 2077 1653; x_wconf 96' lang='grc'>111</span> 
     </span>
     <span class='ocr_line' id='line_1_76' title="bbox 1103 1680 2079 1726; baseline -0.002 -8"><span class='ocrx_word' id='word_1_416' title='bbox 1103 1681 1312 1718; x_wconf 81' lang='lat' dir='ltr'>conventu</span> <span class='ocrx_word' id='word_1_417' title='bbox 1325 1681 1584 1717; x_wconf 85' lang='lat' dir='ltr'>Erfordiensi</span> <span class='ocrx_word' id='word_1_418' title='bbox 1609 1680 1858 1726; x_wconf 89' lang='lat' dir='ltr'>adscriptus.</span> <span class='ocrx_word' id='word_1_419' title='bbox 1874 1680 1973 1716; x_wconf 90' lang='lat' dir='ltr'>Cum</span> <span class='ocrx_word' id='word_1_420' title='bbox 1991 1681 2079 1726; x_wconf 84' lang='lat' dir='ltr'>jam</span> 
     </span>
     <span class='ocr_line' id='line_1_77' title="bbox 1106 1743 2079 1790; baseline 0 -9"><span class='ocrx_word' id='word_1_421' title='bbox 1106 1743 1364 1782; x_wconf 87' lang='lat' dir='ltr'>senectutem</span> <span class='ocrx_word' id='word_1_422' title='bbox 1397 1743 1641 1789; x_wconf 83' lang='lat' dir='ltr'>attigisset,</span> <span class='ocrx_word' id='word_1_423' title='bbox 1676 1745 1980 1790; x_wconf 81' lang='lat' dir='ltr'>sexagenarius</span> <span class='ocrx_word' id='word_1_424' title='bbox 2010 1745 2079 1781; x_wconf 80' lang='lat' dir='ltr'>Vi-</span> 
     </span>
     <span class='ocr_line' id='line_1_78' title="bbox 1105 1807 2076 1853; baseline -0.004 -7"><span class='ocrx_word' id='word_1_425' title='bbox 1105 1810 1192 1846; x_wconf 83' lang='lat' dir='ltr'>tam</span> <span class='ocrx_word' id='word_1_426' title='bbox 1225 1808 1270 1846; x_wconf 85' lang='lat' dir='ltr'>S.</span> <span class='ocrx_word' id='word_1_427' title='bbox 1301 1807 1588 1853; x_wconf 71' lang='lat' dir='ltr'>Elisabetllae,</span> <span class='ocrx_word' id='word_1_428' title='bbox 1612 1816 1703 1853; x_wconf 87' lang='lat' dir='ltr'>quae</span> <span class='ocrx_word' id='word_1_429' title='bbox 1725 1807 1921 1853; x_wconf 81' lang='lat' dir='ltr'>Andreae,</span> <span class='ocrx_word' id='word_1_430' title='bbox 1944 1807 2076 1852; x_wconf 85' lang='lat' dir='ltr'>Regis</span> 
     </span>
     <span class='ocr_line' id='line_1_79' title="bbox 1104 1869 2073 1918; baseline -0.002 -10"><span class='ocrx_word' id='word_1_431' title='bbox 1104 1872 1332 1918; x_wconf 84' lang='lat' dir='ltr'>Hungariae</span> <span class='ocrx_word' id='word_1_432' title='bbox 1363 1871 1468 1916; x_wconf 88' lang='lat' dir='ltr'>filia,</span> <span class='ocrx_word' id='word_1_433' title='bbox 1498 1871 1541 1907; x_wconf 90' lang='lat' dir='ltr'>et</span> <span class='ocrx_word' id='word_1_434' title='bbox 1570 1870 1796 1916; x_wconf 86' lang='lat' dir='ltr'>Ludovici,</span> <span class='ocrx_word' id='word_1_435' title='bbox 1827 1869 2073 1915; x_wconf 63' lang='lat' dir='ltr'>Thuringi-aa</span> 
     </span>
     <span class='ocr_line' id='line_1_80' title="bbox 1107 1933 2077 1981; baseline -0.002 -9"><span class='ocrx_word' id='word_1_436' title='bbox 1107 1936 1382 1981; x_wconf 78' lang='lat' dir='ltr'>Landgravii,</span> <span class='ocrx_word' id='word_1_437' title='bbox 1412 1934 1566 1980; x_wconf 75' lang='lat' dir='ltr'>conjux</span> <span class='ocrx_word' id='word_1_438' title='bbox 1595 1933 1690 1979; x_wconf 81' lang='lat' dir='ltr'>fuit,</span> <span class='ocrx_word' id='word_1_439' title='bbox 1712 1934 1971 1979; x_wconf 87' lang='lat' dir='ltr'>conscripsit.</span> <span class='ocrx_word' id='word_1_440' title='bbox 1994 1934 2077 1970; x_wconf 84' lang='lat' dir='ltr'>Va-</span> 
     </span>
     <span class='ocr_line' id='line_1_81' title="bbox 1106 1988 2076 2043; baseline -0.004 -7"><span class='ocrx_word' id='word_1_441' title='bbox 1106 2000 1170 2036; x_wconf 86' lang='lat' dir='ltr'>ria</span> <span class='ocrx_word' id='word_1_442' title='bbox 1199 1999 1250 2034; x_wconf 89' lang='lat' dir='ltr'>ad</span> <span class='ocrx_word' id='word_1_443' title='bbox 1281 2007 1375 2035; x_wconf 88' lang='lat' dir='ltr'>eam</span> <span class='ocrx_word' id='word_1_444' title='bbox 1406 2007 1494 2034; x_wconf 85' lang='lat' dir='ltr'>rem</span> <span class='ocrx_word' id='word_1_445' title='bbox 1530 1988 1804 2043; x_wconf 83' lang='lat' dir='ltr'>undequaque</span> <span class='ocrx_word' id='word_1_446' title='bbox 1846 1997 2076 2043; x_wconf 84' lang='lat' dir='ltr'>collegerat</span> 
     </span>
     <span class='ocr_line' id='line_1_82' title="bbox 1105 2059 2075 2105; baseline -0.003 -6"><span class='ocrx_word' id='word_1_447' title='bbox 1105 2064 1157 2099; x_wconf 89' lang='lat' dir='ltr'>ab</span> <span class='ocrx_word' id='word_1_448' title='bbox 1187 2063 1351 2099; x_wconf 88' lang='lat' dir='ltr'>ancillis</span> <span class='ocrx_word' id='word_1_449' title='bbox 1380 2060 1605 2098; x_wconf 82' lang='lat' dir='ltr'>Elisabetae</span> <span class='ocrx_word' id='word_1_450' title='bbox 1637 2062 1798 2105; x_wconf 86' lang='lat' dir='ltr'>relicta,</span> <span class='ocrx_word' id='word_1_451' title='bbox 1826 2059 2000 2096; x_wconf 78' lang='lat' dir='ltr'>Com-adi</span> <span class='ocrx_word' id='word_1_452' title='bbox 2027 2061 2075 2097; x_wconf 90' lang='lat' dir='ltr'>de</span> 
     </span>
     <span class='ocr_line' id='line_1_83' title="bbox 1106 2123 2078 2171; baseline -0.002 -10"><span class='ocrx_word' id='word_1_453' title='bbox 1106 2125 1325 2171; x_wconf 85' lang='lat' dir='ltr'>Martburg</span> <span class='ocrx_word' id='word_1_454' title='bbox 1347 2123 1601 2170; x_wconf 89' lang='lat' dir='ltr'>Epistolam,</span> <span class='ocrx_word' id='word_1_455' title='bbox 1621 2124 1842 2160; x_wconf 87' lang='lat' dir='ltr'>conciones</span> <span class='ocrx_word' id='word_1_456' title='bbox 1860 2123 2078 2160; x_wconf 86' lang='lat' dir='ltr'>Monacho-</span> 
     </span>
     <span class='ocr_line' id='line_1_84' title="bbox 1110 2187 2078 2234; baseline -0.002 -9"><span class='ocrx_word' id='word_1_457' title='bbox 1110 2199 1204 2225; x_wconf 87' lang='lat' dir='ltr'>rum</span> <span class='ocrx_word' id='word_1_458' title='bbox 1224 2187 1398 2234; x_wconf 89' lang='lat' dir='ltr'>aliquot,</span> <span class='ocrx_word' id='word_1_459' title='bbox 1419 2188 1599 2232; x_wconf 89' lang='lat' dir='ltr'>denique</span> <span class='ocrx_word' id='word_1_460' title='bbox 1620 2195 1806 2223; x_wconf 88' lang='lat' dir='ltr'>rumores</span> <span class='ocrx_word' id='word_1_461' title='bbox 1829 2197 1900 2233; x_wconf 90' lang='lat' dir='ltr'>per</span> <span class='ocrx_word' id='word_1_462' title='bbox 1925 2189 2078 2234; x_wconf 84' lang='lat' dir='ltr'>vulgus</span> 
     </span>
     <span class='ocr_line' id='line_1_85' title="bbox 1106 2249 2076 2298; baseline 0 -11"><span class='ocrx_word' id='word_1_463' title='bbox 1106 2260 1285 2298; x_wconf 85' lang='lat' dir='ltr'>sparsos.</span> <span class='ocrx_word' id='word_1_464' title='bbox 1317 2250 1448 2286; x_wconf 87' lang='lat' dir='ltr'>Facili</span> <span class='ocrx_word' id='word_1_465' title='bbox 1479 2249 1672 2285; x_wconf 88' lang='lat' dir='ltr'>methodo</span> <span class='ocrx_word' id='word_1_466' title='bbox 1704 2251 1808 2286; x_wconf 89' lang='lat' dir='ltr'>illud</span> <span class='ocrx_word' id='word_1_467' title='bbox 1829 2252 2076 2296; x_wconf 89' lang='lat' dir='ltr'>opusculum</span> 
     </span>
     <span class='ocr_line' id='line_1_86' title="bbox 1105 2312 2075 2361; baseline -0.002 -10"><span class='ocrx_word' id='word_1_468' title='bbox 1105 2313 1358 2361; x_wconf 88' lang='lat' dir='ltr'>perfecerat,</span> <span class='ocrx_word' id='word_1_469' title='bbox 1387 2313 1540 2359; x_wconf 90' lang='lat' dir='ltr'>quippe</span> <span class='ocrx_word' id='word_1_470' title='bbox 1572 2312 1793 2358; x_wconf 85' lang='lat' dir='ltr'>aliquando</span> <span class='ocrx_word' id='word_1_471' title='bbox 1824 2313 1948 2349; x_wconf 86' lang='lat' dir='ltr'>verba</span> <span class='ocrx_word' id='word_1_472' title='bbox 1982 2313 2075 2358; x_wconf 88' lang='lat' dir='ltr'>ipsa</span> 
     </span>
     <span class='ocr_line' id='line_1_87' title="bbox 1104 2374 2071 2421; baseline -0.004 -6"><span class='ocrx_word' id='word_1_473' title='bbox 1104 2375 1377 2418; x_wconf 84' lang='lat' dir='ltr'>describebat,</span> <span class='ocrx_word' id='word_1_474' title='bbox 1398 2374 1446 2411; x_wconf 91' lang='lat' dir='ltr'>ut</span> <span class='ocrx_word' id='word_1_475' title='bbox 1475 2376 1687 2421; x_wconf 88' lang='lat' dir='ltr'>specimen</span> <span class='ocrx_word' id='word_1_476' title='bbox 1708 2375 1848 2412; x_wconf 80' lang='lat' dir='ltr'>videre</span> <span class='ocrx_word' id='word_1_477' title='bbox 1870 2376 2007 2421; x_wconf 90' lang='lat' dir='ltr'>possis</span> <span class='ocrx_word' id='word_1_478' title='bbox 2027 2377 2071 2412; x_wconf 89' lang='lat' dir='ltr'>in</span> 
     </span>
     <span class='ocr_line' id='line_1_88' title="bbox 1104 2437 2075 2484; baseline -0.004 -6"><span class='ocrx_word' id='word_1_479' title='bbox 1104 2440 1292 2478; x_wconf 83' lang='lat' dir='ltr'>Historia</span> <span class='ocrx_word' id='word_1_480' title='bbox 1322 2438 1687 2484; x_wconf 86' lang='lat' dir='ltr'>Landgraviorum</span> <span class='ocrx_word' id='word_1_481' title='bbox 1707 2437 1967 2484; x_wconf 83' lang='lat' dir='ltr'>Thuringiae.</span> <span class='ocrx_word' id='word_1_482' title='bbox 1992 2438 2075 2474; x_wconf 85' lang='lat' dir='ltr'>Nec</span> 
     </span>
     <span class='ocr_line' id='line_1_89' title="bbox 1107 2501 2075 2551; baseline -0.004 -11"><span class='ocrx_word' id='word_1_483' title='bbox 1107 2506 1197 2551; x_wconf 90' lang='lat' dir='ltr'>ipse</span> <span class='ocrx_word' id='word_1_484' title='bbox 1232 2501 1434 2539; x_wconf 87' lang='lat' dir='ltr'>diffitetur</span> <span class='ocrx_word' id='word_1_485' title='bbox 1466 2501 1572 2538; x_wconf 85' lang='lat' dir='ltr'>hanc</span> <span class='ocrx_word' id='word_1_486' title='bbox 1603 2503 1714 2537; x_wconf 87' lang='lat' dir='ltr'>viam</span> <span class='ocrx_word' id='word_1_487' title='bbox 1746 2501 1945 2538; x_wconf 87' lang='lat' dir='ltr'>tenuisse.</span> <span class='ocrx_word' id='word_1_488' title='bbox 1976 2501 2075 2537; x_wconf 82' lang='lat' dir='ltr'>Haec</span> 
     </span>
     <span class='ocr_line' id='line_1_90' title="bbox 1104 2563 2075 2611; baseline -0.004 -9"><span class='ocrx_word' id='word_1_489' title='bbox 1104 2568 1190 2603; x_wconf 88' lang='lat' dir='ltr'>Jac.</span> <span class='ocrx_word' id='word_1_490' title='bbox 1220 2566 1459 2611; x_wconf 87' lang='lat' dir='ltr'>Basnagius</span> <span class='ocrx_word' id='word_1_491' title='bbox 1494 2565 1538 2600; x_wconf 90' lang='grc'>111</span> <span class='ocrx_word' id='word_1_492' title='bbox 1579 2564 1867 2601; x_wconf 83' lang='lat' dir='ltr'>observatione</span> <span class='ocrx_word' id='word_1_493' title='bbox 1914 2563 2075 2610; x_wconf 74' lang='lat' dir='ltr'>praevia</span> 
     </span>
     <span class='ocr_line' id='line_1_91' title="bbox 1106 2626 2074 2674; baseline -0.005 -8"><span class='ocrx_word' id='word_1_494' title='bbox 1106 2630 1158 2666; x_wconf 88' lang='lat' dir='ltr'>ad</span> <span class='ocrx_word' id='word_1_495' title='bbox 1187 2629 1295 2664; x_wconf 85' lang='lat' dir='ltr'>hanc</span> <span class='ocrx_word' id='word_1_496' title='bbox 1324 2629 1484 2673; x_wconf 65' lang='lat' dir='ltr'>vitain,</span> <span class='ocrx_word' id='word_1_497' title='bbox 1516 2637 1606 2674; x_wconf 80' lang='lat' dir='ltr'>quae</span> <span class='ocrx_word' id='word_1_498' title='bbox 1636 2627 1752 2663; x_wconf 87' lang='lat' dir='ltr'>edita</span> <span class='ocrx_word' id='word_1_499' title='bbox 1786 2626 1852 2662; x_wconf 87' lang='lat' dir='ltr'>est</span> <span class='ocrx_word' id='word_1_500' title='bbox 1888 2635 1912 2662; x_wconf 87' lang='lat' dir='ltr'>a</span> <span class='ocrx_word' id='word_1_501' title='bbox 1955 2626 2074 2661; x_wconf 82' lang='lat' dir='ltr'>Surio</span> 
     </span>
     <span class='ocr_line' id='line_1_92' title="bbox 1107 2688 2074 2734; baseline -0.006 -5"><span class='ocrx_word' id='word_1_502' title='bbox 1107 2693 1146 2730; x_wconf 90' lang='grc'>(1.</span> <span class='ocrx_word' id='word_1_503' title='bbox 1168 2693 1232 2729; x_wconf 90' lang='grc'>10.</span> <span class='ocrx_word' id='word_1_504' title='bbox 1254 2692 1355 2728; x_wconf 80' lang='lat' dir='ltr'>Nov.</span> <span class='ocrx_word' id='word_1_505' title='bbox 1378 2691 1545 2727; x_wconf 87' lang='lat' dir='ltr'>Canisio</span> <span class='ocrx_word' id='word_1_506' title='bbox 1566 2691 1678 2726; x_wconf 91' lang='lat' dir='ltr'>Lect.</span> <span class='ocrx_word' id='word_1_507' title='bbox 1701 2689 1798 2725; x_wconf 85' lang='lat' dir='ltr'>Ant.</span> <span class='ocrx_word' id='word_1_508' title='bbox 1827 2688 1926 2725; x_wconf 86' lang='lat' dir='ltr'>edit.</span> <span class='ocrx_word' id='word_1_509' title='bbox 1949 2689 2074 2734; x_wconf 88' lang='lat' dir='ltr'>prior.</span> 
     </span>
    </p>
   </div>
   <div class='ocr_carea' id='block_1_6' title="bbox 1107 2755 2072 2996">
    <p class='ocr_par' dir='ltr' id='par_1_11' title="bbox 1107 2755 2072 2996">
     <span class='ocr_line' id='line_1_93' title="bbox 1107 2755 2072 2805; baseline -0.007 -9"><span class='ocrx_word' id='word_1_510' title='bbox 1107 2761 1208 2796; x_wconf 88' lang='lat' dir='ltr'>tom.</span> <span class='ocrx_word' id='word_1_511' title='bbox 1240 2760 1289 2794; x_wconf 72' lang='lat' dir='ltr'>V.</span> <span class='ocrx_word' id='word_1_512' title='bbox 1320 2770 1359 2805; x_wconf 91' lang='lat' dir='ltr'>p.</span> <span class='ocrx_word' id='word_1_513' title='bbox 1393 2759 1484 2795; x_wconf 85' lang='lat'>143.</span> <span class='ocrx_word' id='word_1_514' title='bbox 1517 2758 1760 2805; x_wconf 79' lang='lat' dir='ltr'>posterioris</span> <span class='ocrx_word' id='word_1_515' title='bbox 1799 2757 1900 2792; x_wconf 87' lang='lat' dir='ltr'>tom.</span> <span class='ocrx_word' id='word_1_516' title='bbox 1936 2755 2002 2790; x_wconf 74' lang='lat' dir='ltr'>IV.</span> <span class='ocrx_word' id='word_1_517' title='bbox 2034 2765 2072 2801; x_wconf 90' lang='lat' dir='ltr'>p.</span> 
     </span>
     <span class='ocr_line' id='line_1_94' title="bbox 1112 2819 2071 2867; baseline -0.006 -7"><span class='ocrx_word' id='word_1_518' title='bbox 1112 2824 1199 2860; x_wconf 88' lang='grc'><strong>113.</strong></span> <span class='ocrx_word' id='word_1_519' title='bbox 1229 2823 1429 2867; x_wconf 67' lang='lat' dir='ltr'>Quaedam</span> <span class='ocrx_word' id='word_1_520' title='bbox 1458 2821 1586 2867; x_wconf 88' lang='lat' dir='ltr'>hujus</span> <span class='ocrx_word' id='word_1_521' title='bbox 1617 2820 1857 2856; x_wconf 83' lang='lat' dir='ltr'>Theoderici</span> <span class='ocrx_word' id='word_1_522' title='bbox 1888 2829 1939 2855; x_wconf 77' lang='lat' dir='ltr'>ex</span> <span class='ocrx_word' id='word_1_523' title='bbox 1969 2819 2071 2854; x_wconf 90' lang='lat' dir='ltr'>duo-</span> 
     </span>
     <span class='ocr_line' id='line_1_95' title="bbox 1110 2883 2071 2927; baseline -0.007 -3"><span class='ocrx_word' id='word_1_524' title='bbox 1110 2888 1184 2924; x_wconf 90' lang='lat' dir='ltr'>bus</span> <span class='ocrx_word' id='word_1_525' title='bbox 1216 2886 1433 2922; x_wconf 85' lang='lat' dir='ltr'>Codicibus</span> <span class='ocrx_word' id='word_1_526' title='bbox 1463 2884 1730 2922; x_wconf 65' lang='lat' dir='ltr'>Bibliothecae</span> <span class='ocrx_word' id='word_1_527' title='bbox 1753 2883 1945 2919; x_wconf 82' lang='lat' dir='ltr'>Jenensis</span> <span class='ocrx_word' id='word_1_528' title='bbox 1969 2891 2071 2927; x_wconf 85' lang='lat' dir='ltr'>sup-</span> 
     </span>
     <span class='ocr_line' id='line_1_96' title="bbox 1111 2945 2071 2996; baseline -0.006 -10"><span class='ocrx_word' id='word_1_529' title='bbox 1111 2950 1244 2996; x_wconf 78' lang='lat' dir='ltr'>plevit</span> <span class='ocrx_word' id='word_1_530' title='bbox 1273 2948 1390 2984; x_wconf 85' lang='lat' dir='ltr'>Bure.</span> <span class='ocrx_word' id='word_1_531' title='bbox 1436 2947 1608 2984; x_wconf 82' lang='lat' dir='ltr'>Gothelf</span> <span class='ocrx_word' id='word_1_532' title='bbox 1645 2947 1838 2983; x_wconf 78' lang='lat' dir='ltr'>Struvius</span> <span class='ocrx_word' id='word_1_533' title='bbox 1879 2947 1921 2981; x_wconf 89' lang='grc'>111</span> <span class='ocrx_word' id='word_1_534' title='bbox 1957 2945 2071 2980; x_wconf 82' lang='lat' dir='ltr'>Actis</span> 
     </span>
    </p>
   </div>
   <div class='ocr_carea' id='block_1_7' title="bbox 1105 3050 2077 3369">
    <p class='ocr_par' dir='ltr' id='par_1_12' title="bbox 1105 3050 2077 3369">
     <span class='ocr_line' id='line_1_97' title="bbox 1154 3050 2077 3097; baseline -0.004 -8"><span class='ocrx_word' id='word_1_535' title='bbox 1154 3055 1197 3097; x_wconf 82' lang='lat' dir='ltr'>(a)</span> <span class='ocrx_word' id='word_1_536' title='bbox 1228 3055 1454 3088; x_wconf 75' lang='lat' dir='ltr'>Habuimus</span> <span class='ocrx_word' id='word_1_537' title='bbox 1484 3054 1578 3087; x_wconf 87' lang='lat' dir='ltr'>olim</span> <span class='ocrx_word' id='word_1_538' title='bbox 1605 3054 1646 3085; x_wconf 89' lang='lat' dir='ltr'>in</span> <span class='ocrx_word' id='word_1_539' title='bbox 1669 3052 1893 3093; x_wconf 71' lang='lat' dir='ltr'>Thin-ingla</span> <span class='ocrx_word' id='word_1_540' title='bbox 1922 3050 2077 3086; x_wconf 60' lang='lat' dir='ltr'>vicedo-</span> 
     </span>
     <span class='ocr_line' id='line_1_98' title="bbox 1106 3106 2074 3151; baseline -0.006 -7"><span class='ocrx_word' id='word_1_541' title='bbox 1106 3112 1232 3144; x_wconf 77' lang='lat' dir='ltr'>minos</span> <span class='ocrx_word' id='word_1_542' title='bbox 1258 3110 1302 3143; x_wconf 82' lang='lat' dir='ltr'>de</span> <span class='ocrx_word' id='word_1_543' title='bbox 1328 3109 1514 3151; x_wconf 70' lang='lat' dir='ltr'>Apoldia,</span> <span class='ocrx_word' id='word_1_544' title='bbox 1538 3117 1586 3142; x_wconf 78' lang='lat' dir='ltr'>ex</span> <span class='ocrx_word' id='word_1_545' title='bbox 1612 3117 1787 3149; x_wconf 85' lang='lat' dir='ltr'>quorum</span> <span class='ocrx_word' id='word_1_546' title='bbox 1812 3107 1935 3141; x_wconf 89' lang='lat' dir='ltr'>nobili</span> <span class='ocrx_word' id='word_1_547' title='bbox 1956 3106 2074 3140; x_wconf 82' lang='lat' dir='ltr'>fami-</span> 
     </span>
     <span class='ocr_line' id='line_1_99' title="bbox 1107 3160 2074 3205; baseline -0.002 -8"><span class='ocrx_word' id='word_1_548' title='bbox 1107 3165 1162 3198; x_wconf 85' lang='lat' dir='ltr'>lia</span> <span class='ocrx_word' id='word_1_549' title='bbox 1187 3163 1296 3197; x_wconf 90' lang='lat' dir='ltr'>hunc</span> <span class='ocrx_word' id='word_1_550' title='bbox 1325 3162 1615 3197; x_wconf 85' lang='lat' dir='ltr'>Theodericum</span> <span class='ocrx_word' id='word_1_551' title='bbox 1643 3164 1887 3205; x_wconf 84' lang='lat' dir='ltr'>prognatum</span> <span class='ocrx_word' id='word_1_552' title='bbox 1921 3160 2074 3202; x_wconf 79' lang='lat' dir='ltr'>fuisse,</span> 
     </span>
     <span class='ocr_line' id='line_1_100' title="bbox 1105 3215 2075 3252; baseline -0.004 0"><span class='ocrx_word' id='word_1_553' title='bbox 1105 3218 1267 3252; x_wconf 87' lang='lat' dir='ltr'>aliunde</span> <span class='ocrx_word' id='word_1_554' title='bbox 1305 3219 1382 3251; x_wconf 89' lang='lat' dir='ltr'>sibi</span> <span class='ocrx_word' id='word_1_555' title='bbox 1419 3220 1607 3251; x_wconf 83' lang='lat' dir='ltr'>constare</span> <span class='ocrx_word' id='word_1_556' title='bbox 1650 3217 1707 3251; x_wconf 77' lang='lat' dir='ltr'>ait</span> <span class='ocrx_word' id='word_1_557' title='bbox 1743 3217 1829 3249; x_wconf 70' lang='lat' dir='ltr'>val.</span> <span class='ocrx_word' id='word_1_558' title='bbox 1869 3216 1982 3250; x_wconf 86' lang='lat' dir='ltr'>Ferd.</span> <span class='ocrx_word' id='word_1_559' title='bbox 2028 3215 2075 3248; x_wconf 88' lang='lat' dir='ltr'>de</span> 
     </span>
     <span class='ocr_line' id='line_1_101' title="bbox 1108 3270 2077 3315; baseline -0.003 -8"><span class='ocrx_word' id='word_1_560' title='bbox 1108 3272 1303 3307; x_wconf 84' lang='lat' dir='ltr'>Gudcnus</span> <span class='ocrx_word' id='word_1_561' title='bbox 1331 3272 1371 3305; x_wconf 91' lang='lat' dir='ltr'>in</span> <span class='ocrx_word' id='word_1_562' title='bbox 1412 3272 1575 3315; x_wconf 65' lang='lat' dir='ltr'>Sylloge</span> <span class='ocrx_word' id='word_1_563' title='bbox 1614 3272 1889 3314; x_wconf 80' lang='lat' dir='ltr'>Diplomatum</span> <span class='ocrx_word' id='word_1_564' title='bbox 1924 3272 2020 3305; x_wconf 84' lang='lat' dir='ltr'>tom.</span> <span class='ocrx_word' id='word_1_565' title='bbox 2051 3270 2077 3304; x_wconf 84' lang='lat'>1.</span> 
     </span>
     <span class='ocr_line' id='line_1_102' title="bbox 1107 3327 1307 3369; baseline 0 -9"><span class='ocrx_word' id='word_1_566' title='bbox 1107 3335 1198 3369; x_wconf 76' lang='lat' dir='ltr'>pag.</span> <span class='ocrx_word' id='word_1_567' title='bbox 1225 3327 1307 3360; x_wconf 86' lang='grc'><strong>356.</strong></span> 
     </span>
    </p>
   </div>
  </div>
 </body>
</html>
