2517 4009
868 246 1294 287 {militaiibus

130 317 415 359 RICHARDUS
458 315 505 354 cle
549 314 815 367 Starenesby,
853 324 1039 370 corrupte

25 387 27 390 '
76 382 126 420 ab
154 381 243 420 aliis
272 376 569 420 Stravanellius
600 378 661 416 vel
694 377 956 419 Estravaneli
982 381 1039 419 di-

80 448 198 490 ctuS‚
228 441 383 492 Anglus
413 438 506 479 Ord.
546 438 868 480 Praedicatorum
894 471 902 489 ,
934 444 1038 481 circa

77 516 112 544 a.
146 504 264 545 4262.
306 502 476 552 Scripsit
520 512 598 540 una
646 512 737 540 cum
784 504 946 554 Hugone
991 504 1039 542 de

79 564 333 615 Croyndonio
362 561 570 601 Maoeimas
592 562 920 615 Concordantias,
938 577 1040 616 quae

75 625 320 679 Anylicanae
349 624 553 664 dicuntur.
587 626 700 665 Plura
731 626 810 665 tac.
833 628 972 674 Quetif
992 628 1040 666 de

77 688 346 740 scriptoribus
387 686 480 725 Ord.
528 687 847 727 praedicatorum
889 694 916 727 t.
950 691 964 727 1
1004 701 1039 739 p.

76 752 170 791 209.
201 751 411 790 Altamura
442 761 480 800 p.
512 749 614 789 101.-

136 811 431 852 RICHARDUS
449 810 691 863 Stradlejus,
708 814 744 851 in
764 813 910 852 tinibus
936 813 1044 852 Wal—

78 876 153 916 liae
188 879 342 921 natus,
375 874 601 913 monachus
635 873 918 913 cisterciensis
941 876 1062 914 Here-

77 936 230 977 fordiae
262 939 367 975 circa
398 947 433 975 a.
465 937 584 975 1336.
626 937 793 986 Scripsit
837 936 878 974 in
923 937 1057 976 Evan-

79 999 211 1051 9elia,
243 999 283 1038 in
317 999 545 1038 Orationem
575 998 849 1047 Dominum,
882 998 920 1036 in
949 1011 1039 1051 quo-

75 1061 191 1101 sdam
215 1062 379 1101 Sacrae
397 1060 634 1112 Scripturae
672 1064 810 1100 temtus
841 1066 881 1099 et
911 1061 1046 1100 Homi-

77 1123 255 1163 liarium.
289 1122 491 1162 Leiandus
515 1133 549 1161 c.
573 1123 662 1162 336.
686 1123 856 1162 Baiaeus
878 1124 1041 1163 Centur.

75 1187 121 1225 V.
152 1187 217 1225 30.
246 1187 406 1225 Pitseus
435 1197 468 1224 c.
501 1186 594 1224 510.
623 1185 712 1223 Car.
744 1185 793 1224 de
825 1185 945 1224 Visch
983 1186 1044 1223 Bi-

26 1262 27 1297 i
75 1248 128 1287 bl.
157 1248 345 1299 Scripto'r.
376 1247 470 1285 Ord.
503 1248 785 1292 cisterciensis
816 1259 852 1297 p.
887 1248 975 1286 488,

26 1303 27 1306 “
128 1308 1044 1359 RICHARDUSSyracusanus‚Angius‚Theo-

77 1374 202 1425 logiae
231 1374 403 1420 Doctor,
428 1371 477 1409 ab
502 1370 671 1409 ilenrico
696 1371 742 1408 11.
769 1370 872 1408 filiae
897 1372 1043 1411 Johan—

79 1447 151 1475 nae
179 1434 391 1474 Guilielmo
422 1433 579 1471 Siciliae
605 1433 696 1483 Regi
724 1438 874 1483 nuptae
906 1445 1043 1473 comes

77 1499 253 1546 missus,
300 1495 350 1535 ad
398 1496 687 1546 Episcopatum
739 1495 1040 1545 Syracusanum

76 1565 246 1599 evectus
275 1559 350 1598 fuit
379 1559 483 1596 circa
513 1569 547 1596 a.
581 1558 697 1597 1181.
732 1558 902 1608 Scripsit
948 1558 1043 1609 Epi-

78 1622 278 1662 stolarum
309 1618 374 1660 lib.
404 1621 438 1658 I.
466 1619 703 1670 Radulphus
732 1619 782 1657 de
812 1620 976 1669 Diceto,
1002 1625 1044 1660 et

78 1697 126 1724 ex
157 1696 204 1724 eo
230 1685 389 1723 Pitseus
417 1694 451 1721 c.
485 1682 577 1721 246.

127 1746 417 1787 RICHARDUS
450 1743 662 1792 Talbotus⁷
694 1746 945 1784 nobilissima
983 1758 1046 1784 or-

77 1817 144 1850 tus
173 1810 381 1862 prosapia,
402 1808 740 1859 Archiepiscopus
766 1808 1038 1846 Dubiiniensis

80 1877 344 1913 consecratus
374 1876 437 1911 est
466 1883 499 1910 a.
531 1871 648 1910 1417.
681 1872 745 1910 (ὼί
776 1882 846 1922 per
877 1871 941 1910 32.
971 1882 1042 1909 an—

81 1946 155 1974 nos
185 1934 358 1986 praefuit
386 1933 481 1972 obiit
510 1933 547 1971 d.
581 1934 644 1972 15.
675 1933 775 1983 Aug.
809 1932 925 1972 1449.
964 1934 1044 1972 Ex-

77 2002 158 2036 stat
187 1997 276 2047 eJ‘us
305 1993 407 2034 liber
443 1994 640 2035 adversus
681 1993 877 2033 Jacobum
916 1995 1046 2034 Comi—

76 2063 152 2098 tem
182 2059 427 2108 Ormoniae,
457 2069 537 2109 quo
568 2057 745 2097 ostendit
790 2058 943 2096 abusus
982 2069 1044 2096 re—

76 2122 238 2173 giminis
258 2120 347 2171 ejus
364 2149 372 2167 ,
392 2119 490 2159 dum
513 2121 721 2159 Hiberniae
744 2125 852 2159 esset
876 2122 1043 2160 Locum-

76 2189 233 2223 tenens.
264 2183 462 2236 Waraeus
505 2182 555 2222 de
598 2183 794 2235 Scriptor.
830 2183 1043 2222 Hiberniae

77 2246 149 2285 libj
173 2247 219 2285 11.
251 2257 292 2297 p.
321 2247 410 2286 131.

131 2308 422 2348 RICHARDUS
456 2309 664 2356 Tenettus,
697 2308 777 2346 vid.
810 2308 1017 2348 Cunetius.

131 2368 420 2409 RICHARDUS
468 2369 778 2422 Tetfordiensis,
821 2371 1046 2411 monachus

78 2431 258 2483 Angius,
289 2432 433 2470 aetatis
467 2431 664 2478 incertae,
691 2433 854 2481 scripsit
884 2432 1049 2471 Tracta-

82 2498 163 2533 tum
207 2493 254 2533 de
294 2492 407 2532 modo
445 2491 728 2544 praedicandi.
766 2494 926 2531 Pitseus
968 2494 1049 2545 Ap-

0 2580 1 2583 =
80 2556 200 2608 pend.
230 2557 386 2596 Centur
417 2557 483 2595 Ill.
515 2557 580 2594 95.

134 2619 424 2659 RICHARDUS
448 2617 682 2656 Teutonicus
702 2647 709 2664 ,
732 2617 812 2654 vid.
835 2628 956 2667 supra
985 2617 1050 2656 Ri-

85 2681 263 2721 chardus
292 2681 340 2720 de
371 2682 517 2720 Lonato

138 2744 426 2785 RlCHARDUS
479 2741 715 2791 Tlieoloqus,
751 2741 828 2779 vid.
876 2742 975 2780 infra
1007 2741 1053 2780 tle

0 2836 4 2842 -
86 2807 126 2847 S.
162 2807 328 2847 Victore.

0 2891 3 2908 i
60 2866 63 2867 ⁷
91 2877 94 2881 ’
141 2869 437 2910 RICHARDUS
464 2866 774 2917 Vagyeniacensi,
802 2866 880 2905 vid.
905 2865 1054 2905 Maido-

89 2935 188 2971 scon.

141 2994 428 3034 RICHARDUS
447 2992 494 3031 de
516 2993 554 3032 S.
582 2990 733 3029 Victore
754 3019 761 3039 ,
785 2992 945 3029 natione
963 2990 1056 3030 Sco-

90 3064 184 3107 tus,
214 3057 441 3097 canonieus
470 3054 681 3105 Regularis
707 3053 744 3090 S.
772 3051 944 3091 Victoris
969 3064 1056 3105 pro-

92 3132 140 3172 pe
171 3130 308 3159 muros
339 3118 611 3163 Parisienses,
637 3126 682 3154 ac
706 3115 869 3154 demum
896 3127 965 3166 per
992 3127 1059 3153 no—

92 3184 286 3222 vennium
333 3181 464 3228 Prior,
499 3179 537 3218 S.
569 3177 758 3217 Bernardi
790 3183 830 3216 et
876 3177 1058 3228 Hugonis

94 3245 144 3285 de
188 3245 226 3285 S.
272 3244 429 3283 Victore
473 3241 707 3288 familiaris,
751 3241 847 3279 obiit
876 3252 908 3278 a,
943 3239 1058 3280 1173.

98 3308 226 3347 Vitam
249 3307 376 3358 ipsius
400 3317 450 3343 ex
477 3304 634 3342 scriniis
654 3303 884 3342 chartarum
911 3307 951 3339 et
978 3313 1056 3341 ma-

97 3369 313 3421 nuscriptis
341 3367 555 3408 Codicibus
585 3365 805 3416 depromsit
837 3367 879 3403 F.
907 3363 1055 3402 Johan-

2003 249 2081 287 387

1114 329 1186 356 nes
1216 329 1237 356 a
1268 317 1436 356 'tholosa
1460 349 1467 367 ‚
1493 319 1722 357 Canonicus
1752 319 1794 358 S.
1825 319 2019 368 Victoris,
2042 326 2081 359 et

1113 379 1274 418 editioni
1307 381 1587 431 Rotomagensi
1614 381 1823 432 praefixit:
1846 383 1914 432 qui
1934 388 1974 420 et
1996 383 2082 434 piu-

1116 453 1181 481 res
1218 443 1417 482 Auctores
1463 448 1685 491 memorat,
1731 443 1853 494 huJ'us
1897 445 2081 484 Richardi

1116 505 1360 542 mentionem
1395 504 1602 543 facientes.
1628 504 1741 544 Adde
1765 506 1982 557 Georgium
2005 508 2084 546 Ma-

1115 563 1280 603 ckenzie
1311 565 1359 603 de
1392 565 1523 604 Scotis
1553 566 1724 606 eruditis
1755 569 1831 607 voi.
1863 568 1893 607 1.
1926 581 1960 619 p.
1994 569 2083 609 147,

1169 625 1298 676 Opera
1328 627 1417 676 ejus
1448 626 1682 676 prodierunt
1712 630 1892 669 Lutetiae
1918 632 2084 670 Parisio—

1117 699 1232 737 rum,
1277 688 1412 726 studio
1458 689 1750 729 canonicorum
1794 693 1833 731 S.
1882 693 2077 741 Victoris,

1117 750 1232 788 1518.
1266 749 1390 799 Lugd.
1439 749 1556 788 1534.
1603 752 1740 791 Venet¹
1791 755 1910 794 4592.
1947 755 2082 795 Colon.

1118 812 1236 851 1621.
1261 822 1306 851 ac
1332 811 1494 850 tandem
1526 814 1731 865 Rotomagi
1752 847 1759 864 ,
1787 817 1918 856 studio
1940 828 2084 856 eorun-

1116 874 1207 913 dem
1240 875 1562 923 Canonicorum‚
1596 876 1712 915 1650.
1745 877 1809 916 fol.
1834 879 1913 918 Kos
1936 890 1984 918 ex
2010 879 2084 919 hac

1115 936 1317 984 editione,
1348 948 1451 987 quac
1482 947 1561 975 uno
1592 941 1700 977 tomo
1737 941 1842 989 (non
1893 940 2081 988 duobus,

1118 1003 1161 1038 ut
1192 1000 1352 1039 Caveus
1382 1000 1461 1046 ait)
1489 1000 1557 1038 sed
1591 1000 1750 1041 duabus
1780 1002 1961 1053 partibus
1991 1014 2083 1042 con—

1117 1065 1225 1109 stat,
1258 1072 1376 1111 opera
1410 1060 1593 1100 Richardi
1625 1065 1779 1114 paginis
1819 1064 1987 1113 adjectis
2024 1076 2083 1102 re-

1117 1123 1389 1162 censebimus.

1513 1217 1626 1253 Parte
1659 1216 1683 1253 1.

1175 1311 1228 1348 De
1258 1312 1596 1350 eaeterminatione
1626 1313 1749 1362 mali,
1781 1316 1816 1350 et
1840 1312 2084 1363 promotione

1120 1369 1234 1419 boni,
1267 1384 1302 1421 p.
1337 1374 1370 1410 1.

1174 1435 1228 1472 De
1257 1438 1366 1472 statu
1397 1435 1600 1474 interioris
1633 1436 1828 1483 hominis,
1873 1437 2083 1475 Tractatus

1119 1497 1192 1535 III.
1228 1510 1263 1547 p.
1298 1497 1362 1535 23.

1172 1560 1228 1598 De
1260 1559 1482 1598 eruditione
1528 1559 1697 1599 hominis
1727 1559 1955 1607 interioris,
1993 1559 2089 1598 libri

1122 1621 1194 1659 III.
1227 1633 1262 1671 p.
1298 1622 1361 1660 45.

1174 1684 1229 1722 De
1254 1684 1576 1735 praeparatione
1605 1684 1731 1723 ani-mi
1768 1683 1824 1722 ad
1851 1684 2089 1737 contempta-

1123 1746 1264 1784 tionem
1294 1744 1423 1794 liber,
1453 1746 1582 1786 dictus
1612 1745 1823 1797 Benjamin
1851 1745 2008 1792 Minor,
2051 1759 2086 1796 p.

1116 1809 1208 1848 114.
1239 1807 1418 1855 Prodiit,
1451 1813 1555 1847 teste
1586 1810 1747 1856 Caveo,
1779 1809 1854 1847 sub
1895 1809 2011 1846 titulo
2042 1808 2090 1846 li-

1117 1871 1174 1908 bri
1207 1869 1251 1909 de
1280 1870 1367 1908 XII.
1400 1870 1684 1919 Patriarchis,
1717 1871 1781 1909 vel
1827 1869 1874 1908 cle
1922 1874 2090 1908 contem-

1113 1932 1290 1985 platione
1320 1931 1492 1984 minori,
1536 1933 1607 1971 sed
1651 1934 1737 1971 sine
1782 1933 1856 1971 loci
1901 1932 2089 1980 nomine,

1121 1996 1239 2034 1494.
1269 1996 1309 2034 8.
1342 1995 1389 2034 de
1418 2006 1520 2034 arca
1550 1994 1721 2047 mystica
1752 1999 1872 2033 vocat
1900 1996 1958 2033 Jo.
1995 1994 2093 2033 Ger-

1120 2069 1189 2096 son
1237 2058 1286 2097 de
1333 2059 1446 2097 libris
1478 2058 1658 2109 legendis
1690 2070 1711 2096 a
1746 2055 1937 2096 Monacho
1957 2088 1967 2104 ‚
1999 2060 2026 2094 t.
2058 2057 2090 2094 11

1121 2134 1159 2171 p.
1190 2122 1284 2160 709.
1316 2126 1357 2160 et
1388 2126 1415 2159 t.
1448 2122 1502 2160 111
1535 2133 1571 2171 p.
1606 2121 1696 2160 434.

1177 2185 1232 2222 De
1258 2183 1399 2234 qratia
1430 2181 1772 2234 contemplationis
1798 2179 1892 2220 libri
1919 2182 1960 2220 V.
1987 2180 2096 2233 Opus

1120 2246 1330 2297 Benjamin
1355 2246 1492 2297 ,major
1524 2247 1819 2295 nuncupatum,
1852 2256 1889 2294 p.
1922 2243 2011 2282 147.

1177 2306 1402 2347 Nonnullae
1432 2306 1662 2358 Alleyoriae
1710 2303 1980 2343 Tabernaculi
2012 2303 2095 2356 foe-

1121 2370 1232 2410 deris
1247 2402 1256 2418 ,
1281 2381 1369 2408 cum
1390 2367 1722 2420 recapitulatione
1742 2366 1984 2406 brevissima
2004 2376 2094 2404 con-

1125 2436 1322 2470 tentorum
1348 2432 1388 2470 in
1413 2431 1541 2483 Opere
1567 2429 1613 2468 de
1636 2429 1776 2480 qratia
1805 2426 2094 2479 contemplatio-

1124 2495 1210 2537 nis,
1243 2507 1279 2545 p.
1312 2496 1407 2533 eii.

1179 2557 1234 2595 De
1268 2555 1459 2594 Trinitate
1490 2554 1590 2593 libri
1641 2554 1704 2593 VI.
1736 2565 1824 2604 pag.
1867 2553 1910 2590 24
1924 2553 1960 2590 6.
1998 2563 2092 2591 cum

1125 2619 1356 2656 Comment.
1400 2617 1481 2656 Jac.
1528 2616 1666 2663 Fabri,
1696 2616 1818 2653 Paris.
1864 2625 1934 2663 per
1976 2613 2094 2651 ilenr.

1127 2679 1413 2730 Stephanum,
1449 2679 1565 2717 1510.
1598 2678 1631 2716 4.

1184 2742 1240 2779 De
1272 2739 1404 2779 tribus
1436 2739 1708 2792 appropriatis
1737 2736 1921 2776 Personis
1947 2736 1984 2774 in
2012 2736 2095 2773 Tri-

1129 2804 1282 2851 nitate,
1315 2815 1351 2853 p.
1382 2802 1473 2841 270.

1187 2863 1390 2903 Deverbo
1420 2865 1657 2911 incarnato,
1691 2875 1727 2913 p.
1759 2862 1850 2900 2722.

1187 2929 1241 2966 De
1273 2925 1534 2965 Emmanuele
1566 2924 1664 2964 libri
1691 2925 1742 2963 II.
1778 2937 1813 2975 p-
1842 2923 1932 2961 ⁴280.

1188 2991 1398 3030 Tractatus
1444 2989 1762 3040 Eoeceptionum,
1808 2985 1879 3037 qui
1926 2983 2098 3022 continet

1132 3054 1325 3103 oriqinem
1355 3060 1391 3091 et
1422 3051 1697 3090 discretionem
1744 3047 1926 3093 artium,
1960 3046 2098 3085 situm-

1133 3127 1208 3167 que
1239 3119 1475 3162 terrarum,
1501 3116 1537 3150 et
1566 3122 1762 3150 summam
1803 3108 2094 3154 historiarum,

1135 3176 1199 3215 lib.
1231 3177 1296 3215 IV.
1329 3189 1363 3226 p,
1400 3176 1491 3215 313.
1524 3176 1636 3213 Hunc
1667 3173 1811 3211 librum
1860 3171 1966 3210 Scoti
2007 3181 2098 3210 esse

1135 3243 1254 3290 negat
1282 3238 1552 3277 Beliarminus
1581 3235 1630 3274 de
1657 3236 1847 3285 Scriptor.
1875 3233 1979 3272 Eccl.
2011 3244 2099 3284 pag.

1138 3302 1228 3340 234.
1262 3301 1354 3350 quia
1386 3299 1451 3337 lib.
1483 3299 1509 3337 Ι.
1549 3309 1581 3336 c.
1612 3298 1677 3336 24.
1710 3300 1813 3346 (non
1847 3296 1882 3333 4.
1913 3299 1957 3334 ut
1987 3295 2046 3333 Jo.
2076 3306 2098 3332 a

1143 3363 1312 3401 'tholosa
1344 3361 1468 3409 citat)
1500 3361 1576 3403 ait.
1608 3370 1680 3398 suo
1709 3364 1888 3409 tempore
1911 3356 2100 3396 loannem
