2517 4009
833 225 1350 266 SAVONAROLA

89 299 123 338 ci
156 299 376 338 Florentiae
424 307 575 348 agens,
607 296 716 335 verbi
747 296 810 335 dei
844 297 1052 335 conciona-

31 403 33 405 .
87 364 150 398 tor
177 359 346 399 celebris
377 358 451 397 sed
483 359 520 396 in
553 357 720 396 dicendo
741 359 909 406 liberior,
931 369 1050 408 quam

90 410 136 459 ut
163 425 274 460 actas
302 420 388 467 illa,
417 419 479 458 vel
513 419 612 458 forte
640 421 760 459 etiam
791 421 846 458 rei
875 421 1056 469 aequitas

92 482 244 530 ferret,
274 493 324 520 ex
354 491 434 531 quo
465 481 538 519 sibi
570 481 717 520 multos
746 491 890 520 exosos
928 480 1047 519 reddi-

89 541 161 580 dit.
188 543 336 582 Contra
367 552 629 592 oppressores
658 543 854 582 libertatis
895 543 1056 581 Floron-

89 605 205 644 tinor.
235 605 383 643 acriter
427 604 612 644 invectus
656 605 846 655 quamvis
874 603 1057 642 defenso-

89 676 154 706 res
197 665 337 705 habuit
367 665 541 715 multos3
571 667 736 705 alteram
782 671 916 705 tamen
962 665 1059 703 civi-

88 728 182 768 tatis
210 731 368 778 partem
403 728 441 766 in
469 738 512 766 se
537 729 736 775 armavit,
767 738 868 779 quae.
894 737 1058 777 praeva-

87 790 196 830 lente
239 790 344 841 ignis
388 790 584 840 supplicio
615 791 738 828 vitam
769 789 943 828 absolvit
973 789 1058 827 Flo-

86 851 237 890 rentiae
277 862 382 890 anno
422 850 544 891 1498.
574 852 706 890 Vitam
738 850 826 900 ejus
855 854 896 888 et
923 850 1056 901 apolo-

85 913 189 963 giam
219 913 379 964 scripsit
407 914 463 952 Jo.
498 914 613 953 Picus
649 911 894 952 Mirandulae
919 922 1053 950 comes

85 975 236 1024 Latine,
266 986 370 1025 quae
399 974 491 1014 dein
524 974 673 1026 prodiit
703 974 862 1014 Parisiis
891 984 927 1012 a.
949 973 1050 1013 1674

84 1040 112 1074 t.
144 1036 179 1074 3.
212 1037 250 1074 in
281 1037 344 1075 42.
375 1047 454 1075 una
484 1047 578 1076 cum
611 1036 814 1075 nonnullis
843 1037 934 1074 eius
957 1046 1053 1085 opu-

84 1098 209 1137 sculis
238 1102 279 1136 et
307 1097 496 1150 Apologia
529 1098 777 1148 Scriptorum
811 1097 929 1144 illius,
960 1108 1052 1147 ope-

86 1171 127 1198 ra
156 1160 195 1198 P.
228 1159 380 1198 Paulini
410 1159 647 1198 Bernardini
689 1171 739 1198 ex
786 1159 868 1198 ord.
914 1157 1049 1198 Praed.

85 1221 254 1260 Lucensi
298 1220 505 1260 adornata.
564 1221 694 1260 Vitam
741 1222 828 1260 eius
883 1220 1048 1259 alteram

83 1282 317 1332 ampliorem
349 1282 513 1331 scripsit
542 1283 583 1320 F.
613 1282 821 1320 Serafinus
851 1282 967 1320 Razzi
997 1281 1051 1319 ei-

87 1343 176 1383 usd.
206 1342 304 1382 Ord.
333 1354 412 1392 quo
443 1344 481 1380 in
512 1354 631 1392 opere
659 1342 871 1393 Apologias
915 1343 1050 1393 plures

82 1416 154 1455 pro
182 1403 322 1443 eodem
352 1404 596 1443 Savonarola
626 1415 647 1442 a
679 1405 776 1442 viris
804 1404 930 1443 doctis
968 1403 1051 1442 edi-

84 1470 147 1506 tas
175 1466 368 1516 sinoptice
397 1466 606 1514 exhibuit,
637 1466 703 1505 ubi
733 1477 796 1504 ex.
826 1477 883 1516 gr.
921 1467 1050 1503 consi-

81 1528 179 1567 lium
209 1528 374 1578 Gaspari
404 1529 544 1567 Veneti
589 1527 638 1565 de
675 1528 1048 1566 excomunicatione

84 1590 123 1628 in
151 1590 435 1629 Savonarolam
466 1590 573 1638 lata3
603 1589 879 1628 defensionem
913 1600 1047 1628 rerum

85 1651 352 1691 Savonarolae
381 1651 592 1690 Bartolom.
623 1650 781 1689 Redditi
826 1651 928 1690 civis
964 1651 1051 1689 Flo-

85 1714 231 1753 rentini
275 1716 317 1752 et
356 1713 391 1751 J.
435 1713 579 1764 periti3
609 1712 816 1763 Dialogum
853 1723 900 1751 ea
930 1712 978 1751 de
1008 1724 1049 1751 re

84 1776 278 1825 scriptum
322 1786 344 1814 a
384 1775 598 1814 Laurentio
645 1774 801 1823 Vivoli3
845 1775 1044 1824 epitomen

84 1835 289 1875 doctrinae
319 1836 586 1876 Savonarolae
618 1835 786 1885 Remigii
829 1835 1046 1874 Florentini

86 1896 180 1936 Ord.
211 1897 348 1936 Praed.
377 1898 465 1936 Vita
494 1897 592 1936 haec
621 1908 642 1936 a
671 1897 815 1936 Razzio
856 1896 1046 1936 adornata

87 1962 128 1997 et
151 1958 285 1998 Italice
309 1959 454 2010 scripta
477 1958 653 1998 nondum
679 1957 846 2008 prodiit,
871 1957 941 1996 sed
971 1959 1048 1997 MS.

89 2023 233 2059 nactus
275 2031 366 2060 sum
397 2021 435 2058 in
465 2020 647 2059 Biblioth.
688 2021 758 2059 PP.
788 2019 828 2058 S.
857 2019 1049 2059 Dominici

88 2082 346 2121 Lucensium.

146 2145 308 2183 Praeter
336 2143 473 2184 Italica
501 2144 590 2184 eius
619 2155 752 2195 opera,
781 2143 904 2183 latina
932 2144 1052 2183 etiam

85 2205 281 2257 quaedam
296 2206 457 2257 vulgata
466 2211 680 2257 sunt‚quae
690 2206 752 2244 hic
765 2205 912 2244 referre
926 2205 1066 2255 placet.

141 2269 177 2307 1.
224 2266 395 2317 Reyulae
436 2267 636 2318 quaedam
681 2266 818 2307 breves
862 2277 911 2305 ac
938 2265 1055 2306 valde

88 2327 206 2367 utiles
238 2338 344 2378 quae
371 2327 426 2367 ad
453 2339 585 2368 omnes
613 2327 821 2380 reliyiosos
844 2327 1056 2380 pertinent,

89 2389 222 2429 editae
251 2394 347 2429 sunt
375 2391 556 2429 Venetiis
581 2391 618 2428 in
644 2390 723 2430 fine
752 2391 883 2440 operis
911 2389 961 2428 de
992 2400 1059 2427 ve-

89 2454 146 2492 ris
173 2456 214 2492 et
244 2452 354 2492 falsis
383 2451 603 2490 virtutibus
646 2453 691 2489 D.
742 2450 919 2490 Umberti
958 2452 1054 2501 Mag.

89 2513 173 2553 ord.
204 2513 338 2565 praed.
367 2524 431 2552 an.
463 2512 580 2552 1495.
611 2513 646 2551 8.
679 2516 719 2552 et
749 2512 972 2551 Florentiae
1017 2513 1055 2550 in

89 2576 322 2626 collectione
351 2573 618 2625 quorumdam
662 2573 891 2623 opusculor.
934 2572 1056 2612 Savo-

93 2637 251 2677 narolae.
279 2648 345 2676 an.
375 2636 493 2676 1509.
523 2636 561 2674 8.

145 2700 182 2738 2.
213 2699 270 2738 De
310 2696 522 2750 Triumpho
560 2696 694 2736 crucis
741 2697 857 2736 cuius
895 2697 1058 2747 antiqua

93 2760 215 2800 editio
242 2761 395 2810 absque
424 2761 680 2799 annotatione
705 2759 798 2798 anni
819 2763 859 2796 et
880 2758 952 2796 loci
977 2769 1060 2797 ser-

100 2826 219 2862 vatur
249 2823 289 2860 in
319 2821 419 2860 Bibl.
443 2822 674 2862 Canonicor.
699 2819 832 2869 Major.
854 2819 961 2859 Eccl.
986 2821 1059 2858 Lu-

95 2884 230 2923 censis
261 2884 299 2922 in
332 2883 372 2922 4.
399 2882 509 2922 Idem
540 2882 778 2933 opusculum
810 2882 943 2920 ltalice
972 2881 1059 2920 red-

96 2943 197 2984 didit
227 2945 446 2995 (Versione
476 2949 610 2982 tamen
642 2944 833 2991 liberiori)
864 2943 947 2992 ipse
989 2954 1058 2994 pei·

95 3015 140 3043 se
183 3009 323 3045 auctor
366 3004 590 3055 prodiitque
621 3005 658 3042 in
691 3005 726 3042 4.
756 3006 842 3042 sinc
871 3014 975 3042 anno
1018 3009 1058 3043 et

100 3066 185 3104 loco
213 3065 348 3104 addita
378 3066 625 3116 praefatione
653 3066 845 3104 Dominici
880 3067 1059 3104 Benivic-

101 3127 154 3164 ni.
184 3127 284 3165 Tum
315 3136 434 3176 saepe
463 3126 560 3166 alias
588 3138 688 3177 opus
711 3126 811 3164 idem
835 3127 968 3166 Italico
992 3139 1058 3165 ex-

96 3198 239 3227 cusum
284 3191 373 3226 est:
407 3187 528 3227 latine
560 3193 692 3227 tamen
726 3190 868 3227 iterum
918 3188 1054 3238 prodiit

98 3249 318 3288 Florentiae
348 3261 397 3288 an
444 3249 559 3289 4509.
593 3250 631 3287 8.

157 3312 274 3362 (305.
305 3316 344 3350 ct
376 3311 552 3350 Venetiis
581 3323 648 3361 pei·
685 3313 826 3351 Lucam
858 3312 1056 3351 Oli-lucus.

1125 297 1241 336 1517.
1272 298 1307 335 8.
1339 297 1454 336 Basil.
1486 309 1553 347 per
1586 296 1708 336 Ilenr.
1739 299 1840 336 Petri
1870 298 1984 337 4540.
2022 301 2085 338 fol.

1125 358 1257 398 addita
1274 361 1442 410 exposit.
1466 359 1608 398 i‘salm.
1630 365 1670 398 et
1701 360 1924 399 Florentiae
1968 361 2084 401 1767.

1127 433 1218 461 cum
1234 421 1410 461 adnotat.
1426 422 1565 472 Raym.
1584 421 1691 461 Corsi
1715 422 1935 462 eiusdord.
1952 424 1988 462 in
2011 425 2086 472 42.)

1182 484 1218 522 3.
1248 483 1457 534 Eaeposzcio
1482 484 1521 522 in
1550 483 1618 523 Ps.
1649 486 1776 524 XXX.
1810 485 1855 523 In
1880 489 1914 524 te
1952 485 2087 525 Domi-

1128 556 1176 584 ne
1203 546 1367 597 speravi
1394 548 1431 584 in
1462 548 1497 585 8.
1531 548 1752 586 Florentiae
1787 548 1899 587 1508.

1185 608 1219 645 4.
1251 607 1462 658 Εωροείίιό
1491 608 1531 646 in
1555 610 1618 647 Ps.
1637 609 1678 648 L.
1702 609 1894 648 Miserere
1917 610 1993 648 mei
2015 611 2089 648 De-

1130 678 1179 707 us
1221 671 1337 709 cuius
1377 669 1590 708 editionem
1623 675 1799 709 veterem
1834 672 1869 708 in
1918 673 1952 710 4.
2000 674 2087 710 sine

1130 742 1234 769 anno
1263 735 1303 769 et
1327 731 1410 769 loco
1440 743 1563 782 penes
1594 744 1656 770 me
1683 743 1800 770 servo
1839 733 1983 772 Prodiit
2008 735 2091 772 Flo-

1131 792 1282 830 rentiae
1311 803 1374 830 an.
1408 793 1522 831 1508.
1556 793 1592 831 8.

1183 854 1219 891 5.
1252 852 1462 904 Eaepositio
1512 853 1550 891 in
1595 853 1660 892 Ps.
1709 856 1828 894 LXIX
1881 857 1960 906 Qui
1983 857 2091 908 reyis

1128 912 1288 953 Isdrael
1337 914 1491 954 intende
1539 918 1576 954 in
1623 917 1658 954 8.
1702 918 1922 957 Florentiae
1975 921 2091 959 1509.

1127 977 1360 1016 versionem
1391 977 1567 1016 Italicam
1591 978 1640 1017 ab
1666 979 1796 1029 ignoto
1820 980 1951 1030 aliquo
1978 982 2090 1020 ador-

1127 1044 1218 1077 nata
1249 1038 1374 1078 habeo
1403 1040 1582 1079 Venetiis
1611 1051 1759 1080 excusa
1791 1053 1854 1080 an.
1886 1042 2004 1081 1538.

1178 1100 1214 1138 6.
1246 1100 1301 1139 De
1336 1099 1593 1151 Simplicitate
1633 1101 1866 1142 Christiana
1912 1104 1977 1142 lib.
2026 1106 2086 1143 lv.

1125 1162 1344 1201 Florentiae
1375 1162 1491 1201 1496.
1522 1165 1559 1201 in
1593 1165 1627 1202 4.
1652 1169 1694 1202 et
1719 1165 1833 1204 4509.
1860 1167 1895 1204 8.
1926 1168 2084 1205 Librum

1124 1223 1231 1262 bunc
1257 1224 1390 1262 ltalice
1412 1227 1530 1262 vortit
1552 1227 1706 1264 Hieron.
1734 1228 1976 1267 Benivienus
2003 1229 2088 1267 Flo-

1127 1287 1310 1324 rentinus
1348 1297 1606 1337 excususque
1653 1293 1715 1327 est
1761 1289 1981 1328 Florentiae
2024 1302 2088 1329 an.

1127 1348 1242 1385 1496.
1274 1352 1314 1384 et
1345 1348 1461 1386 ⁴529.

1175 1408 1212 1446 7.
1243 1407 1454 1458 Eoepositio
1499 1408 1539 1446 in
1581 1410 1798 1448 orationem
1842 1412 2085 1451 Dominicam

1125 1469 1172 1508 ad
1206 1469 1433 1520 Philippum
1465 1470 1666 1509 Valorium
1693 1473 1838 1521 prodiit
1861 1474 2011 1524 absque
2036 1476 2089 1514 lo-

1123 1542 1169 1568 co
1198 1535 1239 1569 et
1266 1542 1385 1569 anno.
1416 1531 1617 1583 Eoeposuit
1645 1534 1764 1572 etiam
1794 1537 2049 1584 opusculum.

1177 1593 1213 1631 8.
1245 1592 1457 1631 Graduum
1486 1594 1525 1633 S.
1557 1594 1864 1634 Bonaventurae
1906 1608 1985 1635 una
2025 1599 2086 1636 vel

1123 1654 1246 1693 altera
1278 1655 1443 1705 pagella,
1461 1654 1688 1708 direxitque
1712 1657 1986 1708 Agamennoni
2012 1662 2090 1699 Ma-

1124 1720 1279 1754 rescoto
1300 1716 1348 1754 de
1373 1717 1509 1756 Calvis
1532 1719 1691 1768 patritio
1713 1720 1964 1767 Bonaniensi.
1982 1721 2086 1771 quod

1121 1778 1360 1827 opusculum
1405 1792 1477 1829 ego
1507 1780 1691 1831 possideo
1721 1793 1769 1820 ex
1800 1783 1964 1832 antiqua
2006 1783 2087 1821 edi-

1121 1841 1228 1878 tione
1260 1840 1412 1892 absque
1442 1842 1527 1881 loco
1557 1847 1596 1880 et
1623 1854 1741 1882 anno.

1176 1901 1356 1953 Denique
1373 1903 1557 1954 possideo
1577 1905 1815 1955 opusculum
1837 1906 2088 1956 inscriptum.

1177 1964 1214 2002 9.
1247 1963 1543 2017 Confessionale
1580 1978 1657 2018 pro
1701 1966 1962 2007 instructione
1998 1979 2083 2007 con-

1122 2024 1323 2077 fessorum
1353 2029 1415 2067 cui
1441 2027 1686 2077 adiungitur.

1181 2087 1242 2126 10.
1264 2087 1588 2128 Recollectorium
1608 2089 1917 2130 rudimentors.
1936 2090 2088 2130 Theolo—

1125 2149 1218 2199 9iae
1229 2161 1310 2200 pro
1326 2149 1439 2190 nobis
1454 2151 1806 2202 praedicatoribus
1820 2157 1859 2191 et
1868 2152 2102 2205 confessori-

1130 2209 1204 2250 bus
1219 2222 1267 2250 ac
1282 2210 1484 2263 fratribus
1509 2213 1762 2264 simplicibus
1779 2227 1854 2266 per
1874 2215 2098 2266 quemdam.

1131 2274 1200 2311 Fr.
1251 2272 1346 2312 Ord.
1378 2273 1523 2312 Praed.
1570 2274 1717 2313 editum
1759 2276 1864 2325 quod
1907 2287 1971 2315 est
2014 2279 2099 2316 eiu-

1135 2334 1248 2373 sdem
1283 2335 1560 2373 Savonarolae.
1591 2334 1801 2374 Accedunt
1826 2337 1863 2373 in
1895 2337 1972 2374 fine
2015 2338 2101 2376 lati-

1134 2406 1181 2434 na
1213 2395 1385 2445 quedam
1417 2398 1596 2435 carmina
1640 2408 1710 2447 pro
1753 2397 1968 2436 directione
2012 2399 2101 2437 reli-

1133 2458 1278 2507 giosor.
1310 2457 1514 2497 bominum
1547 2459 1684 2497 Venet.
1712 2458 1786 2499 An.
1815 2459 1926 2498 4520.
1951 2458 1988 2497 8.
2009 2459 2101 2498 Edi-

1138 2519 1192 2556 tio
1222 2517 1318 2556 haec
1347 2530 1590 2569 quamquam
1624 2531 1700 2557 non
1731 2525 1794 2558 est
1823 2521 1962 2570 prima,
1987 2532 2099 2559 curas

1135 2584 1174 2616 ta
1204 2583 1266 2616 est
1296 2583 1429 2617 tamen
1475 2580 1705 2629 diligentius
1734 2592 1753 2619 a
1785 2583 1889 2620 Luca
1926 2582 2097 2631 quodam

1134 2639 1395 2687 Olchinensi,
1427 2642 1493 2690 qui
1523 2645 1564 2679 et
1593 2643 1775 2690 queritur
1820 2642 1868 2680 de
1913 2643 2098 2681 Venetor.

1133 2700 1383 2749 quorundam
1415 2703 1682 2753 typographor
1738 2705 1775 2741 in
1809 2705 1915 2754 typis
1952 2715 2096 2743 curan—

1133 2761 1195 2798 dis
1224 2763 1448 2801 oscitantia.
1560 2804 1563 2807 ,

1188 2824 1250 2861 11.
1300 2824 1566 2863 Savonarolae
1610 2826 1847 2875 opusculum
1898 2825 2096 2866 adversus

1133 2882 1409 2923 divinatricem
1432 2885 1727 2926 Astronomiam
1755 2889 1792 2926 in
1833 2889 2098 2928 confirmatio—

1136 2955 1223 2982 nem
1255 2944 1466 2996 Apologiac
1486 2947 1544 2985 Jo.
1570 2950 1645 2987 Pici
1671 2949 1930 2988 Mirandulani
1952 2949 2001 2988 ab
2027 2961 2098 2988 au-

1133 3005 1245 3043 thore.
1274 3007 1434 3057 quidem
1482 3009 1616 3047 Italico
1660 3012 1851 3059 scriptum
1883 3015 1971 3055 est,
2003 3010 2092 3050 dein

1136 3078 1229 3106 vcro
1259 3070 1409 3107 Latinis
1440 3069 1565 3108 literis
1596 3070 1789 3110 traditum
1822 3083 1841 3109 a
1874 3073 1912 3109 F.
1943 3072 2093 3111 Tlioma

1137 3128 1388 3179 Boninsignio
1416 3131 1582 3170 Senensi
1614 3132 1706 3170 Ord.
1738 3132 1869 3182 praed.
1895 3143 1985 3172 cum
2007 3135 2094 3174 eius

1135 3192 1361 3240 interpretis
1389 3192 1564 3242 apologia
1594 3193 1792 3232 adversus
1823 3195 1953 3243 operis
1985 3195 2090 3235 illius

1135 3254 1445 3301 vituperator-vs,
1469 3266 1745 3304 mensumque
1776 3260 1833 3292 osi
1876 3256 2093 3294 moi-enimv

1136 3324 1238 3350 anno
1278 3313 1385 3352 ¹58¹.
1419 3316 1451 3350 8.
