2517 4009
979 158 1292 196 THEODULUs

119 234 199 272 calz·
226 233 393 271 Domini
415 233 454 270 et
466 232 522 270 ad
544 231 625 269 SS.
649 230 869 279 Martyres
884 230 1083 277 Serqz'nm

121 297 160 334 et
189 295 418 341 Bacchum,
447 296 491 330 in
511 294 694 331 editione
717 293 926 330 Sirmondi
953 293 1082 329 omis-

120 368 188 394 sos
218 368 310 396 esse
339 357 535 395 observat
576 357 841 394 Christianus
881 356 1082 393 Daumius

118 422 163 457 iu
193 421 364 466 Syllabo
393 420 612 456 Poetarum
636 419 984 465 Christianorum,
1011 419 1083 465 qui

115 484 260 521 tamen
285 484 375 529 jam
404 482 501 520 aute
532 484 577 518 111
604 482 876 520 Bibliothecis
913 482 1081 517 Patrum

117 547 160 583 et
188 548 230 583 in
261 546 443 583 editione
473 546 700 582 Riviniana
727 545 871 581 excusi
902 544 1079 580 fuerant.

116 608 293 645 Carmen
322 608 370 645 de
399 609 486 645 tota
525 608 664 644 Veteri
706 608 744 644 et
784 605 889 644 Novi
936 605 1082 642 Testa-

115 672 245 709 menti
286 671 570 708 instructione
611 670 769 717 legitur
807 669 852 704 in
889 666 1079 704 Goldasti

116 734 297 770 Manuali
324 732 478 779 Bibliot
509 743 547 778 p.
581 733 646 768 34.
677 733 721 768 iu
761 730 966 777 Operibus
1006 730 1077 765 lib.

115 796 165 832 ΙΙ.
196 796 330 833 Carm.
364 795 393 830 1.
424 796 666 832 inscribitur
709 795 790 830 sic:
840 794 993 830 Versus
1033 792 1080 828 in

104 857 255 905 fronte
303 858 541 896 Bibliornm
565 885 574 902 ‚
624 865 730 903 qnae
771 857 858 903 ipse
900 853 1082 892 describe·

103 920 230 968 fecit.
252 920 429 957 Carmen
450 922 572 958 breve
595 921 644 957 de
665 920 843 957 lnoenrz'a
858 915 1080 954 >ediderunt

115 983 297 1021 Mar-tene
327 984 370 1021 et
399 984 584 1020 Durand.
616 983 824 1020 Thesauro
846 991 948 1017 novo
970 982 1080 1017 Ane-

113 1047 222 1084 cdot.
251 1047 356 1083 tom.
388 1049 438 1083 V.
471 1057 571 1093 pag.
603 1045 696 1083 399.

224 1111 261 1148 5.
292 1110 549 1159 Fraqnzenta
582 1109 832 1147 Sermonum
873 1108 1075 1151 duorum,

114 1183 188 1209 nec
227 1183 310 1209 non
350 1171 651 1218 Fragmentum
696 1171 811 1207 aliud
853 1171 991 1218 operis
1033 1170 1080 1206 de

112 1237 254 1273 sacris
278 1235 590 1283 Inter-pratibus
614 1233 745 1270 edidit
765 1233 898 1269 Lucas
920 1233 1081 1269 Dache-

110 1299 198 1335 rius
229 1298 369 1345 Spioil.
413 1298 513 1334 10111.
549 1297 579 1332 1.
611 1307 649 1343 p.
682 1294 801 1343 254.)
844 1296 941 1332 Haec
980 1304 1076 1331 vero

114 1360 328 1397 Theoduifi
368 1370 459 1397 esse
479 1388 488 1406 ,
516 1359 609 1396 tum
639 1358 762 1395 stilus
802 1358 945 1404 docet,
987 1357 1079 1393 tum

112 1432 286 1470 quoque,
317 1424 415 1470 quia
442 1423 614 1459 initIum
653 1422 958 1469 Capitularium
989 1421 1080 1467 eJ‘us

112 1487 189 1523 sub
217 1486 347 1522 finem
377 1485 589 1531 adjectum
620 1485 698 1522 est.

221 1549 258 1585 6.
279 1550 459 1587 Annales
491 1548 634 1586 Caroli
652 1547 708 1585 M.
730 1549 769 1585 et
789 1548 987 1585 ludovici
1008 1548 1080 1585 Pii

112 1613 329 1658 scripsisse
388 1610 703 1657 Theodulphum
762 1610 824 1646 ait
871 1611 1079 1647 Arnoldus

112 1676 237 1713 Wion
265 1676 310 1711 in
337 1675 473 1721 Ligno
502 1673 610 1710 Vitae
633 1672 675 1710 et
696 1674 790 1719 post
811 1673 948 1719 ipsum
970 1674 1077 1709 Vos-

109 1740 197 1776 sius
224 1740 275 1776 de
303 1738 528 1776 Historicis
561 1736 727 1773 Latinis
772 1745 869 1782 pag.
913 1735 1005 1773 ¹757.
1035 1736 1078 1773 et

108 1803 228 1839 adest
254 1801 498 1848 hujusmodi
526 1799 818 1846 fragmentum
849 1800 1076 1835 Annalium

108 1867 184 1903 sub
212 1867 379 1902 nomine
414 1863 674 1910 Theodulphi
703 1864 748 1899 in
776 1862 882 1899 Bibl.
905 1862 1078 1898 Vatica—

109 1938 176 1964 na.
196 1928 318 1964 Bern.
345 1928 394 1964 de
416 1926 681 1963 Montfaucon
702 1926 806 1963 Bibl.
831 1926 938 1962 Bibl.
962 1926 1075 1962 MSS.

109 2001 148 2037 p.
179 1989 245 2027 35.
274 1990 485 2027 Fortassis
515 1990 581 2026 est
610 1999 716 2026 unus
747 1999 799 2026 ex
824 1990 909 2025 illis
930 1989 1076 2025 Anna-

108 2053 220 2090 listis
250 2054 502 2100 Anonymis,
532 2054 676 2100 quales
706 2053 755 2089 de
790 2053 876 2088 illis
909 2052 1075 2098 tempo-

108 2116 223 2153 ribus
253 2118 394 2163 plures
422 2116 608 2154 exstant.

218 2178 257 2217 7.
286 2179 334 2216 In
364 2179 566 2225 Catalogo
595 2177 807 2216 Abbatum
837 2178 1075 2215 Floriacen-

109 2245 218 2280 sium
240 2253 366 2289 supra
387 2243 618 2280 memorato
641 2243 723 2289 ipsi
743 2251 902 2289 quoque
924 2242 1075 2279 tribui-

110 2306 191 2342 tur.
222 2306 466 2352 Explicatio
508 2305 693 2353 Symboli
721 2305 1003 2343 Athanasiani
1036 2308 1075 2343 et

110 2368 354 2415 Explicatio
374 2368 558 2415 mystica
573 2368 728 2406 Missae
746 2378 836 2414 quae
852 2369 930 2405 duo
944 2369 1071 2405 etiam

108 2432 152 2467 in
172 2430 254 2466 MS.
277 2429 425 2466 Codice
445 2429 701 2466 Floriacensi
720 2430 939 2467 habentur.

218 2493 243 2530 8
275 2493 502 2541 Speculum
526 2495 706 2530 locorum
728 2493 974 2530 Biblicorurn
995 2495 1074 2540 ipsi

109 2566 269 2603 quoque
297 2556 510 2601 tribuitur,
533 2556 642 2602 quod
671 2556 775 2592 alias
806 2556 915 2592 inter
944 2555 1078 2602 Opera

110 2619 339 2665 Augustini
366 2619 466 2656 tom.
498 2619 557 2654 III
587 2629 626 2665 p.
659 2618 736 2655 680
766 2619 918 2656 exstat.

163 2683 288 2719 Plura
328 2682 446 2719 dabit
485 2681 671 2718 Historia
711 2681 902 2718 literaria
931 2681 1076 2719 Gallioe

107 2746 220 2782 tomo
252 2745 319 2780 1V.
352 2755 392 2791 p.
426 2744 519 2782 459.

161 2806 490 2852 THEODULUS,
520 2805 686 2842 natione
715 2805 862 2852 Italus,
894 2806 1075 2851 primum

107 2872 150 2908 in
181 2870 316 2915 Italia,
337 2870 486 2907 deinde
507 2868 683 2905 Athenis
705 2869 882 2915 studuit,
903 2869 945 2905 et
965 2869 1066 2915 Epi-

105 2941 251 2979 scopus
294 2931 549 2968 constitutus
593 2931 671 2966 est.
704 2931 832 2977 Sunt,
875 2933 946 2978 qui
979 2941 1074 2968 eum

108 2995 238 3031 Coeles
269 2993 402 3040 Syri-<e
432 2993 733 3038 Presbyterum
766 2994 930 3039 vocant,
972 3003 1074 3040 quos

50 3090 53 3091 .
105 3057 310 3093 Honorius
362 3054 770 3101 Augustodunensis,
817 3055 1076 3092 Theodorum

107 3120 151 3157 et
180 3117 437 3154 Theodulum
458 3117 743 3162 distinguens,
774 3117 939 3153 refutat.
962 3118 1078 3153 Vixit

108 3183 244 3219 seculo
275 3180 325 3214 X.
359 3179 532 3224 Scripsit
561 3179 776 3225 Ecloyain,
806 3186 888 3224 qna
917 3187 1079 3226 compa-

109 3244 266 3281 rantur
286 3241 503 3278 Miracnla
532 3242 567 3277 V.
596 3240 640 3276 T.
663 3249 757 3277 cnm
778 3240 964 3277 veteram
980 3250 1077 3287 poe-

107 3314 251 3351 tarum
283 3310 535 3348 commentis.
560 3308 604 3345 In
626 3308 803 3355 quodam
826 3308 970 3345 Codice
994 3309 1074 3345 ΜΞ.

2053 157 2130 197 527

1156 227 1356 274 habetur,
1397 228 1602 264 Joannem
1647 224 1994 272 Chrysostomum
2043 227 2120 263 1100

1153 300 1256 336 opus
1283 290 1579 336 composuisse,
1608 298 1734 336 quum
1756 288 1895 325 autem
1917 297 2120 334 arrogan-

1155 353 1258 389 tiam
1274 353 1441 398 vitaret,
1456 352 1655 389 Theoduli
1677 361 1827 389 nomen
1842 352 2118 398 inscripsisse.

1155 415 1259 451 Vide
1283 415 1454 450 Sanderi
1474 415 1577 451 Bibl.
1600 414 1810 460 Belgicam
1835 414 1946 450 MSS.
1971 414 1999 450 1.
2022 424 2122 460 pag.

1157 478 1246 513 139.
1307 477 1621 514 Tetrasticlcmn
1672 479 1716 513 in
1758 478 1853 514 aliis
1906 477 2122 514 Codicibus

1154 540 1409 585 inscribitur,
1423 542 1529 586 quod
1553 542 1722 586 singula
1741 541 1927 577 carmina
1946 542 2123 587 quatuor

1154 607 1343 643 versibus
1371 605 1794 651 comprehenduntur.
1838 607 1995 642 Prodiit
2031 607 2121 643 haec

1152 671 1308 717 Ecloga
1320 680 1413 705 011111
1428 669 1733 707 Commentario
1755 671 1906 716 Lipsiae
1922 681 1994 717 per
2015 671 2122 708 Con—

1151 734 1299 770 radum
1328 732 1607 778 Kacheloven,
1640 733 1756 769 1492.
1779 734 1816 769 4.
1839 734 1979 770 Colon.
2005 734 2121 770 1494.

1153 799 1189 834 4.
1224 797 1341 834 1495.
1373 798 1410 832 4.
1453 797 1528 833 Ε31
1566 797 1609 833 01
1648 797 1757 833 inter
1798 798 1988 835 auctores
2027 798 2119 834 octo

1149 859 1463 907 Opusculorum.
1482 859 1530 896 ut
1550 859 1720 896 Catonis
1751 859 1910 906 Faceti,
1931 860 2120 896 Matthaei

1151 923 1473 959 vindocinensis
1507 923 1585 960 etc.
1626 923 1822 968 Lugduni
1864 933 1936 969 per
1978 923 2120 969 Steph.

1151 986 1325 1032 Baland,
1364 984 1484 1023 1505.
1516 989 1551 1023 4.
1573 987 1616 1022 111
1640 986 1830 1023 Goldasti
1853 988 2036 1023 Manuali
2058 987 2126 1023 Bi-

1150 1050 1256 1086 blico
1289 1049 1502 1097 (Franeof.
1536 1049 1665 1097 1620)
1700 1060 1737 1096 p.
1782 1050 1846 1087 22.
1882 1051 1995 1086 Hanc
2036 1051 2125 1086 edi-

1151 1113 1291 1150 tonem
1322 1124 1414 1151 cum
1437 1114 1585 1150 Codice
1618 1113 1851 1151 Academiae
1881 1114 2000 1150 Juliae
2029 1123 2127 1150 0011-

1150 1176 1250 1213 111111
1262 1178 1434 1223 Polycar
1440 1187 1515 1223 pus
1529 1177 1736 1223 Leyserus
1748 1178 1791 1212 in
1799 1177 2126 1214 hist.Poetarum

1152 1240 1280 1276 medii
1308 1241 1388 1276 aevi
1419 1250 1458 1286 p.
1488 1239 1582 1277 296.
1613 1239 1661 1275 111
1689 1249 1781 1276 eam
1815 1239 2128 1276 commentatus

1149 1300 1214 1337 est
1243 1300 1478 1337 Bernardus
1509 1302 1726 1347 Silvester,
1758 1301 1869 1339 teste
1909 1303 2127 1348 Sigeberto

1150 1362 1443 1399 Gemblacensi
1472 1372 1506 1398 c.
1541 1362 1630 1399 169.
1661 1372 1784 1409 quem
1817 1364 1924 1400 adde
1969 1365 2019 1401 de
2051 1374 2127 1400 no-

1152 1424 1238 1459 stro
1267 1433 1302 1459 c.
1334 1424 1425 1461 134.
1455 1423 1497 1460 et
1518 1424 1746 1470 Leyserum
1777 1427 1804 1462 l.
1836 1435 1869 1461 c.
1899 1437 1938 1472 p.
1961 1427 2053 1463 293.
2086 1427 2128 1463 et

1154 1486 1389 1532 Stephanus
1419 1486 1740 1534 Patringtonus,
1771 1488 1821 1524 de
1852 1497 1930 1534 quo
1953 1499 2090 1535 supra.

1208 1549 1323 1593 Quod
1364 1550 1411 1587 cle
1452 1559 1573 1597 opere
1612 1550 1894 1598 Ecloqarnm,
1936 1552 1980 1587 in
2021 1552 2124 1590 Bibl.

1151 1612 1384 1658 Bodlejana
1424 1611 1467 1648 et
1507 1612 1838 1649 Helmstadiensi
1881 1614 2001 1650 obvio
2042 1625 2130 1652 me-

1151 1675 1289 1712 morat
1318 1675 1643 1721 Hallervordius,
1677 1676 1818 1720 procul
1850 1675 1974 1712 dubio
2002 1676 2125 1712 errat.

1152 1737 1270 1774 Certe
1300 1738 1344 1773 in
1375 1737 1520 1774 Codice
1550 1736 1881 1774 Helmstadiensi
1911 1747 1992 1774 non
2023 1749 2126 1785 opus

1150 1802 1331 1847 plurium
1360 1802 1626 1847 Eclogarum,
1649 1801 1723 1837 sed
1743 1800 1914 1838 tantum
1935 1812 2017 1838 una
2038 1803 2128 1840 haec

1149 1864 1307 1909 Ecloga
1336 1864 1380 1899 in
1407 1862 1493 1899 tres
1524 1863 1651 1899 libros
1680 1863 1745 1898 dis
1757 1862 1898 1899 tincta
1936 1863 2127 1900 habetur.

1150 1924 1408 1961 Trithemius
1436 1936 1470 1962 c.
1502 1925 1593 1962 185.
1614 1926 1795 1972 Ecloqas
1834 1925 1876 1962 et
1905 1927 2056 1962 librum
2079 1928 2128 1964 cle

1148 1990 1420 2026 consonantia
1452 1988 1791 2037 Scripturaonm
1831 1990 2072 2036 distinguit.

1203 2050 1542 2088 THEOFRIDUS
1572 2052 1727 2097 Abbas,
1757 2052 1878 2097 cujus
1902 2052 2123 2089 Sermones

1148 2114 1228 2150 duo
1259 2114 1306 2151 de
1340 2114 1597 2151 Sanctorum
1627 2114 1848 2160 reliqniis,
1872 2114 1914 2150 et
1935 2115 1985 2152 de
2005 2124 2127 2152 vene-

1150 2176 1314 2212 ratione
1346 2175 1615 2221 Sanctorum,
1658 2177 1839 2222 primum
1884 2176 1987 2212 editi
2029 2177 2126 2213 sunt

1148 2247 1243 2273 cum
1270 2237 1509 2283 Berengoso
1541 2238 1681 2274 Colon.
1727 2237 1804 2275 155
1818 2237 1856 2274 5.
1886 2239 1924 2274 8.
1957 2239 2052 2284 post
2081 2240 2126 2276 in

1145 2300 1414 2337 Bibliothecis
1453 2299 1624 2336 Patrum
1665 2300 1841 2336 eruditis
1881 2301 2122 2336 centrover-

1147 2366 1255 2401 siam
1286 2362 1516 2399 moverunt.
1547 2364 1737 2409 Plerique
1768 2373 1861 2399 cum
1892 2363 2026 2400 Caveo
2058 2364 2121 2410 ip-

1149 2437 1242 2463 sum
1283 2436 1364 2463 sec.
1406 2425 1476 2460 XI.
1519 2425 1724 2462 Abbatem
1767 2424 2123 2470 Epternacensem

1147 2489 1275 2525 fuisse
1317 2487 1589 2532 contendunt,
1633 2487 1682 2523 de
1730 2496 1810 2533 quo
1854 2488 1991 2532 paullo
2031 2488 2126 2533 post

1150 2552 1313 2599 agetur.
1346 2550 1545 2586 Auctores
1576 2550 1714 2586 autem
1746 2548 1943 2585 Historiae
1987 2549 2120 2586 Galli-

1150 2625 1208 2652 cae
1223 2615 1323 2651 tom.
1340 2614 1407 2648 IV.
1430 2623 1528 2659 pag.
1549 2612 1612 2648 60.
1629 2621 1698 2648 003
1723 2611 1947 2649 Sermones
1967 2611 2125 2648 adscri—

1148 2678 1252 2716 bunt
1282 2676 1517 2721 Theofrido,
1548 2676 1617 2721 qui
1648 2677 1782 2711 seculo
1802 2673 1894 2708 VII.
1926 2674 2006 2709 fuit
2038 2675 2122 2711 Ab—

1148 2744 1223 2780 bas
1264 2740 1442 2786 primum
1484 2737 1737 2774 Menatensis
1777 2738 1819 2772 in
1873 2737 2122 2773 Alvernensi

1148 2804 1330 2849 dioecesi,
1373 2802 1466 2848 post
1508 2802 1787 2837 Cameriensis
1831 2801 1872 2836 111
1913 2800 2121 2837 territorio

1148 2864 1412 2903 Velaunensi.
1450 2863 1679 2910 leqll're'clc'
1709 2863 1873 2900 Abbatis
1897 2862 2119 2900 Sermones

1148 2930 1260 2966 MSS.
1302 2929 1471 2964 suntin
1502 2928 1606 2964 Bibl.
1650 2927 1865 2963 Vaticana.
1906 2926 2026 2962 Bern.
2068 2927 2118 2963 de

1150 2992 1410 3029 Montfaucon
1440 2990 1542 3026 Bibl.
1566 2989 1668 3026 Bibl.
1700 2990 1810 3025 MSS.
1844 2999 1941 3035 pag.
1974 2988 2064 3024 134.

1204 3055 1224 3075 ³³
1246 3057 1501 3101 Quamquam
1536 3062 1748 3090 sermones
1770 3053 1832 3089 illi
1853 3053 1931 3089 duo
1960 3051 2117 3089 Biblio-

1150 3119 1333 3155 thecario
1364 3116 1431 3152 hic
1462 3115 1549 3151 noti
1590 3116 1640 3150 ab
1682 3114 1930 3151 Auctoribus
1971 3114 2114 3150 Histo-

1153 3182 1224 3217 riae
1266 3179 1435 3216 Gallica>
1479 3177 1700 3213 Theoi'rido
1741 3177 1837 3213 111110
1879 3177 2030 3213 Abbati
2077 3177 2120 3213 in

1154 3244 1196 3278 T.
1230 3242 1297 3276 IV.
1328 3240 1464 3286 operis
1493 3239 1690 3285 adscripti
1720 3238 1907 3284 suerunt,
1953 3239 1998 3274 in
2038 3239 2117 3275 vol.

1153 3307 1290 3341 tamen
1326 3304 1392 3339 lx.
1425 3303 1475 3339 ad
1509 3301 1635 3338 vitum
1658 3301 1870 3338 'l‘heofridi
1899 3302 1999 3339 Abb.
2034 3301 2118 3347 Ep-
