2533 4009
427 232 503 269 :33ss

482 297 772 338 Raburucs
791 290 1008 333 monachus
1023 288 1059 326 S.
1080 288 1257 337 sepulcri
1277 288 1381 338 apud

433 364 735 400 cameracenses
764 355 864 390 circa
906 362 926 388 a
985 349 1099 387 4290.
1130 349 1289 397 scripsit
1319 348 1380 385 vel

431 421 676 471 „npspolavit
726 416 846 452 Vitam
890 411 932 448 Β.
979 407 1166 448 Lietberti
1197 409 1380 458 Episcopi

431 478 729 522 Cameracensis
759 480 798 511 ot
828 471 1113 511 Atrebatensis.
1138 469 1270 508 Edidit
1295 480 1382 507 eam

429 551 464 583 ct
491 537 808 581 annotationibus
828 534 1041 572 illustravit
1061 531 1157 570 God.
1181 531 1385 569 Hensche-

429 607 517 642 nius
543 604 578 638 in
600 601 710 638 Actis
732 599 968 636 Sanctorum
991 599 1018 632 t.
1040 594 1087 632 IV
1109 593 1214 631 ,lunii
1240 604 1275 642 p.
1295 592 1382 630 585.

480 650 773 701 RADULPHUS
805 656 1110 700 Comei-cianus.
1141 656 1382 700 Germanus,

428 723 658 765 carmelita,
689 721 788 758 vixit
817 731 837 757 a
885 719 1001 757 4348.
1033 717 1192 766 scripsit
1221 713 1276 752 ad
1293 714 1388 764 Epi-

429 797 528 836 scop.
572 780 905 831 Salzburyensem
950 779 989 817 in
1035 777 1193 816 civitate
1226 775 1388 813 Frisan-

429 846 535 885 censi
562 847 642 892 (sic
673 848 758 882 erat
798 845 1065 893 impressum,
1097 839 1196 877 forte
1234 836 1390 874 Frisiu-

426 907 559 958 ycnsi)
590 905 635 944 de
662 904 814 957 futuris
844 900 1070 947 eventibus,
1101 905 1140 937 ct
1163 900 1250 938 alia.
1288 900 1390 936 Haec

432 974 647 1008 ticsncrus.
681 967 792 1006 Adde
823 966 984 1004 Balcum
1030 964 1142 1002 Cent.
1175 963 1218 999 V.
1250 961 1310 999 42.
1354 961 1389 997 in

439 1030 621 1081 Append.

487 1089 782 1130 RADL'LPHUS
799 1087 938 1128 Caroli
960 1087 1035 1126 loci
1054 1085 1285 1131 monachus,
1300 1082 1393 1121 Ord.
1415 1093 1417 1096 ·

434 1153 736 1198 cisterciensiS,
766 1151 964 1189 Guiliclmi
1009 1147 1302 1198 Archiepiscopi
1333 1146 1394 1183 Bi—

429 1216 665 1261 turicensi5‚
697 1212 877 1262 ejusdem
911 1210 1140 1249 monasterii
1188 1206 1390 1258 quondam

431 1277 619 1320 Abbatis.
647 1276 798 1322 scriba,
823 1276 927 1312 circa
951 1285 984 1312 a.
1006 1273 1121 1312 4240.
1153 1271 1319 1320 Scripsit
1349 1269 1395 1306 de

429 1338 549 1389 9estis
576 1335 755 1389 praefati
779 1334 1006 1382 Guilielmi,
1047 1332 1150 1383 quod
1193 1334 1229 1369 in
1271 1342 1395 1368 mem-

432 1402 566 1439 branis
582 1399 670 1448 ejus
690 1397 917 1437 monasterii
935 1400 1060 1434 extat.
1079 1395 1167 1433 Car.
1193 1393 1240 1430 de
1262 1391 1393 1429 Visch.

442 1463 536 1500 Bibl.
572 1462 817 1510 Scriptorum
857 1457 949 1496 Ord.
990 1455 1268 1495 Cisterciensis
1311 1464 1395 1503 pag.

434 1525 521 1562 282.
553 1523 605 1561 At
639 1532 733 1559 vero
771 1530 914 1557 nomen
955 1518 1139 1568 Episcopi
1180 1521 1275 1553 tunc
1313 1517 1397 1551 erat

436 1583 636 1622 Girardus
679 1583 738 1619 vei
788 1579 1020 1624 Girauclus,
1064 1579 1230 1616 docente
1269 1575 1393 1614 Gallia

439 1647 662 1684 Christiana
693 1649 720 1681 t.
753 1644 783 1681 11
816 1655 849 1692 p.
883 1644 945 1680 63.
975 1643 1097 1690 Igitur
1127 1643 1196 1677 aut
1226 1648 1395 1682 nomen,

435 1713 503 1745 aut
534 1718 623 1745 acra
655 1706 716 1742 hic
748 1709 810 1741 est
842 1702 1046 1741 mutanda.

491 1767 787 1806 RADL‘LPHL'S
811 1764 1032 1804 Cicestrius
1049 1794 1058 1810 ‚
1084 1775 1131 1800 ex
1158 1761 1399 1800 Sudosaxiae

439 1830 629 1868 comitatu
659 1833 800 1873 natus,
832 1826 1051 1865 monachus
1089 1825 1399 1870 DominicanuS,

441 1893 540 1929 vixit
569 1903 601 1929 a.
635 1890 748 1927 4270.
780 1894 819 1926 et
848 1888 1060 1937 descripsit
1106 1885 1229 1924 Vitam
1266 1886 1305 1923 S.
1338 1883 1399 1921 Ri-

443 1951 559 1990 carcli
587 1950 774 2001 Episcopi
820 1947 1112 1994 Cicestriensis‚
1143 1946 1258 1995 cujus
1301 1946 1402 1983 Con-

440 2016 564 2051 fcssor
608 2013 746 2050 fuerat.
792 2012 871 2049 Nic.
909 2011 1095 2047 'l'rivctus
1133 2007 1181 2046 ad
1211 2018 1243 2044 a.
1286 2006 1401 2044 4252.

442 2078 644 2113 (ἰοεηρτυε
673 2078 712 2111 et
742 2071 940 2110 Lelandus
964 2083 998 2108 c.
1029 2070 1117 2108 260.

491 2134 785 2175 RADULPHUS
812 2131 1061 2183 Cqueshale.
1080 2131 1173 2169 Vide
1195 2142 1315 2181 supra
1338 2131 1401 2168 lib.

444 2199 508 2236 111.
540 2209 573 2247 p.
623 2197 712 2235 368.
755 2200 794 2232 et
825 2199 912 2244 post
933 2195 1109 2232 Caveum
1139 2205 1175 2243 p.
1200 2192 1293 2231 627.
1328 2191 1405 2230 Ad—

440 2260 488 2297 de
505 2259 739 2308 sequentia:
765 2257 868 2294 Ante
885 2255 1119 2304 dignitatem
1141 2255 1304 2293 Abbatis
1323 2265 1404 2292 mo-

443 2322 603 2360 nasterii
625 2318 955 2369 Coggcshalensis
974 2318 1199 2355 Canonicus
1215 2321 1298 2353 crat
1315 2318 1406 2353 Bar-

443 2382 694 2429 novelerisis‚
720 2385 759 2418 et
794 2381 832 2416 in
859 2381 1020 2417 'l'crram
1058 2380 1244 2417 Sanctam
1281 2378 1408 2427 profe-

445 2450 534 2483 ctus
565 2443 724 2492 scripsit
761 2452 861 2491 quae
904 2440 1002 2478 vidit
1035 2446 1075 2478 et
1112 2440 1277 2478 audivit.
1306 2437 1404 2487 Ejus

450 2506 669 2543 Floronicon
703 2504 847 2542 Terrae
882 2504 1050 2541 Sanctae
1090 2503 1114 2540 f.
1152 2499 1322 2539 Libellus
1356 2499 1402 2538 cle

445 2566 736 2619 emmynatione
765 2565 909 2603 Terrae
933 2566 1104 2602 Sanctae
1132 2563 1264 2601 editus
1293 2567 1356 2600 est
1385 2573 1404 2599 a

444 2632 617 2669 Marione
642 2633 682 2666 et
708 2626 866 2666 Durand
904 2627 1066 2665 Coliect.
1090 2625 1267 2676 ampliss.
1303 2628 1335 2661 t.
1364 2625 1406 2661 V.

447 2705 482 2741 p.
507 2691 595 2730 543.
623 2690 845 2730 Chronicon
865 2687 1126 2738 Anylicanum
1160 2687 1209 2726 ab
1233 2698 1268 2725 a.
1294 2686 1407 2725 4066.

458 2754 567 2791 1200.
592 2753 640 2790 ab
666 2752 804 2789 iisdem
836 2762 871 2800 p.
908 2751 995 2788 804.
1022 2751 1083 2788 cui
1116 2762 1202 2799 pag.
1229 2747 1317 2787 874.
1344 2759 1409 2786 su-

452 2815 656 2865 bjungitur
686 2810 856 2851 Libellus
893 2810 938 2849 cle
976 2809 1146 2849 motibus
1184 2808 1412 2858 Anqlicanis

452 2876 523 2914 sub
543 2875 717 2912 Johanue
738 2877 848 2923 Iieqe.

506 2937 802 2976 RADULPUUS
830 2933 1103 2985 Coleburqus7
1129 2933 1282 2983 Angius
1299 2961 1308 2977 ‚
1339 2932 1414 2980 pri-

456 3010 562 3036 mum
593 2999 760 3041 oxonii,
789 3002 880 3048 post
923 2998 1081 3035 Parisiis
1118 2995 1274 3040 floruit,
1313 2994 1414 3029 inter

460 3062 736 3098 franciscanos
769 3060 979 3098 Sacrarum
1021 3057 1222 3095 literarum
1264 3054 1416 3092 Praele-

460 3127 542 3157 ctor
566 3127 605 3158 οι
630 3123 828 3159 Professor
853 3122 937 3159 fuit.
964 3120 1017 3158 De
1038 3119 1198 3169 scriptis
1227 3116 1314 3167 ejus
1349 3113 1411 3152 ad-

464 3180 540 3217 buc
568 3193 640 3218 non
666 3187 834 3220 constat.
870 3181 966 3219 Vide
1006 3179 1222 3219 Lelandum
1259 3188 1292 3216 c.
1328 3175 1416 3214 250-

523 3316 553 3338 n»
578 3310 695 3339 (inrito-r
718 3311 770 3341 hic
793 3312 915 3351 cgnoiii
943 3313 1071 3344 ltaliam
1101 3318 1229 3342 sacram
1265 3312 1345 3341 tom.
1384 3309 1420 3338 ΙΧ

1193 214 1646 255 RADULPHUS

1454 286 1629 323 Pitseum
1656 287 1692 322 in
1717 284 1895 335 Append.
1921 297 1953 324 o.
1980 286 2041 323 70.
2065 285 2224 324 Buloum
2249 285 2413 324 Centur.
2469 334 2472 337 Δ

1456 347 1504 384 X.
1525 345 1590 383 70.

1508 406 1804 446 RADULPHUS
1827 407 1872 446 de
1898 408 2115 458 Columna,
2151 420 2294 448 nomen
2315 420 2336 448 a
2360 409 2419 446 vi-

1456 479 1501 506 co
1528 466 1762 507 Coloumelle
1787 470 1957 519 regionis
1975 471 2234 509 carnotensis
2255 470 2420 519 habenS,

1456 530 1682 569 Canonicus
1706 530 1988 577 Carnotensis,
2017 532 2117 569 vixit
2154 543 2189 570 a.
2226 532 2340 571 4290.
2375 535 2417 569 et

1459 592 1618 641 scripsit
1639 590 1687 629 ad
1714 591 1967 629 Lambertum
1989 591 2038 630 de
2064 593 2236 632 castello
2264 593 2424 632 Tracta-

1461 656 1542 690 tum
1572 652 1618 690 de
1643 650 1900 691 translatione
1939 651 2148 703 Imperiia
2172 654 2337 694 Graecis
2371 653 2426 692 ad

1462 713 1646 760 Latinos,
1668 715 1733 764 qui
1760 717 1892 752 exstat
1917 713 1953 750 in
1980 713 2216 753 Collectione
2241 715 2424 755 Schardii

1464 776 1512 815 de
1564 775 1844 815 Jurisdictione
1887 775 2044 825 Imperii
2099 775 2209 813 Rom.
2249 780 2290 814 et
2322 775 2426 827 apud

1464 837 1698 876 Goidastum
1721 836 1768 875 de
1791 836 2013 875 Monarchia
2038 836 2076 875 S.
2102 836 2260 886 Imperii
2279 841 2373 876 tom.
2394 837 2426 882 11

1465 911 1499 948 p.
1525 900 1586 936 88.
1614 900 1655 953 fn
1695 899 1759 937 illo
1797 898 2020 937 Chronicon
2046 898 2199 936 Martini
2225 897 2428 937 polonici-

1466 965 1598 1001 tatur.
1625 971 1744 1009 quem
1761 960 1926 998 Auctor
1950 958 2192 1010 Episcopum
2231 957 2431 1006 Consenti-

1466 1032 1562 1059 num
1587 1022 1620 1064 a)
1652 1025 1794 1067 vocat,
1819 1020 1923 1070 quod
1949 1024 2042 1059 ante
2063 1031 2084 1058 a
2112 1021 2270 1059 nemine
2296 1020 2430 1058 obser-

1468 1088 1610 1121 vatum
1633 1081 1753 1120 docet
1776 1082 1833 1120 Jo.
1860 1082 1975 1120 Liron
1999 1083 2034 1119 in
2062 1081 2159 1120 Bibl.
2197 1080 2430 1120 Carnotensi

1468 1157 1502 1195 p.
1530 1144 1618 1182 420.
1660 1143 1771 1181 Adde
1813 1144 2020 1191 Cave-um,
2047 1143 2286 1193 Dupinium,
2312 1141 2433 1180 Oudi-

1472 1217 1580 1244 num.
1607 1205 1680 1243 Alii
1707 1206 1940 1244 Tractatum
1969 1204 2161 1243 Landulfo
2192 1204 2330 1254 Sagaoi
2365 1203 2435 1241 tri-

1467 1269 1611 1316 buunt,
1628 1267 1677 1305 de
1701 1278 1779 1317 quo
1803 1268 1946 1306 Noster
1969 1277 2089 1316 supra
2115 1270 2143 1304 t.
2165 1265 2229 1304 IV.
2254 1277 2291 1316 p.
2308 1263 2373 1304 54.

1522 1331 1612 1378 (283
1632 1331 1759 1367 Prima
1784 1328 1902 1367 edit-io
1938 1329 1975 1366 in
2011 1327 2088 1365 vol.
2116 1326 2257 1366 Alciati
2283 1326 2333 1365 de
2357 1327 2434 1365 for-

1471 1393 1588 1431 mulis
1616 1393 1778 1430 Romani
1804 1391 1975 1441 Imperii,
1994 1390 2131 1428 Dantis
2146 1388 2195 1428 de
2210 1387 2433 1428 Monarchia

1469 1458 1544 1492 etc.
1578 1454 1760 1492 Basileae
1788 1452 1904 1491 4559.
1926 1451 1976 1501 8.)

1530 1512 1794 1553 RADVLPUS
1837 1513 1883 1552 de
1926 1513 2084 1562 Βία-σεο,
2121 1512 2303 1563 Anglus,
2346 1514 2436 1562 post

1470 1581 1696 1626 peragratas
1726 1575 1860 1625 plures
1885 1576 2065 1625 Europae
2089 1573 2326 1612 Academias
2356 1572 2428 1610 Ar-

1470 1637 1727 1676 chidiaconus
1751 1636 2045 1682 Mondinensis‚
2071 1640 2112 1674 et
2139 1646 2173 1674 a.
2207 1634 2322 1674 4283.
2352 1635 2427 1672 De-

1469 1709 1594 1737 canus
1625 1699 1849 1746 f‘auilinus,
1872 1698 2038 1747 Scripsit
2063 1697 2300 1746 sequentia,
2325 1705 2429 1745 quae

1473 1759 1577 1798 edita
1608 1764 1730 1798 sunt:

1529 1823 1563 1860 4.
1586 1820 1764 1860 Historia
1788 1818 2065 1870 compendiosa
2084 1818 2131 1857 de
2156 1816 2324 1869 Reyibus
2349 1816 2438 1856 Bri-

1474 1887 1633 1930 tonum⁷
1665 1894 1790 1933 usquo
1820 1882 1867 1920 ad
1898 1892 1975 1920 sec.
2008 1880 2090 1919 Vii.
2121 1881 2264 1919 Exstat
2290 1880 2326 1917 in
2351 1878 2426 1918 Ga-

1475 1944 1522 1982 lei
1555 1945 1677 1994 Scrip.
1704 1955 1835 1982 rerum
1862 1944 1955 1981 Brit.
1983 1946 2076 1980 tom.
2098 1942 2128 1980 1.
2151 1953 2187 1991 p.
2210 1942 2298 1980 553.

1532 2006 1568 2043 2.
1610 2003 1932 2043 Abbreviationz's
1969 2002 2284 2050 Chrom‘corum,
2313 2001 2362 2040 ab
2403 2012 2438 2040 a.

1479 2068 1569 2105 589.
1615 2067 1662 2105 ad
1707 2066 1820 2105 4447.
1857 2064 1962 2115 apud
2001 2063 2281 2114 Twysdenum
2327 2063 2365 2101 S.
2395 2063 2438 2100 R.

1479 2128 1592 2178 Angl.
1628 2141 1664 2179 p.
1688 2129 1774 2166 429.

1533 2193 1568 2229 3.
1594 2190 1790 2240 Imaqines
1817 2187 2088 2228 Historiarum
2110 2215 2117 2234 ⁷
2141 2190 2204 2225 est
2227 2186 2435 2224 continua-

1483 2253 1536 2290 tio
1580 2253 1795 2302 supcrioris
1837 2251 1977 2300 Operis
2021 2249 2070 2287 ab
2110 2259 2144 2287 a.
2194 2248 2435 2288 4448-4499.

1485 2313 1586 2364 apud
1618 2313 1789 2352 eundem
1823 2325 1858 2363 p,
1889 2312 1978 2350 525.

1537 2376 1571 2412 4.
1595 2375 1728 2414 Series
1752 2384 1920 2412 caussae
1941 2373 2042 2410 inter
2064 2371 2282 2410 Henricum
2302 2372 2443 2421 Reyem

1486 2440 1522 2474 et
1545 2435 1726 2474 Tliomam
1740 2434 2089 2486 Archiepiscopum
2109 2432 2440 2473 Cantuariensem

1486 2499 1534 2536 ab
1558 2510 1597 2548 a.
1630 2497 1870 2536 4462-4472.
1903 2495 1993 2535 ibid.
2019 2508 2054 2547 p.
2084 2494 2176 2534 744.

1538 2562 1571 2598 5.
1603 2558 1805 2598 Indiculus
1825 2558 1871 2598 de
1893 2556 2136 2597 successione
2165 2554 2437 2605 Archiepisco-

1483 2632 1627 2674 porum
1654 2619 2029 2665 Cantuarz'ensium‚
2054 2622 2091 2656 et
2117 2629 2143 2655 a
2172 2614 2316 2668 quibus
2343 2614 2445 2668 Apo—

1487 2682 1633 2721 stolicis
1657 2681 1785 2734 pallia
1810 2683 2079 2732 susceperunt.
2110 2679 2171 2717 Ex
2197 2677 2440 2716 membranis

1485 2744 1766 2784 Lambethanis
1795 2742 1918 2781 edidit
1949 2742 2063 2780 fleur.
2088 2739 2335 2778 Whartonus
2361 2736 2441 2777 An·

1487 2806 1586 2857 giiae
1629 2816 1764 2844 sacrae
1796 2809 1887 2842 tom.
1921 2805 1955 2842 4.
1987 2814 2020 2852 ρ.
2053 2801 2115 2839 87.
2146 2800 2247 2839 Sunt
2283 2803 2441 2839 tantum

1487 2868 1690 2918 Excerpta
1713 2877 1767 2904 eac
1797 2864 1977 2904 Historia
2005 2862 2051 2902 de
2081 2859 2344 2901 Praesulibus
2364 2859 2445 2898 An-

1484 2927 1588 2979 yliae
1611 2957 1618 2975 ‚
1642 2938 1762 2977 quam
1786 2938 1808 2965 a
1833 2928 1870 2965 S.
1896 2925 2107 2975 Augustini
2126 2923 2304 2962 adventu
2329 2931 2443 2959 exor-

1489 3000 1583 3036 sus,
1628 2989 1675 3027 ad
1733 2989 1897 3027 Joannis
1945 2988 2060 3037 Regis
2106 2983 2402 3023 coronationem
2437 3011 2446 3026 ,

1489 3052 1578 3099 (cui
1611 3052 1692 3100 ipse
1722 3062 1755 3089 a.
1783 3051 1898 3089 4499.
1926 3047 2136 3095 interfuit)
2165 3044 2343 3083 deduxit.
2368 3043 2445 3082 MS.

1487 3117 1618 3151 exstat
1648 3114 1685 3150 in
1710 3112 1804 3151 Bibl.
1827 3109 2097 3151 Norfolkianae
2120 3106 2263 3147 Codice
2283 3105 2443 3146 CCXX.

1492 3175 1597 3225 Opus
1636 3177 1789 3221 tamen,
1834 3175 1887 3212 ait
1917 3171 2163 3227 Whartonus
2201 3165 2446 3218 praefatione

1485 3315 1563 3347 pag,
1588 3306 1658 3337 218.
