2517 4009
863 224 1248 265 PELAGIUS

123 294 393 342 PELAGHJS,
422 293 725 345 Tyrassonensi's
752 295 952 335 Ecclesiae.
980 297 1015 334 in

68 359 251 410 Ilispania
275 355 606 402 Archidiaconus,
628 358 785 408 scripsit
816 357 938 397 Vitam
978 359 1016 397 S.

69 418 280 460 Prudentii
299 419 429 469 patrui
451 419 512 457 sui
537 419 718 469 Episcopi
745 420 1020 469 Tyrassonen-

69 483 124 521 sis
147 482 294 520 editam
321 482 342 520 a
366 481 575 519 Francisco
604 482 760 520 Bivario
784 481 830 520 ad
856 481 1020 521 Chroni-

67 555 140 583 con
164 543 493 582 Pseudo-Maximi
519 543 567 582 ad
593 544 636 582 A.
663 544 751 584 572.
774 557 809 596 p.
831 543 1020 583 549-552.

68 605 226 645 Madrit.
250 605 367 645 4654.
396 605 459 644 fol.

120 668 415 708 PELBARTUS
455 670 539 706 sive
570 668 923 708 PELWARTHUS
955 668 1024 708 Os-

66 728 218 769 noaldus
245 728 292 769 de
325 729 600 777 Themeswcw,
629 732 769 782 oppido
801 732 1022 782 ilungariac

66 791 205 832 Ordin.
226 793 265 832 S.
282 794 479 833 Francisci
497 823 505 839 ,
523 794 785 833 Concionator
809 794 894 833 Sec.
919 794 1023 832 XVI.

71 867 148 895 non
169 855 392 906 incelebris,
409 855 524 906 cujus
534 857 779 895 Pomoerium
789 857 1023 895 Sermonum

67 917 114 958 de
137 921 307 970 tempore
328 917 471 969 prodiit
492 919 740 970 Hagenoviae.
764 919 880 957 4498.
906 918 1021 957 4502.

67 981 131 1020 rol.
158 982 281 1020 Paris.
309 982 377 1021 454
389 980 425 1019 7.
450 985 489 1019 et
518 981 765 1020 Pomoerium
790 982 1024 1020 Sermonum

66 1042 113 1082 de
136 1043 319 1091 Sanctis,
344 1045 384 1081 in
414 1042 516 1082 duas
540 1048 674 1093 partes
703 1042 876 1081 divisum
895 1073 904 1090 ,
933 1042 1022 1081 ibid.

66 1110 106 1144 et
133 1105 252 1156 Lugd.
273 1105 467 1145 4544401.
494 1104 851 1156 Quaclraqesimale
876 1104 1025 1156 tripleae

64 1168 113 1208 de
128 1168 390 1219 poenitentia:
416 1167 464 1206 de
482 1169 614 1215 vitiis,
641 1167 690 1206 de
708 1169 931 1218 praeceptis
951 1169 1025 1205 De-

64 1230 201 1281 calogi.
230 1231 431 1279 Hagenov.
462 1228 579 1268 4ἶι75.
607 1230 721 1268 4499.
755 1230 872 1268 4502.
902 1231 1022 1267 Paris.

65 1294 132 1332 454
144 1293 178 1331 7.
204 1292 342 1330 Venet.
366 1289 602 1330 Stellarium
626 1291 806 1331 Coronae
826 1291 869 1328 B.
900 1290 1025 1341 Viryi-

61 1355 147 1402 nis,
172 1355 258 1392 sive
281 1354 530 1392 Pomoerium
552 1364 785 1392 sermonum
811 1352 859 1391 de
883 1354 926 1391 B.
949 1354 1023 1391 Ma-

62 1417 118 1456 ria
134 1417 306 1467 Virgine.
318 1416 526 1467 Haganoae
544 1416 658 1455 4508.
676 1420 717 1454 et
734 1417 854 1455 Paris.
875 1417 912 1453 8.
928 1414 1024 1454 duo·

61 1479 138 1518 bus
160 1478 317 1518 Volum.
342 1477 438 1517 Vide
454 1477 724 1529 Waddingum
740 1491 829 1530 pag.
842 1479 934 1518 264.
960 1479 1026 1517 ubi

61 1542 182 1581 etiam
200 1540 249 1579 de
268 1551 392 1578 aureo
407 1539 495 1590 ejus
515 1539 739 1592 Theoloyiae
748 1541 914 1582 Rosario
923 1541 1028 1593 juoe-

66 1607 107 1642 ta
139 1606 316 1655 quatuor
337 1603 630 1642 Sententiarum
646 1602 769 1643 libros
786 1603 1029 1656 quadripar-

67 1667 166 1718 ιίιο,
202 1678 252 1706 ex
293 1666 471 1706 doctrina
509 1667 688 1706 Doctoris
724 1667 883 1706 subtilis
919 1672 960 1705 et
982 1667 1026 1704 D.

66 1732 374 1770 Bonaventurae
395 1733 516 1779 atque
539 1729 704 1769 aliorum
727 1741 931 1768 sacrorum
955 1730 1030 1767 Do-

65 1797 234 1832 ctorum.
247 1791 440 1838 Quartum
454 1792 598 1831 librum
612 1792 813 1843 supplevit
824 1791 973 1831 OSWA
981 1791 1027 1829 L-

64 1854 164 1896 DUS
198 1854 225 1892 ὰ
253 1855 401 1903 Lasoe,
441 1853 576 1892 Ordin.
620 1855 755 1893 Minor.
795 1855 1026 1893 Provinciae

67 1918 290 1968 ilungariae
304 1947 315 1965 ,
332 1915 501 1956 Pelbarti
526 1917 728 1956 alumnus.
743 1917 889 1956 Prodiit
911 1919 1032 1967 [laga-

68 1991 166 2020 noae
193 1980 310 2020 4504.
344 1979 407 2017 fol.
447 1979 586 2017 Venet.
622 1980 736 2019 4586.
768 1981 882 2018 4589.
923 1979 960 2018 [ι.
990 1983 1030 2016 et

72 2043 229 2081 Brixiae
256 2040 360 2081 4594
384 2041 592 2093 Eoepositio
608 2041 804 2081 Psalterii
821 2054 912 2082 cum
934 2042 1030 2081 libro

73 2105 350 2155 Hymnurum,
376 2103 473 2142 libro
503 2104 834 2155 soliloquiorum,
860 2105 1031 2145 Cantici—

72 2178 172 2218 sque
194 2168 280 2207 Vet.
304 2171 345 2206 et
368 2167 467 2206 Novi
491 2167 598 2205 Test.
624 2172 664 2206 et
688 2168 825 2219 Symb.
852 2168 1030 2207 Athana—

71 2231 194 2270 siano.
219 2231 424 2281 Haganoae
452 2229 566 2269 4504.
593 2231 656 2269 fol.

117 2291 139 2315 *
167 2293 407 2332 Sermonum
454 2292 705 2331 aestivalium
737 2293 786 2331 de
824 2296 975 2332 sanctis
1005 2306 1026 2334 a

66 2355 246 2394 Pelbarto
273 2354 469 2394 editorum
494 2356 673 2395 omnium
699 2361 894 2407 quotquot
918 2357 980 2395 hic
1003 2369 1025 2396 a

64 2417 239 2457 Fabricio
281 2416 455 2463 dantur,
485 2416 698 2456 editionem
743 2420 1022 2469 antiquissima

61 2479 196 2530 Judico
225 2478 537 2529 Lugdunensem
567 2491 637 2530 per
665 2480 725 2518 J0.
752 2481 881 2530 Gleyn
911 2480 1023 2519 ador—

64 2547 228 2592 natam,
258 2542 375 2581 cuius
406 2551 480 2591 ego
510 2540 694 2580 editionis
724 2547 875 2592 partem
906 2544 1024 2582 aesti-

66 2616 158 2645 vam
188 2603 398 2656 possideo,
431 2605 467 2641 in
498 2615 576 2654 qua
609 2609 741 2643 tamen
772 2605 879 2643 nulla
909 2606 1023 2652 anni,

65 2679 143 2719 quo
167 2666 358 2706 adornata
395 2670 458 2704 est
493 2667 640 2705 mentio
661 2667 849 2717 proditur.
878 2668 921 2705 In
947 2666 1024 2706 tine

64 2729 226 2770 exhibet
255 2729 377 2768 vitam
396 2728 434 2767 S.
450 2728 615 2767 Joannis
643 2730 957 2781 Eleemosynarii
978 2731 1026 2769 ab

63 2793 203 2833 eodem
236 2792 417 2832 Pelbarto
448 2804 525 2832 una
555 2793 731 2832 alterave
770 2793 921 2844 pagella
962 2792 1029 2831 de-

63 2857 274 2907 scriptam.

119 2925 339 2965 Guilelmus
357 2926 690 2966 PELLlCERIUS
705 2928 848 2966 Doctor
871 2928 907 2965 in
926 2931 1030 2965 utro-

67 3001 145 3040 que
173 2990 268 3027 Jure
305 2993 346 3027 et
381 2989 431 3027 ab
471 2991 516 3027 Α.
549 2990 663 3029 4347.
704 2991 856 3040 primus
896 2989 1030 3028 Abbas

66 3050 465 3098 Grandimontensis‚
500 3052 693 3091 dioecesis
728 3054 766 3091 in
796 3053 918 3092 Gallia
958 3053 1031 3092 Ca-

68 3113 277 3154 durcensis
295 3142 302 3159 ,
319 3111 535 3153 defunctus
559 3114 604 3152 A.
631 3114 744 3153 4337.
772 3115 938 3166 Scripsit
959 3116 1031 3155 Or-

69 3176 149 3215 dini
173 3186 246 3214 suo
267 3174 411 3213 librum
436 3173 482 3213 de
507 3175 696 3214 Doctrina
719 3177 966 3215 Novitiorum
991 3182 1031 3216 et

0 3355 1 3360 ¹
126 3319 160 3358 a)
182 3318 355 3351 nouvelles
379 3318 558 3350 litteraires
582 3323 659 3350 tom.
684 3320 720 3349 x.
751 3327 825 3359 pag.
851 3320 925 3352 202⁴.
964 3329 1034 3362 seq.

0 3361 3 3432 Ι
77 3373 179 3404 Amet.
204 3369 296 3402 171⁰.
318 3370 348 3400 a.

0 3435 3 3452 Ι

1975 233 2053 270 ’213

1099 296 1405 337 Constz'lutiones
1436 311 1483 337 ac
1506 300 1681 339 raciones
1707 300 1836 354 Officii
1855 301 1990 340 Divini
2015 303 2055 340 in

1097 357 1246 398 Ordine
1277 360 1648 412 Grandimontensi,
1675 363 1724 402 de
1752 364 1897 414 quibus
1919 365 2055 403 viden-

1094 421 1168 460 dus
1197 423 1379 463 Oudinus
1403 429 1430 463 t.
1462 426 1496 464 3.
1522 437 1609 476 pag.
1633 427 1724 465 805.
1747 429 1814 477 qui
1840 428 1960 466 etiam
1985 439 2056 465 an-

1095 485 1313 525 notationes
1337 486 1424 535 ejus
1453 487 1493 524 in
1512 487 1665 539 aliquot
1688 487 1810 527 libros
1835 487 1959 528 Plinii
1980 492 2057 528 Ma-

1097 549 1321 598 nuscriptas
1360 550 1395 586 in
1420 549 1659 589 Bibliotheca
1691 552 1807 601 Regia
1842 552 2053 591 parisiensi

1097 621 1139 647 sc
1169 616 1456 650 commemorat

1153 673 1521 713 PEMBOGULLUS
1540 704 1547 721 ,
1569 673 1841 725 Penbuyillus‚
1860 677 1868 725 (
1889 676 2058 715 Lelando

1098 747 1183 785 cap.
1233 735 1323 774 497.
1366 734 1657 784 Penbichillus)
1703 738 1964 789 Philosophus
2008 738 2059 776 O-

1098 799 1302 837 xonicnsis
1331 800 1419 838 Sec.
1443 800 1532 837 XV.
1560 799 1677 849 cujus
1703 800 1858 839 libellus
1882 801 1930 840 de
1960 802 2060 840 divi-

1097 863 1206 900 sione
1235 863 1351 900 Entis
1376 863 1414 900 in
1444 862 1765 902 Praedicamenta
1785 894 1794 910 ,
1826 869 1866 901 et
1893 865 2059 903 Univer-

1099 923 1194 962 salia
1236 925 1428 974 Logicalia
1476 931 1749 964 memorantur
1792 928 1909 964 etiam
1955 927 2058 978 apud

1099 985 1261 1024 Baleum
1288 988 1356 1025 ΧΙ.
1381 987 1443 1026 25.
1471 992 1512 1026 et
1537 990 1714 1027 Pitseum
1742 1000 1778 1038 p.
1810 989 1902 1027 890.

1153 1048 1353 1087 Henricus
1383 1049 1547 1089 PENlA.
1580 1050 1705 1101 Supra
1732 1055 1825 1089 tom.
1853 1051 1888 1089 3.
1911 1064 1945 1102 p.
1969 1052 2060 1090 210.

1153 1109 1344 1150 Nicotaus
1368 1113 1414 1150 de
1444 1112 1786 1161 PENNAFORTI,
1820 1114 1952 1165 Penya
1981 1112 2064 1165 sort

1101 1173 1268 1221 (vitiose
1289 1174 1376 1212 aliis
1405 1173 1623 1226 Rupefort)
1649 1186 1767 1226 supra
1796 1188 1880 1227 pag.
1909 1179 2000 1216 446.

1153 1234 1412 1286 Raymundus
1435 1235 1481 1274 de
1509 1238 1821 1277 PENNAFORTI
1840 1268 1848 1283 .
1874 1251 1923 1278 ex
1950 1240 2061 1291 Regi-

1098 1296 1408 1347 busAragonum
1426 1297 1579 1337 ducens
1596 1302 1786 1350 originem
1797 1303 2061 1341 Barcinonen-

1099 1360 1180 1407 sis,
1212 1361 1355 1398 tertius
1380 1359 1472 1398 Ord.
1501 1362 1636 1400 Praed.
1663 1364 1869 1402 Generalis
1898 1370 1938 1403 et
1965 1366 2061 1404 Gre—

1100 1422 1194 1471 gorii
1225 1422 1292 1460 IX.
1318 1423 1679 1471 poenitentiarius,
1700 1427 1761 1462 cui
1788 1427 1907 1464 etiam
1934 1430 2061 1466 svasit

1100 1484 1345 1522 constituere
1370 1485 1407 1521 in
1431 1485 1617 1535 Hispania
1640 1486 1812 1525 tribunal
1834 1498 1973 1537 parum
1990 1489 2061 1528 hu-

1102 1557 1265 1585 manum
1290 1547 1564 1597 Inquisitionis
1593 1547 1790 1588 adversus
1814 1549 2059 1590 haereticos:

1102 1609 1327 1649 laudandus
1345 1611 1470 1661 magis
1489 1610 1594 1661 quod
1622 1611 1724 1649 idem
1752 1617 1890 1652 auctor
1907 1615 1982 1653 fuit
2002 1626 2063 1653 se-

1104 1673 1260 1710 minarii
1310 1672 1347 1710 in
1398 1683 1519 1722 regno
1567 1673 1790 1724 Aragoniae
1837 1675 2061 1726 linguarum

1104 1735 1364 1774 Orientalium
1390 1747 1439 1773 ex
1470 1747 1548 1785 quo
1579 1735 1759 1786 prodiere
1785 1739 1857 1776 viri
1885 1740 2063 1790 insignes

1103 1797 1367 1847 Raymundus
1405 1797 1637 1846 MARTlNl,
1667 1797 1899 1849 Alphonsus
1931 1803 2064 1840 Bonus

1106 1859 1221 1898 homo
1236 1891 1246 1908 ,
1265 1862 1410 1900 Paulus
1431 1861 1647 1901 Christiani
1668 1891 1675 1908 ,
1693 1863 1864 1913 aliique:
1893 1864 1996 1902 idern
2023 1866 2062 1904 S.

1105 1922 1295 1963 Thomam
1312 1925 1432 1964 etiam
1450 1925 1606 1976 impulit
1623 1930 1667 1964 ut
1685 1927 1927 1976 praeclaram
1955 1927 2062 1966 illam

1104 1985 1297 2026 adversus
1313 1988 1464 2026 Gentes
1481 1999 1680 2027 summam
1699 1989 1900 2028 conderet.
1920 1990 2067 2028 Defun—

1104 2053 1213 2088 ctum
1231 2051 1514 2101 Raymundum
1532 2050 1578 2090 A.
1602 2052 1714 2091 ⁴256.
1732 2053 1954 2103 propiorem
1975 2064 2067 2092 cen-

1105 2114 1256 2152 tenario
1271 2145 1281 2162 ,
1308 2115 1467 2153 Sanctis
1486 2119 1624 2165 postea
1641 2114 1855 2165 adscripsit
1880 2116 2068 2155 Clemens

1102 2175 1203 2214 VIII.
1228 2177 1275 2215 A.
1311 2177 1425 2233 4604.
1457 2177 1553 2216 Vide
1579 2178 1707 2216 Vitam
1734 2177 1820 2228 ejus
1845 2178 1867 2216 a
1908 2183 2068 2217 vetusto

1102 2239 1295 2289 scriptore
1311 2239 1403 2278 olim
1420 2239 1595 2278 breviter
1612 2241 1821 2279 collectam
1847 2247 1887 2278 et
1907 2243 1928 2279 a
1948 2243 2066 2280 Fran-

1099 2302 1204 2339 cisco
1217 2303 1346 2350 Penia,
1364 2303 1484 2340 Rotae
1499 2302 1678 2342 auditore
1699 2305 1802 2341 notis
1823 2304 2062 2342 illustratam

1099 2367 1140 2400 et
1169 2363 1326 2403 duobus
1355 2364 1498 2403 libellis
1522 2369 1681 2404 auctam
1714 2396 1721 2414 ‚
1747 2366 1857 2403 Rom.
1884 2365 2000 2404 4604.
2033 2366 2068 2402 4.

1101 2425 1260 2465 Surium
1303 2426 1337 2465 7.
1375 2429 1536 2466 Januar.
1568 2433 1608 2466 et
1638 2428 1862 2467 Bolandum
1896 2434 1990 2465 tom.
2034 2431 2065 2466 4.

1097 2489 1234 2527 Actor.
1258 2489 1441 2528 Sanctor.
1465 2490 1626 2529 Januar.
1653 2501 1743 2541 pag.
1770 2490 1860 2528 [ιΟἰι.
1887 2501 1970 2540 seq.
2002 2490 2066 2528 ubi

1097 2552 1216 2588 etiam
1245 2553 1326 2590 vita
1349 2552 1437 2601 ejus
1461 2553 1609 2601 scripta
1631 2554 1652 2590 a
1683 2551 1860 2590 Leandro
1883 2552 2064 2590 Albe-ito:

1099 2612 1277 2651 Natalem
1304 2613 1415 2651 Alex.
1443 2618 1536 2651 tom.
1565 2614 1644 2651 Vll.
1667 2625 1755 2663 pag.
1783 2615 1870 2652 144.
1894 2625 1977 2664 seq.
2004 2616 2068 2653 Ja-

1099 2675 1242 2714 cobum
1267 2675 1412 2721 Quetif.
1439 2675 1487 2713 de
1511 2676 1776 2726 scriptoribus
1799 2677 2068 2715 Dominicanis

1102 2741 1196 2775 tom.
1225 2738 1259 2776 4.
1281 2749 1366 2787 pag.
1394 2738 1482 2776 406.
1508 2749 1592 2788 seq.
1616 2740 1697 2777 Nic.
1726 2740 1945 2777 Antonium
1971 2740 2069 2778 Bibl-

1102 2804 1182 2838 vet.
1214 2801 1374 2850 Hispan.
1404 2801 1502 2839 Vlll.
1551 2802 1572 2839 4
1619 2805 1714 2839 tom.
1762 2803 1784 2840 2
1821 2814 1856 2852 p.
1889 2803 1949 2839 46.
1983 2813 2065 2852 seq.

1104 2867 1143 2901 et
1176 2864 1362 2913 Lagetum
1393 2864 1426 2911 a)
1459 2865 1494 2901 in
1542 2865 1846 2915 prolegomenis
1889 2864 1935 2902 ad
1969 2866 2068 2914 Ray-

1107 2925 1243 2964 mundi
1273 2926 1478 2965 Summam
1500 2956 1508 2972 .
1545 2926 1725 2978 Lugduni
1757 2939 1885 2978 nuper
1924 2929 2065 2967 iterum

1107 2988 1270 3026 editum.
1303 2989 1456 3039 Scripta
1490 2988 1584 3038 ejus
1614 2994 1732 3028 suut:

1161 3049 1271 3089 Libri
1297 3053 1333 3090 V.
1356 3055 1731 3101 eoestravayantmm
1758 3050 2040 3090 Decrelaliwn
2059 3085 2067 3095 ,

1107 3116 1127 3152 Ξι
1157 3114 1345 3164 Gregorio
1371 3115 1437 3152 lX.
1465 3114 1500 3159 b)
1527 3114 1730 3164 approbati
1757 3115 1800 3152 A.
1834 3115 1948 3153 4230.
1974 3128 2066 3165 pars

1106 3177 1212 3215 luris
1237 3177 1438 3221 Canonici‚
1461 3176 1497 3212 in
1514 3175 1630 3225 cujus
1649 3178 1823 3227 Corpore
1841 3180 1959 3215 toties
1976 3179 2035 3217 edi
2057 3211 2064 3219 .

1161 3318 1197 3356 b)
1227 3319 1421 3350 vincentius
1438 3318 1557 3349 Bellov.
1587 3318 1645 3351 lib.
1683 3321 1765 3352 vm.
1791 3321 1914 3359 speculi
1951 3321 2070 3354 ‹lorii-i-

1107 3369 1189 3400 uniis
1215 3377 1285 3408 rap.
1316 3369 1366 3400 40.
