2517 4009
832 239 1279 279 RAIMUNnUs

110 310 148 348 3.
179 308 410 360 Capistrum
439 304 714 353 Juclaeorum,
746 308 850 359 quod
893 322 1013 350 manu

56 376 265 411 exaratum
295 373 429 408 exstat
460 369 496 405 in
528 368 769 408 Bibliotheca
796 372 1018 410 Bononien-

57 435 89 471 si
111 463 120 481 ,
150 437 253 472 teste
281 430 465 472 Echardo
495 430 679 469 Biblioth.
725 431 810 470 ord.
840 433 1015 472 Praedic.

56 499 152 533 tom.
185 495 218 533 11
249 505 335 544 pag.
367 493 457 531 818.

109 557 323 596 Caeterum
341 553 390 592 de
408 553 481 592 hoc
505 555 742 605 Raymundo
763 562 886 607 agunt
907 569 1019 608 prae-

55 622 116 656 ter
139 617 344 664 Caveum,
376 618 603 667 Bosquetus
640 623 680 656 et
718 620 948 658 Maussatus
979 621 1017 658 in

53 678 377 729 Prolegomenis,
407 679 488 717 Nlo.
519 681 721 720 Antonius
753 683 790 719 iu
824 682 922 720 Bibl.
955 683 997 720 Hi

52 752 176 792 spana
207 741 291 779 Vet.
323 740 425 779 VIII.
457 742 478 778 6
525 753 561 778 n.
594 742 681 781 227.
714 754 798 793 seq.
845 743 1014 782 Wolfius

53 803 151 842 Bibl.
176 803 292 842 Hebr.
322 805 336 842 I
368 816 403 854 p.
439 804 554 842 1016.
582 805 790 843 Altamura
816 806 914 844 Bibl.
942 808 1019 844 Do-

52 866 251 904 minicana
276 877 362 916 pag.
389 866 450 904 58.
477 871 517 904 et
538 867 680 904 Noster
702 878 822 918 supra
854 873 950 906 tom.
978 870 1021 908 V.

52 938 91 978 p.
121 927 184 967 43.
213 928 306 977 quia
337 939 432 966 vero
474 928 536 967 hic
575 929 770 979 quaedam
799 930 1019 979 habentur,

51 999 154 1038 quae
184 991 371 1039 superius
393 1001 470 1028 non
497 995 660 1029 exstant
680 1020 687 1038 ‚
710 993 898 1030 Lectores
920 995 1017 1031 utri-

53 1061 365 1103 usque-operam
393 1056 584 1102 poterunt
609 1056 865 1103 conjungere.

106 1111 400 1152 RAIMUNDUS
424 1113 472 1151 de
496 1112 757 1162 Medullione,
781 1115 941 1163 Gallus,
967 1127 1016 1154 ex

53 1173 197 1212 illustri
214 1173 498 1214 Medullionum
516 1177 639 1226 stirpe
656 1177 692 1214 in
716 1178 921 1215 Provincia
944 1179 1018 1232 ori-

48 1233 207 1284 undus,
249 1235 401 1274 ordinis
447 1237 770 1277 praedicatorum
817 1250 854 1277 a.
898 1239 1014 1278 1264.

49 1295 299 1336 Praedicator
337 1299 562 1349 generalis,
588 1303 725 1349 postea
758 1301 1016 1339 Provincialis

49 1360 208 1409 socius,
233 1359 431 1398 Diffinitor
455 1360 541 1398 fuit.
574 1361 620 1399 A.
649 1362 764 1401 1281.
805 1367 1015 1402 assumtus

47 1425 110 1459 est
134 1422 357 1473 Episcopus
381 1422 672 1472 Vapincensis,
712 1435 749 1462 a.
788 1425 905 1463 4289.
942 1424 1016 1462 Ar-

46 1482 329 1536 chiepiscopus
352 1483 683 1533 Ebrudunensis,
709 1486 805 1524 obiit
829 1497 864 1524 a.
895 1485 998 1525 4294

45 1544 91 1595 Ej
101 1557 147 1584 us
171 1551 268 1586 sunt
292 1545 391 1584 Acta
416 1544 567 1597 Synocli
586 1546 777 1586 Reatinae
816 1547 857 1586 in
895 1545 1014 1586 Sabi-

45 1607 133 1657 nis,
158 1609 319 1647 Statuta
337 1618 413 1659 pro
437 1606 629 1657 reyimine
653 1607 843 1648 dioecesis
869 1609 1013 1660 Vapin-

48 1669 176 1708 censis
191 1701 202 1717 ‚
232 1670 334 1708 Acta
356 1668 508 1721 Synodi
521 1670 789 1721 provincialis
830 1669 1014 1708 Ebrudu-

45 1733 178 1771 nensis
198 1743 239 1770 a.
267 1733 380 1771 1290.
407 1743 510 1782 quae
540 1733 648 1772 edita
669 1739 764 1773 sunt
790 1745 810 1772 a
834 1735 1013 1773 Martene

46 1794 88 1829 et
107 1791 267 1830 {iurand
293 1796 389 1830 tom.
411 1792 461 1830 IV
488 1792 681 1832 Thesauri
711 1794 804 1831 novi
830 1792 1014 1831 Anecdo—

47 1857 193 1892 torum.
217 1853 316 1892 VIde
356 1853 436 1892 Jac.
474 1853 613 1899 Quetif
653 1854 702 1893 de
740 1854 1010 1905 Scriptoribus

45 1914 128 1954 ord.
154 1915 476 1955 Praedicatorum
503 1928 589 1967 pag.
616 1917 679 1954 68.
700 1916 812 1955 Adde
843 1916 1009 1955 Galliam

45 1977 315 2016 Christianam
338 1981 367 2014 t.
393 1978 406 2016 I
432 1990 467 2028 p.
491 1977 582 2018 1265.
609 1983 636 2016 t.
665 1980 714 2017 III
739 1990 775 2029 p.
801 1978 921 2018 1081.

98 2040 392 2079 RAIMUNDUS
432 2039 706 2079 Mithridates:
752 2040 863 2090 videi.
886 2051 1007 2091 supra

44 2105 142 2140 tom.
166 2102 209 2140 V.
234 2113 320 2152 pag.
348 2102 414 2141 79.

96 2157 389 2204 RAIMUNDUS
407 2165 457 2204 de
482 2164 678 2218 Musfoliis
694 2197 705 2214 ,
728 2165 975 2216 Mustoyiolis
991 2197 1002 2214 ,

43 2225 107 2263 vel
134 2225 183 2265 de
206 2226 493 2276 Moscuerolis,
520 2229 679 2266 natione
704 2228 855 2276 Gallus,
877 2229 1003 2278 patria

42 2287 285 2327 Rutenensis
300 2320 312 2338 ,
337 2301 386 2328 ex
410 2289 601 2328 Monacho
621 2295 662 2328 et
686 2291 818 2328 Priore
851 2288 1004 2328 Coeno-

40 2348 92 2387 bii
118 2350 158 2388 S.
181 2350 283 2388 Flori
307 2351 344 2388 in
369 2351 567 2390 Arvernia
584 2381 594 2398 ,
618 2351 867 2390 Benedictini
887 2351 1002 2390 Ordi-

43 2411 326 2460 nis,prirnum
367 2423 388 2450 a
423 2412 576 2451 Joanne
614 2415 722 2452 XXI.
748 2414 833 2453 aliis
871 2413 1001 2454 XXII.

44 2472 156 2510 Pont.
192 2473 293 2510 Max.
332 2473 557 2523 Episcopus
597 2475 823 2522 Florensis,
850 2481 935 2514 tum
963 2477 990 2514 S

43 2533 176 2582 Pauli,
202 2533 365 2572 demum
404 2535 618 2585 Presbyter
651 2536 877 2575 Cardinalis
908 2548 1001 2576 cum

42 2595 173 2634 Titulo
199 2596 238 2634 S.
265 2596 426 2635 Eusebii
451 2598 698 2636 constitutus
723 2599 904 2636 omnium
926 2599 1002 2648 pri-

44 2667 148 2704 mus,
165 2658 325 2707 scripsit
348 2658 506 2697 Statuta
524 2669 598 2709 pro
623 2658 802 2697 Ecclesia
827 2660 866 2697 S.
893 2658 1002 2696 Pau—

45 2715 98 2766 li,
124 2722 162 2756 et
184 2718 378 2758 Prioratu
400 2719 566 2771 Majoris
592 2719 806 2767 Ecclesiae,
830 2731 901 2759 nec
924 2731 1001 2758 non

42 2780 160 2831 Leqes
185 2780 361 2819 condidit
385 2793 455 2832 pro
481 2782 657 2821 Clericis.
701 2783 804 2820 Obiit
837 2783 941 2821 circa
965 2793 998 2820 a.

47 2842 161 2881 1336.
177 2842 332 2881 Oldoini
350 2842 600 2883 Athenaeum
616 2846 835 2883 Romanum
853 2856 889 2895 p.
908 2844 998 2883 575.

98 2904 391 2944 RAIMUNDUS
421 2903 636 2944 Oldovinus
654 2935 661 2953 ,
688 2907 972 2945 Cremonensis
990 2936 997 2954 ,

45 2966 172 3005 JCtus
208 2965 377 3004 celebris
399 2968 502 3006 circa
540 2979 573 3006 a.
611 2968 728 3007 4326.
769 2969 929 3019 scripsit
953 2967 999 3006 de

44 3026 292 3079 usufructu,
314 3027 360 3067 de
395 3027 640 3068 invaliditate
663 3030 934 3078 matrimonii,
958 3034 999 3068 et

47 3090 134 3129 alia.
161 3090 277 3128 Arisii
303 3090 498 3128 Cremona
524 3090 678 3130 literata
700 3096 726 3129 t.
748 3093 761 3129 1
789 3104 824 3141 p.
850 3093 938 3130 158.

99 3152 394 3191 ΒΑΙΜΠΝΒΗΞ
416 3150 462 3190 cle
479 3150 721 3204 Pennaforti,
738 3153 827 3191 vide
845 3155 886 3192 V.
905 3154 998 3193 213.

3 3258 6 3259 ⁷
96 3213 388 3253 RAIMUNDUS
414 3212 600 3261 peraudi,
627 3213 704 3251 vid.
724 3225 843 3265 supra
866 3214 998 3253 Guar-

43 3275 181 3314 censis.

101 3336 209 3377 Petri
245 3337 509 3385 RAIMUNDI,
541 3338 720 3376 monachi
762 3337 809 3374 «le
849 3339 994 3378 Clusa.

1976 240 2055 279 3125

1094 309 1317 351 Chronicon
1343 322 1471 362 usquc
1496 311 1542 350 ad
1569 323 1602 350 a.
1627 311 1744 350 1134.
1780 316 1844 349 est
1884 311 1921 349 in
1956 312 2054 350 Bibl.

1093 372 1296 411 Vaticana.
1319 372 1437 411 Bern.
1453 373 1502 411 de
1522 373 1772 412 Montfaucon
1795 372 1892 411 Bibl.
1917 373 2059 412 Biblio-

1095 433 1302 473 thecarum
1329 436 1438 475 MSS.
1466 447 1502 485 p.
1529 436 1590 474 17.

1150 496 1445 536 RAIMUNDUS
1461 496 1508 535 de
1528 496 1664 547 Podio,
1690 498 1782 537 vide
1807 510 1926 550 supra
1951 500 2054 550 Ray-

1095 556 1268 596 mundus
1294 557 1341 596 (le
1364 556 1514 609 Aqeles.

1150 618 1442 658 RAIMUIN'DUS
1459 619 1504 660 de
1529 622 1647 660 Ponte
1662 653 1672 670 ,
1695 623 1732 660 in
1751 622 1970 674 Aragoniae
1995 634 2055 661 re-

1097 691 1174 730 gno
1211 684 1250 718 et
1290 681 1410 730 Fraga
1452 684 1666 733 municipio
1704 688 1847 731 natus,
1879 686 2052 734 prImum

1097 740 1270 779 Auditor
1289 742 1409 780 Rotae
1435 743 1633 782 Romanae
1651 775 1662 792 ,
1687 749 1726 782 et
1751 746 1946 784 Marchiae
1974 746 2054 784 An-

1098 805 1306 842 conitanae
1330 802 1608 851 Gubernator,
1646 805 1735 844 dein
1766 808 1882 857 Regis
1906 808 2053 859 Arago-

1099 866 1185 903 niae
1208 865 1478 905 Cancellarius
1493 897 1505 915 ‚
1527 872 1566 905 et
1583 867 1630 906 ab
1646 879 1680 906 a.
1699 869 1812 907 4288.
1830 870 2052 920 Episcopus

1100 927 1350 966 Valentinus.
1366 928 1411 966 A.
1429 929 1543 967 1303,
1562 929 1740 968 ordinem
1757 931 1921 969 fratrum
1938 933 2052 971 Prae-

1095 989 1316 1028 dicatorum
1344 991 1550 1042 ingressus
1572 997 1646 1030 est.
1674 993 1858 1031 Interfuit
1876 993 2049 1031 Concilio

1097 1051 1312 1089 Viennensi
1338 1062 1372 1089 a.
1401 1052 1514 1091 1312.
1537 1057 1576 1090 et
1601 1053 1695 1091 obiit
1718 1054 1755 1090 in
1790 1054 1886 1092 urbe
1910 1055 2050 1092 Tarra-

1094 1114 1256 1151 conensi
1273 1125 1308 1152 a.
1333 1113 1450 1153 1313.
1473 1125 1564 1153 cum
1583 1114 1771 1165 Synodus
1795 1115 2049 1165 provincialis

1096 1174 1238 1213 ibidem
1254 1176 1478 1215 haberetur.
1491 1177 1658 1227 Scripsit
1674 1175 1820 1215 librum
1841 1176 1887 1215 de
1896 1176 2046 1215 Sacra-

1094 1236 1245 1274 mentis.
1287 1236 1370 1275 Nic.
1410 1236 1609 1277 Antonius
1645 1239 1742 1277 Bibl.
1767 1240 1938 1289 Hispana
1962 1239 2050 1276 Vet.

1094 1296 1158 1335 IX.
1195 1299 1233 1336 2.
1269 1311 1307 1337 n.
1344 1299 1407 1337 63.
1433 1300 1498 1338 64.
1520 1300 1657 1345 Quetif
1678 1300 1726 1338 de
1751 1301 1940 1350 Scriptor.
1963 1299 2047 1338 ord.

1097 1359 1418 1398 Praedicatorum
1446 1372 1532 1410 pag.
1557 1362 1648 1400 519.

1146 1420 1443 1461 RAIMUNDUS
1472 1422 1691 1474 Riyalclus‚
1725 1423 1814 1461 vide
1846 1425 1945 1462 infra
1981 1425 2048 1462 RI—

1089 1482 1308 1522 GAUDUS.

1143 1545 1438 1585 RAIMUNDUS
1461 1546 1510 1585 de
1534 1546 1748 1598 Saliynas,
1784 1548 1908 1597 (forte
1943 1546 2047 1587 Sali-

1087 1618 1191 1658 9nac
1207 1609 1216 1656 >
1233 1609 1419 1647 Decanus
1441 1610 1675 1647 Parisiensis
1694 1613 1734 1647 et
1758 1608 1926 1647 Auditor
1946 1610 2047 1647 sacri

1094 1669 1228 1707 Palatii
1247 1669 1475 1720 Apostolici.
1492 1670 1592 1720 Ejus
1609 1676 1729 1720 sunt,
1749 1671 1879 1711 Casus
1893 1669 1990 1710 libri
2009 1672 2047 1710 V.

1090 1730 1358 1769 Decretalium
1383 1733 1493 1771 MSS.
1520 1735 1557 1770 in
1584 1734 1681 1772 Bibl.
1715 1735 1910 1784 Lipsiensi
1950 1735 2051 1772 Aca—

1091 1793 1247 1831 demiae
1270 1794 1444 1832 Paulina.
1469 1795 1567 1834 Vide
1583 1796 1720 1834 Felleri
1748 1796 1870 1835 Catal.
1893 1808 1929 1846 p.
1958 1796 2045 1834 425.

1141 1855 1433 1896 RAIMUNDUS
1456 1855 1654 1906 Sebunda,
1670 1856 1856 1905 Sebonde,
1890 1855 2046 1896 Sabun—

1089 1916 1154 1963 de,
1179 1915 1369 1966 Sebeicle,
1393 1917 1701 1967 Sant-Sebeide,
1724 1922 1761 1957 et
1780 1917 1932 1967 sebon,
1959 1921 2045 1958 His-

1084 1990 1240 2029 panus,
1280 1980 1466 2029 Artium,
1496 1981 1712 2020 Medicinae
1743 1985 1779 2019 et
1810 1981 2043 2031 Theologiae

1083 2042 1255 2091 Doctor,
1285 2043 1449 2081 Tolosae
1474 2042 1608 2082 docuit
1630 2045 1732 2081 circa
1758 2055 1792 2081 a.
1829 2044 1941 2082 1436.
1978 2044 2039 2081 An

1082 2104 1324 2143 Ex-Judaeis
1340 2104 1667 2144 adnumerandus
1691 2107 1755 2153 sit,
1780 2104 1976 2155 disquirit,
2001 2110 2041 2142 et

1081 2171 1188 2204 recte
1215 2172 1333 2216 negat
1359 2168 1529 2207 Wolfius
1549 2167 1777 2207 Bibl.IIebr.
1800 2168 1864 2205 III.
1890 2179 1926 2218 p.
1952 2168 2042 2206 991.

1077 2228 1179 2277 EJ'us
1203 2228 1423 2268 habemus:

1136 2291 1170 2328 1.
1201 2290 1498 2330 Creaturarum
1520 2292 1604 2331 sive
1628 2291 1674 2330 ale
1694 2291 1847 2330 homine
1866 2293 2010 2331 librum
2030 2322 2038 2339 ,

1080 2364 1200 2402 quem
1235 2353 1297 2391 alii
1341 2353 1586 2403 leeoloyiam
1618 2353 1844 2391 naturalem
1875 2360 2034 2392 vocant.

1078 2414 1209 2452 Editio
1231 2414 1320 2464 ejus
1350 2416 1514 2465 antiqua
1539 2420 1673 2453 exstat
1700 2416 1734 2453 4.
1760 2416 1844 2452 sine
1869 2425 1973 2453 anno
1999 2420 2040 2452 et

1081 2476 1164 2514 loco
1183 2505 1190 2523 ,
1210 2477 1285 2515 alia
1319 2478 1405 2515 sine
1431 2477 1514 2516 loco
1541 2477 1655 2516 1487.
1683 2477 1745 2514 fol.
1771 2477 2036 2514 Daventrien-

1084 2548 1168 2575 sem
1203 2539 1238 2575 in
1275 2538 1364 2576 folio
1397 2544 1592 2577 memorat
1622 2538 1878 2576 Whartonus.
1916 2537 2036 2575 Porro

1081 2599 1226 2649 prodiit
1251 2600 1416 2650 Argent.
1447 2600 1560 2639 1496.
1580 2601 1602 2637 f.
1630 2601 1751 2638 Paris.
1777 2599 1891 2638 1509.
1912 2599 2033 2649 Lugd.

1080 2660 1194 2699 1510.
1222 2662 1258 2699 8.
1284 2662 1422 2700 Venet.
1449 2662 1565 2701 1581.
1591 2663 1626 2699 8.
1653 2661 1831 2700 Francos.
1861 2661 1974 2700 1631.
1997 2662 2034 2699 8.

1078 2722 1248 2760 Anistel.
1277 2724 1393 2762 1661.

1132 2785 1267 2822 Vei-sio
1305 2785 1453 2824 Gallica
1494 2785 1638 2836 prodiit
1681 2785 1754 2823 hoc
1792 2784 1936 2823 titulo:
1976 2785 2033 2823 La

1080 2844 1278 2897 leeoloyie
1301 2845 1499 2885 naturelle
1524 2846 1570 2886 de
1596 2848 1638 2885 D.
1651 2849 1789 2899 Raym.
1815 2847 1942 2885 Sebon
1963 2848 2035 2884 mi-

1074 2918 1117 2946 se
1143 2919 1189 2946 en
1215 2909 1405 2948 Francois
1422 2921 1503 2961 par
1522 2909 1627 2948 Mad.
1652 2911 1800 2948 Leonor
1837 2911 1963 2960 Reyne
1987 2907 2033 2947 de

1075 2970 1258 3017 France,
1285 2973 1392 3010 Paris
1421 2973 1535 3010 1551.
1554 2973 1591 3010 1.
1609 2973 1734 3011 Huius
1751 2971 1836 3009 libri
1856 2982 1931 3009 non
1952 2982 2033 3009 me-

1081 3033 1196 3070 minit
1220 3034 1359 3072 Franc.
1391 3034 1695 3080 Crucimanius,
1735 3033 1861 3072 adfuit
1897 3038 2030 3072 tamen

1075 3095 1229 3145 Lipsiae
1255 3106 1290 3134 a.
1315 3096 1416 3134 1739
1445 3097 1479 3133 in
1505 3097 1688 3134 auctione
1711 3096 1878 3145 publica.
1902 3095 2029 3135 Aliam

1071 3156 1251 3194 eiusdem
1277 3158 1369 3195 anni
1396 3162 1589 3195 memorat
1609 3159 1841 3196 Maittairius
1858 3159 2032 3198 tomoIII

1072 3217 1215 3256 Annal.
1242 3230 1328 3268 pag.
1354 3219 1442 3256 600.
1466 3219 1538 3257 hoc
1564 3219 1696 3257 titulo:
1726 3221 1776 3258 La
1796 3219 2030 3272 Theologiae

1074 3278 1268 3317 naturelle
1286 3279 1334 3316 de
1355 3281 1434 3330 Ray
1443 3280 1531 3318 mod
1548 3280 1691 3319 second
1704 3282 1814 3330 (sorte
1831 3293 1880 3320 cx
1897 3294 2030 3323 errore

1074 3340 1306 3391 typographi
1335 3354 1402 3391 pro
1439 3340 1604 3387 Sohund}
1639 3343 1832 3395 comprisc
1865 3355 1911 3382 en
1946 3349 2030 3396 sept

1651 3425 1721 3461 lli-'5
