2533 4009
487 243 561 282 2323

481 315 575 352 masi
609 312 727 349 liabeo
759 309 792 343 in
826 305 899 342 MS.
931 302 1022 339 Cod.
1044 301 1250 338 chartaceo
1275 309 1324 336 ex
1354 297 1429 335 alio

480 372 685 423 antiquiori
717 367 926 413 descripto,
951 363 1015 412 qui
1038 366 1123 399 crat
1146 361 1238 398 olim
1263 360 1308 397 D.
1331 360 1429 397 Mar—

479 440 510 473 ci
546 436 669 484 {ipiso
716 425 934 466 l‘reucstini
966 423 1002 460 S.
1035 424 1077 461 R.
1107 423 1151 461 E.
1183 420 1427 468 cardinalis,

478 500 541 546 qui
572 497 673 532 circa
703 501 763 528 an.
797 486 897 526 4490
943 484 1122 523 florebat.
1161 483 1265 522 Sunt
1293 486 1427 520 autem

479 560 628 597 ζωὴν
674 553 797 588 instar
840 558 1001 594 earum,
1046 557 1122 596 que
1167 544 1428 584 Clementinis

479 599 785 664 adscribuntur,
817 611 853 648 in
886 610 1031 660 quibus
1058 606 1273 646 identidem
1318 606 1426 644 Rom.

479 679 595 716 ituria
628 674 846 713 mordetur.
874 671 1034 711 Damasi
1067 670 1282 708 chronicon
1313 678 1428 706 voca-

478 747 540 778 tur
585 749 659 775 non
705 733 980 774 tantummodo
1027 731 1266 770 pontificatis
1304 728 1427 775 liber,

478 803 541 851 qni
566 800 760 838 Anastasii
785 798 903 848 vulgo
928 796 1084 841 dicitur,
1103 793 1171 832 sed
1198 797 1237 830 et.
1260 802 1430 842 sequen-

479 866 574 901 tium
609 862 842 900 Pontificum
882 858 1092 897 subiuncta
1136 867 1155 894 a
1202 853 1430 903 pandulpbo

479 928 618 963 Pisano
635 924 795 962 historia
814 953 824 969 ,
843 932 944 971 quae
965 930 1055 958 cum
1078 918 1247 957 Callixto
1273 916 1319 953 ll.
1341 925 1433 953 con-

479 986 665 1025 cluditur.
690 985 800 1034 Opus
830 993 947 1021 snum
979 981 1173 1027 glossator
1213 979 1287 1016 iste
1329 976 1434 1015 dicat

482 1048 624 1089 carolo
661 1050 668 1096 ζ
687 1048 798 1093 Vlll)
832 1046 1080 1082 Francorum
1124 1040 1228 1092 Reffl'.
1274 1039 1434 1090 Augeat

479 1111 626 1149 codicis
658 1110 777 1147 huius
809 1107 999 1146 Lucensis
1030 1105 1231 1155 (pertinet
1255 1102 1360 1140 enim
1385 1099 1433 1139 ad

482 1174 578 1211 Bibl.
606 1173 828 1210 canonicor.
845 1169 976 1207 Maior.
1001 1166 1203 1206 Ecclesiae
1229 1162 1433 1209 Lucensis)

482 1238 675 1287 praetium
719 1243 830 1271 rarae
858 1228 1052 1281 quaedam
1089 1227 1367 1267 annotationes
1397 1225 1433 1260 in

483 1304 661 1336 extremo
691 1294 934 1346 pagellarum
963 1289 1228 1342 quarumdam
1262 1287 1437 1337 margine

485 1361 706 1410 descriptae
723 1370 770 1395 cx
803 1358 885 1406 ipsa
907 1355 960 1393 Pii
983 1354 1046 1392 lll.
1074 1357 1168 1391 tunc
1192 1350 1322 1389 adbuc
1346 1349 1439 1387 Car-

487 1423 628 1462 ‹iinalis
659 1431 778 1459 manu
798 1448 805 1465 ,
827 1417 931 1468 quod
962 1416 1123 1454 Felinus
1152 1413 1298 1452 codicis
1320 1411 1438 1449 huius

485 1486 575 1523 oiim
598 1492 803 1534 possessor
820 1480 957 1518 scdulo
978 1477 1183 1517 admonuit
1204 1479 1296 1513 ante
1319 1483 1438 1512 uuam

489 1549 659 1597 aliquam
704 1556 751 1582 cx
785 1543 859 1581 illis
889 1541 1091 1581 scribens:
1139 1536 1285 1576 Postila
1319 1544 1440 1572 manu

487 1609 651 1663 propria
682 1607 723 1644 F.
757 1604 876 1645 card.
904 1603 1096 1643 Senensis.
1124 1601 1196 1639 llis
1227 1601 1264 1637 in
1297 1598 1439 1649 glossis

490 1674 647 1711 historia
694 1668 888 1720 quaedam
934 1665 1136 1704 interserit
1179 1661 1348 1707 author,
1393 1663 1437 1697 ut

493 1734 583 1773 illud
615 1733 662 1771 de
692 1731 844 1770 Nicolao
889 1728 951 1767 lV.
994 1727 1066 1778 qui
1091 1723 1281 1763 concessit
1307 1720 1439 1761 cardi-

493 1795 646 1835 nalitus
679 1793 926 1831 medietatem
953 1796 1215 1840 proventuum
1235 1787 1343 1825 Rom.
1369 1783 1445 1822 Ec-

492 1858 632 1898 clesiae
661 1859 699 1894 et
722 1853 826 1893 dedit
867 1853 922 1891 eis
967 1850 1169 1890 licentiam
1197 1846 1330 1887 utendi
1371 1845 1446 1885 Ca-

491 1919 603 1972 pellis
632 1916 782 1956 rubeis.
811 1916 949 1954 Glossa
981 1914 1027 1953 ad
1061 1915 1132 1951 vit.
1162 1913 1279 1950 Leon.
1310 1909 1376 1948 111.
1406 1920 1439 1958 p.

493 1984 581 2022 ⁹200.
606 1982 716 2031 Opus
736 1979 809 2017 hoc
831 1978 952 2016 Bocrii
975 1976 1121 2014 desinit
1142 1975 1182 2012 in
1205 1974 1372 2012 Honorio
1392 1972 1441 2009 11.

549 2041 746 2082 PETRUS
761 2042 958 2090 Bonayera
973 2037 1107 2078 Ordin.
1130 2037 1263 2075 Minor.
1285 2036 1321 2072 in
1349 2035 1444 2073 Ara-

498 2108 608 2153 aonia
644 2104 825 2154 dogmata
869 2100 1061 2152 quaedam
1101 2110 1190 2138 cum
1222 2095 1445 2136 Transsub-

498 2167 748 2207 stantiationc
788 2175 863 2202 non
901 2161 1143 2201 concilianda
1178 2160 1444 2198 disseminans

500 2240 661 2277 eravcm
692 2236 902 2265 censuram
930 2225 1094 2262 incurrit
1130 2222 1347 2261 Clementis
1379 2220 1444 2258 Vl.

499 2303 600 2342 quae
618 2289 705 2327 vide
717 2287 817 2339 apud
837 2287 1026 2325 Bzovium
1044 2285 1092 2323 ad
1109 2284 1154 2323 A.
1172 2283 1265 2323 4374
1288 2294 1326 2320 n.
1342 2282 1446 2321 Xlll.

557 2352 747 2391 PETRUS
771 2351 964 2388 Bonomus
977 2347 1246 2397 Tergestinus,
1266 2345 1449 2395 Imperia-

503 2417 549 2453 lis
578 2414 689 2453 aulae
716 2412 1002 2463 protonotarius
1018 2442 1026 2457 ,
1043 2411 1246 2459 superstes
1262 2407 1389 2445 adhuc
1406 2406 1451 2444 Α.

507 2476 615 2515 ¹497».
634 2480 735 2514 teste
751 2474 966 2513 Tritbemio
983 2483 1015 2511 c.
1037 2472 1126 2510 923.
1150 2470 1212 2509 ubi
1229 2468 1315 2519 ejus
1332 2467 1452 2506 libros

505 2539 828 2590 Epirstummaton
850 2541 968 2586 atque
998 2532 1195 2585 Epistolas
1214 2531 1398 2570 celebrat.

558 2600 750 2640 PETRUS
763 2595 1040 2636 Brunichellus
1051 2597 1135 2634 sive
1151 2591 1450 2644 eBrum'quello,

507 2664 668 2708 Callus,
694 2662 1034 2711 Augustinianus,
1059 2658 1280 2709 Episcopus
1304 2656 1451 2694 Civita-

506 2727 556 2764 tis
586 2726 715 2764 Novae
748 2725 784 2760 in
818 2723 924 2761 Latio
953 2721 1026 2760 An.
1060 2721 1154 2759 4344
1191 2719 1238 2758 ad
1261 2718 1376 2758 4328.
1404 2717 1451 2755 dc

506 2800 583 2839 quo
613 2786 801 2837 Ugbcllus
826 2789 918 2822 tom.
943 2784 992 2821 X.
1019 2795 1053 2833 p.
1081 2783 1130 2820 68
1154 2787 1273 2831 atque
1296 2781 1451 2819 Elssius

508 2853 545 2887 in
571 2847 848 2887 encomiastico
869 2845 1162 2895 Ans-justiniano
1186 2855 1270 2893 pag.
1294 2843 1368 2880 562
1385 2843 1450 2892 qui

511 2915 665 2965 praeter
689 2907 1028 2948 Commentarium
1057 2905 1095 2943 in
1120 2902 1355 2950 Proverbia,
1380 2903 1453 2940 Ec-

510 2973 714 3012 clesiasten
728 2976 768 3009 et
785 2968 949 3009 Cantica
968 2967 1233 3013 Canlicorum,
1256 2965 1453 3013 librosque

511 3036 605 3072 alios
622 3035 829 3084 plerosque
843 3032 877 3070 S.
892 3031 1116 3080 Scripturae
1129 3025 1456 3077 (Lecturasscho-

514 3095 683 3142 Insciens,
709 3095 778 3132 sibi
807 3105 880 3132 non
908 3094 1015 3130 visas
1036 3096 1165 3129 tamen
1186 3094 1299 3128 vocat
1319 3088 1454 3127 Sixtus

517 3157 704 3193 Senensis
724 3156 788 3194 lib.
811 3157 844 3193 4.
870 3155 965 3194 Bibl.
991 3155 1028 3192 S.
1052 3164 1137 3204 pag.
1161 3152 1248 3190 361.
1275 3150 1314 3187 in
1337 3153 1455 3187 totam

517 3216 692 3263 nimiam,
717 3222 756 3254 ct
779 3217 819 3255 in
840 3218 902 3255 IV.
928 3215 1049 3255 libros
1085 3214 1375 3255 Sententiarum
1400 3217 1456 3248 te-

520 3282 645 3314 statur
685 3280 887 3327 scripsisse
914 3281 948 3316 in
975 3280 1138 3329 gratiam
1163 3275 1382 3316 cardinalis
1406 3273 1454 3311 (lc

522 3340 739 3387 ltrngaxio,
772 3340 937 3377 Lea-icon
964 3339 1163 3379 Bz‘blz'cum.

1326 226 1612 265 PETRUS

1556 296 1748 334 PETRUS
1766 296 1912 335 Brut-us
1931 297 2120 343 Venetus,
2137 296 2357 346 Episcopus
2372 295 2444 334 Ca-

1503 357 1702 396 tharensis
1726 358 1762 394 in
1789 358 2000 406 Dalmatia,
2024 358 2181 410 scripsit
2211 357 2362 396 librum’
2382 357 2445 396 Vi-

1501 419 1647 457 ctoriae
1675 416 1869 456 adversus
1915 418 2088 458 Judaeos
2128 418 2278 458 editum
2307 418 2446 457 Vican-

1502 482 1578 519 tiae
1604 480 1705 518 4489
1731 479 1793 516 foi.
1812 479 1961 518 Laudat
1985 480 2229 520 Trithemius
2251 489 2336 530 cap.
2356 479 2446 518 894.

1501 540 1597 579 Vide
1609 540 1865 579 etColomesii
1878 539 2276 580 ltaliamOrientalem
2292 551 2328 590 p.
2345 538 2370 578 7
2385 550 2445 590 sq.

1555 602 1574 624 ³*
1605 602 1747 640 Petrus
1771 601 1826 638 De
1848 600 1984 639 Brutis
2004 602 2094 652 (nou
2113 602 2275 651 Brutus)
2298 607 2341 641 ut
2363 602 2448 652 ipse
2518 600 2519 603 ’

1503 675 1545 702 se
1573 663 1743 714 appellat
1774 663 1810 700 in
1841 663 2004 712 epistola
2034 663 2081 702 ad
2099 663 2314 703 Oliverium
2339 661 2448 702 Arzi-

1502 735 1745 775 gnanensem
1764 723 1936 774 praefixa
1958 726 2250 764 commentariis
2273 723 2452 765 eiusdem

1503 787 1665 826 Oliverii
1711 787 1748 824 in
1794 786 1991 824 Valerium
2037 786 2250 826 Maximum
2293 788 2330 825 in
2360 785 2455 825 edit.

1505 851 1652 887 Veneta
1683 849 1756 887 An.
1790 848 1906 888 4494.
1949 846 2076 886 eidem
2106 847 2155 886 ab
2196 845 2371 888 Authore
2399 847 2456 886 di-

1505 911 1604 950 catis
1623 924 1630 948 :
1657 911 1816 961 scripsit
1839 914 1995 961 praeter
2009 909 2214 959 epistolam
2237 909 2354 958 illam,
2378 920 2455 960 qua

1505 973 1678 1011 Olivcrio
1710 971 1940 1022 respondet,
1967 971 2202 1022 opusculum
2233 969 2281 1010 de
2314 971 2458 1010 virtute

1509 1032 1789 1085 amplectenda,
1817 1034 1932 1072 cuius
1961 1034 2045 1084 ipse
2073 1033 2110 1071 in
2141 1033 2278 1073 eadem
2295 1034 2459 1085 epistola

1512 1096 1705 1135 meminit.
1737 1095 1758 1117 *ἓ

1565 1156 1758 1197 PETRUS
1781 1156 1827 1196 de
1850 1155 2068 1206 Bruxellis,
2092 1155 2208 1207 cujus
2234 1157 2461 1197 Orationem
2515 1175 2521 1186 ν

1511 1220 1559 1259 de
1582 1220 1768 1271 perieulis
1789 1220 1962 1270 corrupti
1985 1219 2101 1268 Cleri,
2118 1215 2222 1270 quod
2239 1217 2462 1271 Cleruspa-

1514 1282 1632 1321 tiecur
1669 1280 1912 1330 notabiliter,
1937 1280 2061 1320 edidit
2096 1280 2463 1320 Clariss.}lerman-

1515 1355 1591 1383 nus
1613 1344 1661 1382 ab
1693 1343 1815 1382 Hardt
1838 1348 1933 1382 tom.
1966 1345 2000 1383 4.
2036 1342 2126 1399 hist.
2162 1342 2325 1381 Concilii
2362 1343 2463 1382 Con-

1514 1407 1774 1453 stantieusis‚
1798 1396 1881 1443 ¹non
1912 1405 2098 1444 diversus
2136 1405 2230 1444 mihi
2262 1403 2419 1444 videtur
2441 1406 2462 1444 a

1514 1469 1676 1508 PETRO
1701 1467 1882 1516 Pistoris,
1903 1468 1952 1507 de
1968 1478 2047 1519 quo
2063 1467 2175 1506 infra.
2197 1466 2308 1506 Alius
2324 1468 2464 1506 Petrus

1513 1530 1701 1570 Crockart
1725 1529 1773 1568 de
1790 1530 1999 1578 Bruxellis,
2016 1528 2212 1580 etjunior,
2228 1528 2311 1568 ord.
2329 1528 2462 1568 Praed.

1514 1592 1729 1631 defunctus
1751 1591 1982 1630 Machliniae
2006 1590 2051 1629 A.
2076 1591 2179 1630 4544
2208 1590 2257 1630 de
2282 1601 2362 1642 quo
2384 1591 2462 1630 Jac.

1515 1653 1723 1693 Echaidus
1744 1659 1838 1691 tom.
1865 1653 1901 1692 2.
1929 1664 2015 1704 pag.
2038 1653 2100 1692 29.
2127 1663 2211 1703 seq.

1571 1716 1763 1755 PETRUS
1787 1714 1833 1754 de
1855 1716 1989 1767 Bruye
2008 1745 2016 1764 ,
2042 1714 2310 1754 Narbonensis
2329 1715 2466 1755 Gallus

1515 1780 1595 1829 jam
1620 1783 1713 1817 ante
1734 1778 1806 1816 An.
1836 1778 1950 1817 4449.
1975 1777 2103 1827 coepit
2140 1776 2324 1828 dogmata
2359 1787 2469 1828 spar-

1521 1851 1610 1891 gere
1632 1840 1680 1878 ob
1696 1850 1798 1890 quae
1823 1850 1891 1890 per
1913 1839 2050 1889 viginti
2075 1838 2155 1877 fere
2173 1849 2299 1878 annos
2321 1843 2407 1878 sata
2427 1845 2468 1878 et

1515 1907 1656 1950 aucta,
1690 1912 1781 1952 rogo
1819 1899 1925 1952 apud
1964 1901 2003 1939 S.
2031 1899 2232 1951 AEgidium
2258 1900 2467 1953 impositus

1516 1969 1578 2003 est
1620 1968 1724 2002 teste
1755 1965 1868 2002 Petro
1905 1964 2083 2002 Mauritio
2118 1963 2294 2014 Epistola
2331 1967 2468 2002 contra

1518 2026 1843 2065 l‘etrobrusianos
1867 2036 1954 2076 pag.
1973 2025 2075 2065 4449
2097 2024 2193 2063 Bibl.
2216 2024 2467 2065 Cluniacens.
2502 2064 2506 2077 ·

1517 2092 1556 2125 et
1581 2091 1676 2124 tom.
1697 2086 1825 2124 XXll.
1844 2085 1942 2123 Bibl.
1967 2086 2126 2123 Patrum
2149 2084 2274 2136 Lugd.
2295 2095 2331 2135 p.
2354 2084 2469 2125 ⁴031».

1518 2151 1573 2187 De
1599 2149 1661 2187 illo
1687 2153 1842 2199 praeter
1866 2146 2081 2186 Annalium
2105 2146 2357 2198 conditores,
2377 2148 2474 2186 scri-

1521 2215 1732 2261 ptoresque
1757 2209 1804 2248 de
1831 2209 2064 2248 haeresibus
2083 2237 2091 2258 ,
2111 2209 2382 2248 consulendus
2397 2211 2474 2249 Ma-
2512 2213 2515 2218 ⁴

1521 2273 1706 2311 billonius
1732 2271 1943 2323 prolegom.
1969 2270 2017 2310 ad
2043 2270 2082 2309 S.
2120 2269 2308 2309 Bernardi
2345 2271 2473 2322 Opera
2515 2260 2519 2265 ‘

1524 2336 1557 2386 g.
1583 2336 1645 2373 67.
1667 2345 1749 2384 seq.
1775 2338 1815 2371 et
1832 2335 1928 2384 Mag.
1955 2333 2150 2372 llenricus
2175 2331 2334 2380 llecker,
2358 2335 2474 2373 Ham-

1524 2397 1733 2447 burgensis
1750 2397 1786 2434 in
1804 2395 1901 2433 diss.
1918 2395 1965 2433 de
1983 2394 2305 2434 Petrobrusianis·
2319 2399 2360 2434 et
2374 2396 2477 2435 Hen-

1525 2458 1872 2506 ricianis,tcstibus
1882 2458 2082 2503 Veritatis,
2095 2457 2199 2496 edita
2210 2452 2312 2508 Lips.
2325 2458 2420 2499 4724
2437 2458 2474 2498 [ι.

1579 2521 1770 2560 PETRUS
1806 2519 1852 2559 de
1892 2518 2129 2569 Buclcmioe,
2154 2523 2273 2559 notus
2310 2531 2360 2559 ex
2392 2521 2476 2562 Ro-
2516 2551 2519 2553 Α

1524 2584 1670 2622 BERTI
1697 2583 1745 2622 de
1771 2583 1914 2622 Sancto
1933 2582 2158 2628 Valentino,
2181 2581 2316 2620 Ordin.
2343 2583 2476 2622 Praed.
2526 2614 2527 2626 2

1529 2646 1779 2696 Inquisitoris
1797 2644 2003 2683 Generalis
2018 2643 2128 2682 Actis
2144 2642 2340 2684 adversus
2354 2655 2479 2695 quen-

1525 2708 1615 2746 dam
1644 2710 1800 2747 Petrum
1822 2707 1871 2745 de
1893 2706 2127 2751 Buclanico,
2148 2703 2477 2757 Archipresbyte—

1526 2782 1612 2809 rum
1641 2771 1837 2820 relapsum
1863 2769 1966 2806 circa
1991 2767 2063 2805 An.
2099 2767 2214 2806 4308.
2242 2765 2339 2806 Vide
2367 2769 2478 2808 Jaco-

1528 2832 1622 2871 bum
1644 2831 1788 2877 Quetif.
1821 2837 1915 2869 tom.
1942 2831 1975 2868 4.
2003 2819 2088 2880 pag:
2114 2829 2202 2868 539.

1580 2894 1769 2932 PETRUS
1794 2893 1953 2930 Burrus
1980 2892 2222 2942 Brugensis,
2252 2891 2476 2932 Canonicus

1528 2956 1748 2995 Ambianus
1783 2955 2000 2994 defunctus
2035 2954 2109 2993 An.
2145 2954 2260 2993 4507.
2298 2954 2475 2993 aen-75.

1531 3020 1644 3056 Poeta
1666 3019 1813 3068 lyricus
1829 3018 2000 3056 eximius
2019 3046 2027 3058 .
2045 3015 2093 3054 de
2112 3027 2195 3067 quo·
2212 3016 2411 3067 appendix
2427 3016 2475 3056 ad
2507 3038 2513 3047 ·

1529 3081 1787 3119 Tritliemium
1804 3080 1852 3118 de
1875 3080 1913 3119 S.
1935 3080 1979 3118 F..
2004 3089 2088 3130 cap.
2117 3079 2175 3117 44.
2197 3079 2378 3118 Valerius
2397 3077 2478 3117 An-

1529 3143 1644 3182 dreas
1669 3154 1755 3194 pag.
1784 3141 1874 3182 726.
1913 3153 1996 3192 seq.
2023 3141 2294 3188 Possevinu5‚
2319 3140 2477 3179 Sweer-
2511 3175 2515 3182 ,

1527 3208 1608 3244 tius
1633 3217 1717 3256 pag.
1743 3206 1830 3243 604.
1857 3202 2142 3244 llcndreichius
2166 3213 2251 3254 pag.
2273 3201 2362 3241 802.
2383 3213 2477 3253 pan-

1530 3268 1631 3306 dect.
1660 3267 1955 3317 lli-andenburg.
1972 3264 2166 3304 Robertus
2180 3264 2322 3304 Gerius
2337 3264 2385 3304 ad
2405 3263 2476 3304 Ca-
2504 3293 2513 3317 .

1531 3344 1662 3371 VOUffl.
