2533 4009
477 280 528 320 '⁴0
1023 256 1027 257 ⁷
1325 279 1364 318 M
1387 279 1571 318 ASCA

478 350 636 390 46404.
655 352 703 389 Et-
720 350 765 388 de
789 348 1005 387 humilitate
1025 352 1061 386 et
1083 348 1129 387 (le
1142 348 1271 400 yloria
1288 351 1415 390 CHri-

472 414 547 461 sti,
576 415 709 451 Yenct.
745 412 859 450 4596.
891 412 924 448 4.
954 411 1126 462 josepho
1155 411 1332 450 Alchaini
1364 415 1419 450 in-

478 480 665 526 terprctc.

527 537 545 557 ¹⁸
575 537 688 574 Anno
719 534 833 573 4540.
865 533 911 572 ad
942 534 1132 573 'rhomam
1162 536 1324 585 Nigrum
1355 547 1417 574 ca-

472 599 654 636 nonicum
686 601 725 633 et
760 595 1104 646 Archipresbyter.
1143 597 1416 648 Spalatensem

473 652 593 696 mittit
610 655 797 695 Libellum
811 655 1099 709 parabolarum
1116 659 1283 708 L.'quem
1299 670 1418 698 excu-

470 732 557 759 sum
590 720 712 758 habco
744 722 779 758 in
811 722 849 759 8.
878 722 1039 759 Venetis
1062 720 1196 759 formis
1222 722 1417 759 Laurentii

471 782 519 819 de
541 783 653 820 Rosis
673 782 867 820 Tarvisini
890 794 992 821 anno
1014 785 1186 828 incerto,
1207 783 1419 821 editionem

469 849 634 883 curante
679 846 886 883 Francisco
930 847 1096 884 Lucensi
1141 847 1206 894 qui
1242 846 1418 883 omnium

468 906 603 945 Marnli
634 917 797 957 operum
819 906 1036 945 editionem
1061 907 1181 944 dedit.
1208 907 1356 944 Habere
1378 917 1420 944 se

471 974 650 1019 paratum
681 970 849 1007 alterum
881 980 1043 1019 operum
1075 968 1253 1006 eiusdem
1284 968 1420 1006 Maruli

470 1030 516 1069 de
569 1031 792 1069 Imitatione
840 1030 991 1070 Christi
1036 1030 1136 1067 idom
1191 1031 1422 1067 Franciscus

470 1094 689 1143 prolitetur.
716 1094 890 1141 Denique
910 1092 993 1129 libri
1012 1090 1057 1129 cle
1074 1090 1314 1129 institucione
1330 1088 1422 1128 bene

468 1154 626 1193 vivendi
649 1156 752 1204 prior
774 1153 892 1190 editio
916 1159 978 1190 cst
1004 1154 1164 1192 Veneta.
1191 1154 1293 1191 Anni
1320 1154 1421 1192 4506

470 1218 506 1253 in
537 1217 572 1253 ὃ,
604 1214 964 1264 Evangelistarium
1002 1215 1131 1253 lucem
1164 1216 1290 1265 primo
1321 1215 1420 1253 vidit

469 1277 645 1315 Venetiis
674 1288 733 1326 ap.
756 1276 946 1316 Jacobum
974 1278 1090 1315 Leuci
1118 1278 1234 1316 4546.
1273 1282 1420 1315 rectam

469 1341 598 1390 operis
615 1339 827 1377 editionem
846 1343 1011 1377 curante
1030 1332 1236 1377 Francisco
1257 1339 1304 1376 de
1323 1340 1423 1378 Con-

468 1401 642 1439 sortibus
684 1402 853 1440 Lucensi
895 1406 1096 1440 cantorem
1135 1402 1336 1440 Ecclesiae
1380 1402 1418 1440 S.

468 1465 598 1501 Marci.
629 1462 649 1485 ³*

522 1523 782 1575 Pandalphus
806 1524 974 1563 MASCA
995 1524 1189 1573 Pisanus,
1212 1526 1319 1564 Rom.
1347 1526 1421 1564 Ec-

471 1587 618 1625 clesiae
646 1588 857 1636 Presbyter
880 1586 1098 1626 Cardinalis
1122 1588 1170 1626 ab
1195 1588 1266 1627 An.
1305 1589 1420 1627 4482.

472 1660 600 1699 usque
624 1649 673 1687 ad
700 1650 815 1688 1202.
837 1650 897 1688 vel
919 1651 1089 1700 amplius
1106 1681 1116 1697 ,
1143 1652 1302 1700 scripsit
1329 1648 1425 1689 libri

471 1710 708 1762 Ponte‘fitalis
724 1712 946 1750 Damasiani
965 1711 1273 1762 supplementum
1290 1715 1310 1751 a
1330 1715 1423 1751 Leo-

472 1786 520 1812 nc
544 1776 609 1812 lx.
630 1774 677 1812 ad
704 1775 978 1812 Innocentium
1005 1775 1068 1812 111.
1096 1776 1180 1812 sive
1201 1775 1249 1813 ab
1273 1775 1347 1814 An.
1379 1776 1420 1815 C.

474 1836 590 1874 4049.
613 1835 660 1874 ad
689 1838 701 1874 4
716 1835 960 1874 ¹198.l‘rodiit
978 1837 1152 1873 Venetiis
1171 1836 1286 1875 ⁴547.
1304 1836 1418 1875 4600.

470 1903 547 1935 etc.
574 1908 618 1935 ac
643 1900 860 1935 novissime
884 1899 920 1935 in
950 1902 1056 1935 tomo
1093 1901 1206 1936 tertio
1243 1898 1420 1938 thesauri

469 1964 706 2009 scriptorum
746 1960 878 1998 Italiae
914 1961 1164 1998 Muratoriani
1203 1972 1251 1998 ex
1287 1962 1422 1999 Manu-

472 2023 654 2072 scriptis:
684 2023 768 2060 Vita
786 2022 960 2073 Gregorii
989 2023 1065 2060 vll.
1086 2023 1252 2060 Victoris
1272 2024 1336 2061 lll.
1353 2024 1422 2061 Ur—

472 2085 561 2123 bani
588 2085 633 2122 ll.
660 2083 858 2123 paschalis
883 2085 928 2122 ll.
952 2084 1096 2122 Gelasii
1124 2085 1170 2122 11.
1200 2085 1349 2123 Callisti
1370 2086 1414 2123 ll.

476 2147 634 2185 Honorii
660 2147 705 2186 11.
732 2147 947 2184 Innocentii
972 2147 1016 2184 ll.
1044 2146 1256 2186 Coelestini
1283 2148 1327 2185 ΙΙ.
1350 2149 1424 2185 Lu-

475 2211 523 2247 cii
551 2210 594 2247 ll.
615 2210 779 2260 Eugenii
802 2210 865 2247 lll.
885 2209 1082 2248 Anastasii
1103 2210 1161 2247 IV.
1181 2208 1340 2247 Adriani
1360 2211 1421 2248 IV.

477 2276 517 2309 ct
539 2270 753 2309 Alexandri
778 2272 842 2309 lll.
868 2272 922 2309 De
946 2271 1018 2309 hoc
1042 2271 1241 2310 Cardinali
1280 2271 1325 2309 G.
1363 2274 1427 2309 Jo—

477 2333 627 2383 sephus
657 2334 762 2384 Eggs
794 2335 829 2370 in
864 2345 1035 2384 purpura
1053 2333 1167 2371 docta
1185 2336 1313 2372 tom.¹l
1340 2345 1412 2384 pag

478 2396 539 2433 95.
583 2401 622 2433 et
653 2396 834 2435 Oudinus
872 2402 964 2434 tom.
1004 2397 1027 2434 2
1066 2407 1150 2447 pag.
1192 2396 1305 2435 4690.
1336 2397 1421 2445 (484

474 2459 605 2495 Mattci
628 2460 743 2507 (Ant.
770 2458 873 2507 iscl.)
907 2460 942 2496 in
969 2463 1063 2496 tom.
1089 2461 1122 2497 4.
1149 2469 1209 2509 op.
1240 2458 1424 2496 Memorie

475 2518 510 2557 ιζ’
529 2518 682 2558 lllastri
700 2519 846 2559 Pisani.
865 2533 873 2568 Ι·
906 2525 945 2559 et
988 2521 1084 2559 infra
1129 2520 1426 2560 PANDULFUS

477 2583 628 2620 Masca.

530 2644 752 2684 Matthaeus
773 2646 958 2684 MASIUS
976 2675 984 2693 ‚
1008 2645 1106 2684 infra
1123 2645 1423 2684 MATTHAEUS.

531 2706 722 2745 Antonius
745 2708 1010 2747 MAsSAMJS
1030 2738 1038 2756 ,
1058 2719 1176 2759 supra
1197 2712 1222 2746 t.
1241 2710 1255 2747 4
1280 2720 1316 2759 p.
1339 2708 1426 2747 424.

533 2767 748 2807 Guilelmus
776 2770 1037 2808 MASSETUS
1061 2774 1142 2807 tom
1182 2770 1204 2807 3
1229 2781 1314 2819 pag.
1338 2770 1425 2808 444.

540 2832 805 2870 MASSlLlUS
817 2831 862 2869 cle
872 2831 1027 2879 Padua,
1046 2843 1134 2881 sup.
1149 2831 1427 2870 MARSILIUS.

534 2894 753 2940 MASSUS,
777 2898 865 2944 post
890 2894 1121 2942 Dionysium
1147 2898 1186 2930 ct
1202 2895 1426 2931 Massonum

480 2959 623 2996 tertius
648 2961 691 2995 ut
714 2955 827 3005 ajunt
861 2957 1139 2994 Parisiensium
1182 2955 1425 3004 Episcopus,

479 3032 500 3058 3
523 3030 599 3070 quo
624 3017 787 3057 tradunt
808 3018 955 3068 scripta
981 3017 1169 3066 Martyria
1194 3017 1427 3054 Sanctorum

481 3083 670 3131 Dionysii,
695 3082 870 3127 Rustici,
901 3079 1131 3118 Eleutlierii.
1156 3078 1238 3116 sed.
1255 3089 1370 3116 nemo
1389 3078 1431 3115 il-

484 3144 515 3181 la
542 3144 716 3193 proferre
747 3172 754 3190 ,
788 3153 902 3181 nemo
927 3143 1031 3180 actis
1054 3141 1156 3192 apud
1180 3141 1430 3179 Franciscum

485 3208 724 3254 Bosquetum
751 3210 831 3243 tom
883 3206 906 3242 2
932 3205 1067 3242 histor.
1096 3203 1246 3242 Ecclcs.
1270 3202 1418 3240 Gallica

489 3279 561 3306 nae
588 3280 673 3317 pag.
699 3268 759 3304 08.
785 3268 912 3305 obviis
950 3267 1054 3305 illam
1090 3266 1339 3315 antiqitatem
1370 3264 1432 3302 vel

486 3330 602 3368 iidem
634 3339 811 3366 asserere
828 3329 1020 3368 hactenus
1048 3330 1186 3380 potuit.
1216 3327 1311 3367 Vide
1340 3328 1436 3364 Vos-

489 3397 590 3433 sium
625 3405 709 3444 pag.
742 3392 828 3429 740.
858 3396 897 3429 ot
934 3391 1275 3429 Benedictinorum
1315 3389 1436 3427 histo-

1491 352 1585 389 riam
1619 348 1847 388 litterariam
1888 348 2033 390 Galliac
2063 355 2154 389 tom.
2194 352 2228 389 4.
2257 356 2370 403 parte
2394 353 2432 392 2.

1491 424 1576 463 pag.
1603 413 1663 450 49.
1694 422 1773 460 seq.

1542 472 1767 512 Antoniusa
1783 471 2048 512 MATELICA.
2062 486 2179 526 supra
2197 479 2226 513 t.
2242 476 2280 514 4.
2293 486 2330 526 p.
2346 477 2412 516 424
2426 506 2434 514 .

1543 536 1654 585 Ηῑι9ο
1674 533 1989 573 MATlSCONUS
2009 545 2125 585 supra
2143 541 2168 574 t.
2195 536 2234 574 3.
2256 548 2291 586 p.
2318 536 2407 577 275.

1541 594 1920 643 MATRONIANUS,
1951 606 2070 647 supra
2088 598 2432 640 LATRONIANUS

1492 664 1587 698 tom.
1614 660 1647 697 4.
1682 671 1767 709 pag.
1795 658 1885 697 530.

1544 720 1833 760 MATTllAEUS
1862 718 2034 771 Anytus,
2065 722 2280 762 monachus
2304 724 2342 762 S.
2364 721 2432 762 Al-

1495 781 1612 829 bani,
1643 783 1741 821 infra
1773 782 1991 820 Matthaeus
2023 780 2152 820 Paris.

1546 843 1836 883 MATTllAEUS
1863 844 1909 882 de
1937 844 2054 895 Aqua
2083 847 2224 894 sparta
2262 845 2440 885 Tuderti-

1495 917 1597 954 nus,
1627 906 1674 943 ab
1703 917 1766 943 an.
1797 906 1911 944 ⁴287.
1941 906 2034 945 Ord.
2065 907 2198 944 Minor.
2240 906 2440 947 Generalis

1494 973 1534 1005 et
1558 969 1598 1006 R.
1625 969 1668 1006 E.
1703 967 1922 1006 Cardinalis
1960 967 2008 1005 ab
2037 967 2112 1005 An.
2142 967 2256 1006 4288.
2287 973 2327 1006 et
2355 971 2443 1022 Epi-

1496 1040 1640 1080 scopus
1665 1030 1893 1067 Portuensis
1922 1028 1971 1066 ab
1999 1040 2060 1067 an.
2093 1030 2206 1068 4294.
2239 1029 2288 1068 ad
2326 1031 2439 1071 4302.

1498 1092 1664 1142 Scripsit
1695 1091 1733 1129 in
1756 1089 1895 1129 Jobum
1920 1094 1958 1129 et
1989 1090 2188 1130 Psalmos:
2220 1092 2262 1130 in
2295 1092 2446 1144 Episto-

1496 1153 1574 1192 lam
1597 1153 1650 1192 ad
1672 1156 1889 1193 Romanos:
1918 1154 1962 1191 In
1983 1154 2046 1192 IV.
2074 1152 2195 1193 libros
2232 1156 2447 1194 Sententia-

1495 1228 1600 1256 rum.
1620 1216 1911 1255 Sententiarum
1934 1216 2221 1254 Inventarium.
2247 1217 2449 1266 Quaestio-

1495 1290 1563 1317 nes
1581 1276 1882 1327 Quodlibeticas.
1902 1276 2190 1328 Pentiloquium
2210 1278 2256 1317 (le
2271 1279 2444 1330 potentia

1498 1342 1641 1392 Papae.
1669 1340 1825 1379 Librum
1861 1342 2000 1378 contra
2037 1339 2199 1380 Nicolai
2236 1341 2442 1392 cujusdam

1495 1402 1645 1441 Galliae
1674 1401 1846 1441 Ministri
1874 1401 2067 1452 scriptum
2092 1402 2346 1442 declarationi
2377 1404 2449 1441 Re-

1496 1467 1609 1516 gulae
1639 1465 1798 1505 Ordinis
1829 1466 1889 1502 sui
1922 1476 1992 1514 per
2016 1464 2216 1503 Nicolaum
2243 1465 2303 1503 lV.
2327 1465 2449 1504 factae

1498 1529 1751 1578 oppositum,
1776 1531 1815 1565 et
1840 1527 2059 1565 Sermones.
2084 1526 2182 1565 Vide
2205 1527 2449 1567 Antoninum

1496 1590 1767 1628 Florentinum
1813 1600 1994 1628 summae
2033 1589 2169 1627 histor.
2213 1591 2272 1628 tit.
2309 1591 2451 1629 XXIV.

1495 1663 1579 1703 cap.
1611 1653 1646 1689 9.
1678 1652 1714 1703 §-
1746 1653 1806 1690 40.
1837 1656 1930 1690 tom.
1962 1652 1998 1689 3.
2030 1663 2114 1703 pag.
2146 1651 2234 1692 784.
2265 1663 2347 1703 seq.
2367 1653 2451 1691 Tri-

1496 1714 1689 1753 themium
1707 1725 1791 1763 cap.
1818 1712 1906 1751 507.
1930 1713 2178 1764 Alphonsum
2198 1714 2449 1753 Ciacconium

1498 1776 1545 1815 de
1576 1775 1845 1815 Cardinalium
1879 1776 1977 1813 Vitis
2012 1787 2099 1827 pag.
2138 1776 2226 1815 785.
2262 1775 2453 1814 Waddin-

1501 1850 1594 1889 gum
1627 1849 1713 1888 pag.
1750 1838 1841 1877 252.
1872 1838 2079 1890 Ughellum
2109 1842 2202 1877 tom.
2242 1840 2278 1878 4.
2316 1839 2449 1878 ltaliae

1494 1912 1628 1939 sacrae
1660 1913 1743 1951 pag.
1779 1901 1871 1940 439.

1549 1963 1835 2003 MATTHAEUS
1855 1965 2078 2003 Canonicus
2098 1963 2368 2015 Aaqustanus,
2393 1964 2450 2002 in-

1498 2026 1553 2064 fra
1584 2025 1810 2065 Matthaeus
1838 2025 1884 2065 de
1913 2025 2191 2078 Pappenheim.

1547 2088 1833 2128 MATTllAEUS
1859 2087 1986 2127 Aulae
2015 2089 2157 2140 Reyiae
2186 2089 2224 2127 i'n
2261 2088 2447 2128 Bohemia

1498 2152 1659 2202 Pragam
1679 2150 1804 2201 'pr-ope
1827 2151 2041 2191 Monachus
2062 2151 2154 2191 Ord.
2172 2153 2335 2192 Cisterc.
2356 2155 2445 2202 post

1499 2224 1560 2250 an.
1602 2212 1716 2251 4400.
1755 2217 1846 2251 ante
1885 2214 2103 2253 Concilium
2145 2214 2448 2253 Constantiense

1498 2285 1587 2312 cum
1618 2276 1767 2312 Joanne
1807 2275 1934 2313 llusso
1977 2275 2135 2326 saepius
2175 2277 2447 2323 concertavit,

1499 2335 1641 2373 deinde,
1671 2337 1953 2375 Monasterium
1978 2337 2131 2374 Veteris
2154 2337 2283 2376 Cellae
2302 2337 2450 2386 ingres-

1500 2408 1569 2435 sus
1599 2400 1819 2448 composuit
1843 2400 2148 2437 commentarios
2173 2399 2214 2436 in
2237 2401 2316 2437 tres
2339 2398 2451 2449 quin-

1500 2471 1701 2510 quayenas
1729 2460 1976 2499 Psalmorum
1993 2475 2000 2499 :
2018 2461 2058 2499 in
2076 2459 2331 2511 Evanyelium
2354 2461 2452 2499 Mat-

1503 2521 1605 2560 thaei
1622 2527 1660 2559 et
1682 2522 1721 2560 in
1738 2524 1906 2574 Hymnus
1927 2522 2123 2562 Ecclesiae
2147 2523 2322 2575 atquem
2352 2533 2451 2574 qua-

1500 2588 1591 2622 tuor
1616 2583 1735 2624 libros
1760 2585 2063 2623 Sententiarum.
2088 2586 2280 2636 Pluraque
2310 2585 2449 2624 horum

1499 2648 1763 2696 Manuscripta
1783 2649 1819 2684 in
1837 2647 1932 2686 Bibl.
1954 2648 2113 2687 Paulina
2131 2648 2337 2698 Lipsiensi.
2355 2647 2451 2685 Vide

1504 2708 1703 2748 Oudinum
1727 2713 1819 2747 tom.
1841 2710 1877 2748 2.
1904 2721 1989 2759 pag.
2014 2710 2131 2748 2240.

1553 2770 1573 2793 *ἓ
1605 2772 1725 2810 Huius
1751 2772 1822 2808 viri
1848 2771 1949 2809 docti
1981 2772 2102 2809 oratio
2128 2770 2256 2809 habita
2278 2771 2315 2808 in
2341 2781 2451 2809 conc.

1501 2831 1798 2869 Constantiensi
1817 2836 2001 2870 servatur
2019 2833 2055 2869 in
2075 2830 2252 2871 Cod.MS.
2271 2831 2450 2870 Biblioth.

1501 2894 1717 2931 Caesareae
1747 2892 2061 2932 vindobonensis
2097 2893 2189 2932 Cod.
2218 2893 2450 2943 Theologico

1502 2953 1590 2992 527.
1624 2954 1693 2991 hoc
1724 2956 1781 2991 tit.
1814 2955 1950 2993 Sermo
1982 2954 2025 2992 F.
2069 2953 2260 2994 Matthaei
2284 2953 2332 2994 de
2359 2953 2454 2993 aula

1502 3014 1624 3065 Reqia
1650 3014 1743 3053 Ord.
1761 3015 2036 3055 Cisterciensis
2059 3018 2099 3056 S.
2121 3017 2151 3054 T
2149 3015 2341 3068 heoloyz'ae
2360 3028 2455 3068 pro-

1501 3075 1629 3128 fessor
1642 3075 1773 3128 factus
1792 3077 1993 3116 Dominica
2018 3078 2077 3116 lV.
2101 3081 2192 3130 post
2206 3077 2349 3130 festum
2381 3079 2451 3117 SS.

1510 3138 1711 3178 Trinitatis
1736 3139 1775 3177 in
1797 3140 1911 3179 Cone.
1937 3139 2224 3180 Constantiensi
2251 3138 2290 3177 in
2317 3138 2451 3178 illum:

1506 3201 1638 3239 Estote
1662 3201 1947 3241 misericordes.
1972 3201 1992 3223 *

1559 3264 1741 3302 MATTAE
1751 3265 1807 3303 US
1825 3262 2033 3303 Bandetlus
2049 3276 2068 3303 a
2087 3265 2227 3303 Castro
2239 3263 2454 3310 novo,Ord.

1506 3325 1640 3364 Praed.
1662 3338 1681 3365 a
1708 3328 1844 3366 Vossio
1878 3339 1962 3378 pag.
1990 3326 2078 3365 677.
2113 3327 2214 3371 inter
2249 3325 2455 3364 historicos

1510 3391 1670 3430 Latinos
1702 3394 1942 3429 memoratur
1963 3394 2120 3439 propter
2151 3387 2373 3427 Orationem
2408 3387 2452 3426 A.
