2517 4009
940 203 1254 247 THURIUS

159 267 294 319 Hujus
320 268 426 308 filius
441 269 617 308 Joannes
638 271 977 323 Backmcisterus‚
999 276 1077 314 Me-

105 331 259 370 dicinae
290 333 436 371 Doctor
473 336 512 370 et
551 334 753 373 Professor
789 337 1074 387 Tubingensis,

106 405 180 433 nec
222 406 299 433 non
336 395 546 434 Archiater
582 397 990 448 Bado—Durlaccnsis‚
1024 401 1076 441 A·

100 457 448 497 nimadversiones
483 458 1073 514 Genealogico-Chronologico-

103 521 320 560 Historicas
346 521 382 558 in
407 520 479 560 hos
504 521 686 561 Annales
708 523 945 572 elaboravit,
970 537 1072 576 quae

103 582 248 622 ibidem
274 583 405 622 locum
445 584 482 622 in
524 583 599 624 hac
632 584 878 625 Collectione
906 588 1072 627 invene-

102 650 198 686 runt
219 657 256 697 p.
278 644 368 685 1253.

155 710 221 750 40.
265 709 489 751 Chronz‘con
534 710 766 764 Principum
818 711 1070 764 Meqapolen-

101 772 225 823 sium,
245 772 333 812 libri
361 773 402 811 V.
430 773 634 824 rhythmis
649 775 903 825 germanicis.
924 777 1070 814 Exstat

101 834 248 874 ibidem
288 847 324 886 p.
363 833 431 875 561
479 840 519 874 et
558 840 677 875 antea
718 837 961 888 impressum
992 851 1068 879 non

102 899 247 939 fuerat.

154 963 217 1002 Μ.
239 959 345 1000 Vitae
362 957 633 1000 Obetritarum
652 973 743 1000 cum
763 961 1069 1005 Commentariis

97 1024 138 1064 in
175 1022 300 1064 libros
319 1027 522 1076 qestorum
568 1022 862 1075 Obaritarum,
894 1027 1067 1067 ineditae

98 1087 308 1139 hucusque
349 1092 566 1126 occurrunt
604 1092 710 1125 tomo
749 1089 792 1126 ll.
821 1090 962 1140 Operis
985 1091 1066 1130 lau-

95 1150 192 1199 dati,
224 1162 259 1201 p·
287 1150 390 1190 4502
427 1162 477 1188 ex
503 1149 648 1189 Codice
675 1150 771 1189 Bibl.
810 1153 940 1201 regiae
979 1154 1065 1192 liol-

97 1214 262 1251 miensis
287 1212 527 1262 descriptae.

151 1274 214 1315 ⁴2.
230 1273 515 1326 Deflorationes
530 1273 825 1326 Antiquitatum
844 1275 895 1316 ab
914 1278 1065 1330 orz'yz'ne

93 1336 244 1377 mundi·
267 1338 376 1376 Rost.
405 1337 508 1377 4522
532 1337 593 1375 fol.
611 1338 662 1388 pl.
683 1338 743 1377 462
764 1339 839 1378 Est
864 1341 1064 1392 Compen-

97 1400 207 1440 dium
230 1399 422 1439 historiae
447 1400 703 1448 universalis,
724 1401 842 1452 cujus
868 1405 1062 1454 synopsin

105 1468 324 1502 recensent
369 1462 697 1514 Hamburgenses
729 1464 800 1514 (a),
831 1467 897 1515 qui
946 1466 1064 1505 simul

100 1526 344 1575 observant,
383 1528 513 1578 ipsum
548 1525 680 1565 Annio
700 1527 940 1567 Viterbiensi
963 1530 1063 1569 mul*

94 1595 180 1630 tum
208 1591 406 1639 tribuere,
431 1594 472 1628 et
497 1601 641 1630 nomen
678 1590 990 1642 Deslorationum
1014 1593 1064 1632 ab

80 1650 182 1705 'ipso
206 1664 367 1704 quoque
400 1654 576 1704 petiisse.
607 1653 658 1692 Et
683 1653 756 1692 hoc
780 1665 881 1704 opus
906 1655 1063 1706 publico

94 1714 268 1756 reddidit
294 1716 469 1755 illustris
508 1715 788 1766 Westphalius
824 1721 930 1756 tomo
955 1718 982 1757 Ι.
1011 1717 1062 1757 Ο-

93 1780 201 1831 peris
221 1778 374 1818 laudati
398 1791 434 1830 p.
461 1778 577 1819 ⁴4⁴9.

153 1842 216 1882 ⁴3.
258 1841 336 1880 Ein
373 1840 533 1893 Auszoq
567 1841 639 1881 der
662 1840 1058 1894 Meclcelburqz'schen

93 1897 329 1945 Chrom'ken.
349 1906 416 1945 llic
439 1905 580 1946 titulus
602 1910 662 1944 est
686 1905 803 1944 libelli
829 1907 998 1957 plagulis
1016 1909 1062 1947 V.

91 1969 263 2016 infolio,
304 1969 438 2019 procul
476 1968 595 2008 dubio
634 1970 671 2006 in
698 1968 865 2007 aedibus
900 1970 1058 2009 Thuriis

90 2032 291 2084 impressi.
331 2032 373 2070 ln
413 2032 536 2070 altera
577 2031 675 2070 facie
719 2032 822 2070 tituli
868 2032 1058 2084 leguntur

91 2094 189 2134 haec
210 2095 346 2133 verba:
380 2093 465 2134 Der
500 2091 894 2144 Meckelburqischen
935 2095 1058 2136 Chro-

86 2155 202 2196 nili-en
217 2156 278 2196 ein
293 2155 594 2197 Kostbarlz‘cher
604 2156 633 2195 A
644 2168 689 2196 us
697 2155 792 2208 zoyle
808 2169 882 2196 von
894 2159 1057 2199 Doctore

87 2219 250 2260 Nz'cotao
285 2219 530 2260 Mar-escalon
560 2219 726 2268 Thai-io,
748 2219 858 2260 deme
894 2220 1057 2261 Erbarn

88 2283 272 2324 vehesten
295 2282 379 2322 und
387 2286 624 2334 qestrenqen
650 2285 757 2322 Hera
783 2284 962 2336 Casporc'
982 2297 1058 2325 von

88 2345 396 2399 Schoeneychen,
413 2345 483 2384 cler
519 2345 1057 2398 clurchleuchteyen-hoclzqe-

89 2407 238 2448 bornen
275 2410 446 2448 Fursten
469 2407 553 2446 und
575 2409 728 2458 Heertz,
765 2411 873 2448 Hern
898 2410 1056 2450 Heinri-

86 2471 173 2513 ches
194 2471 279 2511 und
302 2474 411 2511 Hern
431 2469 640 2510 Albrechts
663 2470 884 2519 Gebrurler,
906 2474 1056 2511 Herzo-

85 2547 162 2588 9en
182 2547 236 2575 zu
259 2533 560 2586 Meohlcelbur9,
587 2535 618 2572 F
622 2537 758 2573 ursten
773 2534 843 2573 der
869 2535 1052 2585 Wenclen,

83 2611 241 2652 qrauen
256 2611 310 2639 zu
326 2599 497 2645 Swerin,
522 2598 593 2638 cler
612 2597 743 2638 Laude
760 2598 952 2638 Rhostoclz
973 2599 1056 2638 und

86 2662 292 2715 Staryard
329 2665 512 2711 Herren,
550 2661 748 2703 Canczler
784 2657 860 2702 etc:>
891 2676 956 2703 ιω
991 2675 1054 2715 qe-

86 2724 303 2766 schrieben.
329 2728 442 2767 Hunc
468 2726 645 2766 libellum
675 2727 758 2777 ipse
781 2727 981 2777 possideo.

142 2788 204 2829 ih.
240 2788 415 2842 Epistola
447 2788 502 2828 acl
535 2787 808 2840 Spalatinum,
849 2790 1051 2829 Branden-

86 2852 199 2905 burgi
224 2865 259 2893 a.
287 2854 389 2894 4505
409 2853 500 2893 data
525 2853 630 2892 edita
655 2858 718 2892 est
741 2866 761 2892 a
789 2855 921 2895 Celeb.
947 2857 1052 2907 Kap-

88 2915 150 2967 pio
171 2907 293 2969 praef.
313 2917 361 2957 ad
387 2916 540 2957 Beehrii
568 2918 664 2956 Hist.
695 2918 886 2958 Meclenb.
922 2931 957 2971 p.
988 2920 1047 2960 45.

403 3042 566 3083 Judicz'a
596 3044 641 3084 de
672 3056 730 3084 eo,

141 3107 201 3147 Ex
221 3106 285 3145 his
304 3106 422 3156 igitur
439 3106 614 3157 adparet,
627 3107 720 3157 quid
743 3107 790 3146 de
808 3107 1049 3148 Marschalco

90 3174 227 3210 nostro
247 3167 509 3220 judicandum
536 3170 599 3207 sit.
622 3170 738 3208 Certe
765 3181 833 3220 pro
860 3170 936 3209 fato
959 3171 1051 3209 isto-

88 3244 177 3273 rum
216 3236 440 3282 temporum
468 3231 539 3270 fuit
574 3241 650 3269 non
682 3231 865 3272 eruditus
901 3233 1049 3282 solum,

140 3374 191 3415 (a)
217 3373 342 3410 Hamb.
371 3373 453 3408 Bibl,
478 3374 560 3409 nist.
586 3381 660 3417 pag.
683 3374 758 3407 ⁶277.

2037 217 2113 259 563

1149 292 1217 330 sed
1242 294 1345 332 inter
1364 293 1467 331 Deos
1493 305 1686 344 majorum
1708 297 1887 345 gentium
1919 298 2009 348 jure
2037 312 2110 341 suo

1149 353 1416 393 collocandus.
1457 355 1671 406 Utriusque
1707 367 1804 396 sane
1841 359 1998 412 linguae
2026 367 2111 403 stu-

1148 415 1283 456 diosus
1306 417 1391 463 fuit,
1419 417 1557 455 Latine
1581 419 1743 469 scripsit
1764 422 1862 460 satis
1887 423 2111 473 eleganter,

1148 479 1341 517 Po'eticam
1381 484 1508 518 artem
1547 482 1737 520 tractavit
1772 495 1848 522 non
1886 486 2109 537 infeliciter,

1148 541 1338 580 Historias
1363 542 1456 592 legit
1476 546 1516 580 ct
1542 543 1624 594 ipse
1649 556 1808 597 quoque
1830 550 2008 601 scripsit,
2036 551 2110 592 Jus

1144 602 1260 641 civile
1285 602 1444 650 docuit⁷
1472 605 1717 656 Principibus
1743 610 1829 648 suis
1853 613 2017 651 consilio
2041 615 2110 654 ad-

1147 664 1233 703 fuit.
1253 666 1317 704 Sic
1337 666 1455 715 igitur
1470 666 1519 705 de
1541 667 1792 718 eojudicant,
1811 674 1877 722 qui
1903 685 1950 712 cx
1978 686 2107 728 aequo

1139 726 1318 776 judicare
1358 726 1602 777 didicerunt,
1634 732 1699 780 qui
1736 736 1869 772 tamen
1909 735 1941 773 id
1983 740 2102 779 simul

1143 789 1316 836 addunt,
1343 791 1552 829 veritatem
1576 798 1797 843 sectantes,
1818 798 2108 842 Maischalcum

1145 856 1326 891 nostrum
1355 864 1404 892 cx
1431 854 1598 892 istorum
1625 860 1851 907 temporum
1885 862 2108 904 conditione

1143 913 1442 965 dijudicandum
1459 926 1561 965 esse,
1580 917 1726 967 quihus
1745 921 1874 961 studia
1896 924 2103 967 literarum

1144 978 1180 1014 in
1222 977 1436 1016 Germania
1478 984 1564 1028 post
1604 979 1836 1022 diuturnam
1881 985 2107 1029 barbariem

1143 1039 1297 1090 prodire
1338 1040 1498 1091 quidem
1545 1049 1789 1093 coeperunt,
1829 1047 1898 1085 scd
1944 1051 2105 1099 plenam

1143 1113 1315 1140 messiam
1344 1103 1555 1142 ostondore
1584 1106 1758 1145 nondum
1786 1115 2016 1159 potuerunt.
2045 1116 2107 1153 Vi-

1141 1166 1239 1203 tium
1267 1170 1374 1203 certo
1399 1167 1521 1204 seculi
1548 1172 1648 1214 erat⁷
1679 1171 1782 1219 quod
1812 1183 2101 1226 nonnunquam

1141 1233 1338 1266 oratorem
1379 1230 1532 1278 potius,
1567 1241 1687 1280 quam
1728 1232 1962 1275 historicum
2001 1241 2102 1290 agit,

1139 1290 1242 1340 quod
1269 1291 1304 1328 in
1329 1290 1448 1329 rebus
1485 1292 1644 1342 majoris
1671 1300 1860 1335 momenti
1897 1312 1974 1339 non
2002 1305 2100 1342 satis

1137 1357 1349 1391 accuratus
1369 1353 1497 1401 fuerit,
1519 1355 1624 1405 quod
1641 1356 1689 1394 ad
1709 1358 1963 1412 Geographos
1983 1365 2103 1405 Grae-

1136 1425 1204 1454 cos
1238 1426 1357 1465 saepe
1390 1427 1558 1455 numero
1585 1419 1671 1457 sine
1694 1431 1856 1473 caussa,
1879 1430 1918 1463 et
1943 1431 2100 1468 tantum

1137 1477 1374 1517 eruditionis
1416 1481 1679 1520 ostentandae
1722 1487 1875 1534 gratia,
1915 1500 2104 1538 provoca-

1140 1541 1243 1578 verit
1275 1540 1559 1590 ib).lluttenus
1581 1549 1715 1584 nostro
1750 1559 1909 1599 quoque
1944 1553 2107 1592 Cosmo-

1135 1603 1326 1655 graphiae
1369 1605 1548 1644 studium
1599 1607 1762 1658 tribuit,
1806 1623 1897 1651 cum
1946 1616 2101 1656 Musam

1137 1678 1253 1706 suam
1293 1667 1342 1707 ad
1367 1668 1657 1710 Marschalcum
1698 1673 1920 1726 ablegatam
1953 1679 2009 1717 sic
2038 1679 2107 1719 ad-

1137 1730 1337 1782 loquitur:

1135 1856 1315 1897 Invenies
1337 1857 1447 1898 illum
1467 1859 1650 1912 placidas
1673 1866 1851 1904 tractare
1875 1877 2053 1914 sorores,

1188 1921 1367 1960 Invenies
1385 1923 1574 1973 ‚qi-avium
1593 1925 1751 1965 voluere
1772 1928 1923 1979 scripta
1946 1931 2094 1970 virum.

1134 1982 1167 2020 E
1170 1986 1184 2021 t
1188 1983 1278 2034 jam
1291 1983 1393 2036 forte
1412 1997 1536 2036 vassas
1552 1987 1726 2039 depingit
1740 1990 1778 2028 ιή
1793 1991 1930 2031 ordine
1948 1997 2093 2039 terras,

1189 2047 1365 2099 Cumque
1379 2050 1488 2088 mari
1499 2049 1634 2095 silvas,
1647 2052 1827 2103 flumina,
1837 2067 1954 2101 rura,
1965 2055 2092 2108 lacus3

1132 2109 1185 2148 Et
1201 2114 1347 2161 qetztes,
1370 2113 1513 2163 quavis
1537 2113 1636 2153 coela·
1657 2115 1814 2166 reqione
1840 2123 2034 2170 remum,

1190 2174 1331 2225 Totque
1359 2174 1480 2214 urlms
1497 2176 1691 2228 yraphico
1712 2178 1861 2231 (terserit
1885 2181 1923 2220 in
1949 2183 2080 2224 radio.

1132 2298 1173 2336 In
1203 2300 1384 2350 margine
1409 2300 1584 2341 additur:
1620 2304 1905 2347 Marschalcus
1940 2309 2100 2349 Cosmo-

1127 2361 1320 2412 yraphus.
1337 2365 1521 2403 Fortasse
1539 2367 1811 2407 Marschalcus
1830 2374 1924 2409 tunc.
1943 2374 2099 2421 privata

1131 2434 1247 2474 opera
1277 2425 1506 2476 hujusmodi
1529 2428 1674 2468 litteris
1701 2432 1896 2480 incubuit,
1920 2439 1988 2474 aut
2014 2441 2099 2475 stu-

1130 2487 1281 2526 diosam
1305 2490 1564 2536 juventutem
1592 2504 1659 2532 eas
1685 2493 1832 2534 docuit:
1861 2498 1898 2534 in
1927 2498 2096 2548 publicis

1129 2552 1234 2589 enim
1263 2556 1536 2592 monumentis
1571 2556 1648 2594 tale
1674 2556 1767 2607 quid
1793 2558 1841 2596 ab
1867 2559 1951 2610 ipso
1983 2573 2094 2613 prae·

1128 2615 1270 2653 stitum
1293 2626 1382 2654 esse
1410 2628 1485 2656 non
1509 2624 1682 2658 constat.

1560 2682 1594 2732 ξ.
1625 2682 1665 2722 6.

1400 2744 1508 2783 Mors
1532 2748 1569 2784 et
1591 2745 1819 2798 Sepultura.

1153 2805 1329 2845 Tandem
1354 2807 1430 2846 fato
1455 2819 1527 2848 suo
1554 2809 1716 2849 functus
1733 2818 1795 2850 est
1816 2814 2094 2854 Marschalcus

1128 2873 1336 2919 nostcr‚ct
1361 2872 1529 2910 exuviae
1554 2871 1641 2922 ojus
1685 2875 1832 2926 templo
1856 2879 2087 2916 monasterii

1124 2932 1445 2972 Dobberancnsis
1463 2935 1595 2974 illatae
1614 2942 1723 2976 sunt.
1743 2938 1866 2987 Unde,
1889 2944 2087 2990 quantum

1124 2995 1228 3045 apud
1268 2997 1468 3048 Principes
1504 3009 1599 3038 suos
1638 3002 1760 3050 gratia
1803 3002 1986 3049 valuerit,
2029 3004 2091 3043 vel

1126 3058 1211 3096 ideo
1234 3060 1486 3111 conjicimu5‚
1511 3064 1602 3112 quia
1635 3063 1745 3103 locus
1771 3065 1834 3103 illc
1859 3066 2090 3115 sepulturae

1126 3121 1299 3171 ipsorum
1336 3124 1561 3175 Principum
1598 3126 1694 3165 alias
1734 3126 1961 3168 destinatus
2000 3129 2087 3168 fuit.

1140 3229 1188 3270 th*
1204 3229 1353 3262 snebers
1373 3231 1711 3274 Jtecclenlmrqische
1729 3234 1882 3266 Hir-clim
1909 3235 2082 3273 Histoi-ie,

1127 3290 1156 3320 p.
1182 3281 1263 3319 ⁵225,
1287 3280 1364 3319 51-2,
1388 3281 1460 3314 515.
1487 3285 1575 3315 Adde
1607 3284 1774 3324 judicium
1805 3286 1944 3316 illustris
1977 3288 2083 3317 West-

1127 3330 1230 3370 phalti
1251 3333 1284 3362 in
1309 3332 1529 3372 praefatione,
1554 3335 1643 3375 quod
1667 3344 1744 3368 cum
1770 3337 1832 3367 hoc
1856 3344 1929 3368 nno
1960 3336 2027 3368 tere
2050 3338 2082 3368 iu

1127 3381 1283 3414 omnibus
1309 3385 1480 3417 convenit.
