2533 4009
468 281 522 320 82

469 352 507 389 di
530 349 726 389 aetatibus
754 345 891 381 auctor
916 336 1110 387 quaedam
1141 334 1417 385 descripserat,

471 415 561 452 hinc
605 412 641 448 in
687 405 828 445 Codice
869 397 1159 439 Moissiacensis
1206 397 1421 444 Coenobii,

468 476 565 513 liber
594 468 879 510 Chronicorum
906 460 1092 499 BEDANI
1118 458 1341 509 presbyteri
1366 461 1424 496 in-

470 536 663 574 scribitur.
683 532 822 568 Parum
839 522 1049 563 emendato
1065 521 1289 571 apographo
1309 532 1424 559 usum

469 595 767 637 Duchesniuin,
811 591 852 625 et
895 586 1104 634 antiquum
1142 582 1329 621 Codiccm
1359 594 1427 620 ex-

471 642 575 697 stare
607 657 643 693 in
675 650 931 696 Colbcrtina‚
963 647 1119 685 notavit
1164 645 1349 684 Baluzius
1377 644 1425 683 ad

470 723 637 760 Marcam
670 714 921 765 l-lispanicam
966 721 1052 760 pag.
1098 709 1188 747 230.
1220 709 1426 746 Praeterea

474 777 775 829 Chi-onoloqiam
801 779 838 814 et
859 772 1004 813 seriem
1035 773 1181 822 Reyitm
1212 768 1425 808 Gothorum

470 844 537 894 qui
567 847 648 880 tam
680 842 717 877 in
748 837 891 877 Gothia
933 835 1082 873 Gallica
1127 844 1247 883 quam
1294 833 1330 869 in
1363 831 1426 868 Hi-

471 906 621 957 spaniis
651 904 894 953 regnarunt,
926 908 1055 947 usque
1084 895 1132 934 ad
1164 895 1291 933 Caroli
1328 894 1426 931 Mar-

470 968 580 1015 tclli‚
611 967 851 1004 Francorum
897 959 1090 1008 Principis
1135 961 1345 1005 tempora,
1375 964 1425 991 ex

471 1030 615 1070 Codice
640 1023 945 1076 moyssiacensis
966 1019 1176 1064 Coenobii,
1202 1015 1306 1066 apud
1331 1026 1429 1053 eun—

472 1094 562 1132 dem
593 1091 646 1129 (lu
672 1088 887 1128 Chesnium
905 1115 915 1131 ,
938 1088 1032 1120 tom.
1057 1082 1070 1119 4
1105 1091 1189 1129 pag.
1216 1077 1307 1117 848.
1338 1077 1429 1115 820.

469 1155 734 1204 Moyssiacum
764 1145 1046 1187 Monasterium
1077 1140 1232 1179 celebre
1278 1139 1433 1177 dioece-

473 1228 563 1256 seos
593 1209 858 1253 Cadurcensis
881 1209 918 1244 in
944 1205 1070 1244 Gallia
1095 1203 1188 1241 Ord.
1214 1200 1360 1240 Bened.
1384 1200 1433 1238 de

473 1289 550 1328 quo
579 1271 873 1315 Sammarthani
902 1274 997 1306 tom.
1032 1267 1081 1305 IV
1114 1278 1150 1317 p.
1182 1265 1276 1303 679.

525 1341 696 1377 Joannes
720 1334 766 1374 de
790 1329 1100 1372 MOLENDINIS
1117 1358 1126 1375 ‚
1152 1338 1272 1378 supra
1296 1324 1437 1364 JOAN-

474 1403 570 1442 Mis
599 1397 894 1443 Morlandinus,
926 1399 1022 1432 tom.
1055 1391 1104 1430 IV
1136 1403 1222 1441 pag.
1248 1390 1338 1428 394.

526 1466 585 1502 Jo.
608 1461 854 1508 MOLINES,
884 1467 1004 1506 supra
1030 1460 1057 1493 t.
1086 1455 1135 1493 IV
1159 1466 1195 1504 p.
1227 1453 1316 1491 389.

531 1524 737 1565 Guiarclus
766 1519 1051 1561 MOLINAEUS.
1084 1522 1111 1555 t.
1145 1517 1195 1554 111
1227 1527 1263 1565 p.
1298 1514 1386 1553 446.

537 1586 747 1630 Conradus
776 1582 995 1623 MOLITOR
1014 1610 1024 1627 ‚
1048 1590 1165 1630 supra
1196 1583 1222 1615 t.
1244 1579 1257 1616 4
1283 1589 1318 1627 p.
1349 1576 1436 1614 385.

538 1649 729 1701 Georqius
759 1643 1056 1689 MOLITORIS,
1089 1640 1437 1689 huenburgensis,

485 1716 586 1763 (non
617 1707 989 1758 Nurenburgensis,
1016 1709 1060 1743 ut
1084 1701 1188 1753 apud
1215 1700 1439 1746 Simlerum')

484 1775 735 1823 Theologiam
761 1771 896 1809 docuit
919 1766 1126 1808 Erfordiae
1144 1763 1328 1811 diemque
1349 1761 1442 1799 obiit

484 1840 531 1879 A.
560 1837 674 1877 4484..
706 1835 754 1873 de
783 1844 861 1883 quo
890 1830 1135 1869 Trithemius
1167 1827 1204 1863 in
1234 1824 1439 1863 luminari—

484 1903 560 1940 bus
590 1897 825 1937 Germaniae
848 1905 883 1932 c.
907 1893 997 1931 224.
1023 1890 1182 1940 scripsit
1206 1887 1244 1925 in
1267 1889 1439 1938 quatuor

490 1963 612 2003 libros
642 1957 949 2000 Sententiarum.
981 1953 1026 1993 de
1050 1951 1235 2006 passione
1274 1947 1442 1987 Domini.

488 2029 695 2066 Sermones
725 2025 761 2059 et
790 2017 1058 2068 Quaestiones.

543 2088 589 2126 D.
622 2083 779 2124 Ulrlcus
815 2079 1062 2124 MOLlTOR,
1100 2074 1442 2119 Constantiensis‚

489 2153 633 2190 Doctor
656 2149 915 2186 Decretorum
935 2141 1061 2181 Studii
1087 2139 1290 2190 Papiensis
1307 2140 1346 2174 et
1370 2135 1448 2173 Cu—

490 2214 571 2252 riae
608 2207 928 2250 Constantiensis
971 2213 1182 2243 causarum
1228 2201 1449 2243 Patronus,

493 2274 653 2325 scripsit
680 2271 887 2320 Dialogum
918 2267 963 2306 de
988 2264 1134 2305 Lamiis
1164 2267 1201 2301 et
1230 2258 1452 2313 Pythonicis

493 2332 730 2375 mulieribus
760 2332 805 2371 ad
839 2327 1140 2381 sigismundum
1180 2326 1279 2374 Imp.
1322 2326 1454 2361 exstat

494 2410 586 2438 cum
616 2399 698 2436 Jac.
740 2394 950 2446 Sprengeri
998 2391 1139 2429 malleo
1184 2385 1455 2426 maleficarum

496 2463 534 2500 in
563 2460 657 2499 edit.
686 2456 864 2497 Francos.
898 2455 1011 2493 4580.
1042 2454 1077 2490 8.
1102 2457 1129 2489 t.
1158 2453 1171 2490 4
1203 2461 1239 2500 p.
1272 2446 1458 2486 664-746.

548 2518 864 2562 MOLMUTINAE
894 2519 1020 2567 Leges
1049 2519 1089 2553 et
1118 2508 1394 2552 MARCIANAE
1419 2509 1455 2545 in

495 2585 724 2633 Britannia,
755 2582 803 2620 de
833 2580 979 2631 quibus
1008 2589 1056 2616 cx
1081 2574 1280 2614 Gaufredo
1310 2571 1458 2611 Ranul-

498 2649 602 2700 phus
650 2645 854 2697 Higdenus
899 2644 935 2680 in
980 2639 1264 2690 polychronico
1295 2635 1359 2674 lib.
1390 2633 1457 2672 ΙΙΙ.

499 2714 537 2750 in
568 2711 652 2750 XV.
683 2706 946 2758 scriptoribus
975 2703 1149 2742 Thomae
1174 2700 1269 2739 Gale
1298 2709 1334 2748 p.
1365 2697 1455 2736 244.

499 2773 546 2812 ad
593 2774 753 2811 Annum
800 2769 915 2807 Urbis
952 2768 1097 2805 Romae
1144 2761 1324 2802 conditae
1366 2759 1457 2797 285.

502 2835 622 2875 Circa
665 2833 759 2871 haec
805 2835 981 2880 tempora
1011 2825 1236 2866 Dumwallo
1265 2821 1457 2861 MOLMU-

501 2898 642 2944 ClUS,
670 2894 777 2946 filius
824 2891 950 2930 Ducis
982 2886 1206 2929 Cornubiae
1245 2883 1368 2935 coepit
1393 2893 1456 2920 re-

498 2971 624 3011 ynare
652 2956 760 3010 apud
787 2955 997 2994 Britannos
1017 2983 1024 2999 ,
1049 2949 1121 3002 qui
1142 2946 1358 2998 interfectis
1383 2946 1455 2983 Re-

500 3022 617 3073 qi'bus
648 3018 864 3070 Laeyriae,
905 3013 1117 3056 Cambriae
1161 3014 1198 3048 et
1239 3006 1456 3055 Albaniae,

565 3164 598 3201 a)
621 3166 668 3195 lta
695 3168 817 3195 vocant
841 3164 1004 3193 Gesnerus
1032 3159 1065 3189 in
1084 3153 1268 3196 appendice
1284 3150 1368 3182 Bibl.
1386 3150 1468 3180 Sim·

506 3213 594 3243 ierus
614 3214 750 3252 aliique.

565 3262 601 3297 b)
619 3264 771 3294 niarium
790 3262 997 3292 eruditorum
1023 3256 1138 3288 ltaliae
1159 3257 1252 3285 Tom.
1274 3253 1311 3282 Χ.
1338 3258 1370 3289 p.
1393 3246 1466 3277 446.

569 3312 601 3349 c)
626 3311 805 3341 Salmasius
829 3318 971 3348 eumque
998 3307 1125 3343 secuti,
1150 3308 1187 3335 ut
1214 3301 1355 3333 illustris
1382 3301 1469 3329 ,1098-

511 3362 593 3402 phus
627 3363 793 3392 Antonius
820 3362 933 3391 Saxius
956 3357 996 3389 de
1019 3357 1139 3388 studiis
1166 3353 1323 3384 litorariis
1352 3347 1476 3380 Medio-

510 3412 577 3443 lan.
596 3421 626 3452 p.
651 3410 720 3441 150.
749 3414 880 3441 Annum
907 3407 999 3439 1465.
1025 3407 1213 3438 nominant.
1237 3400 1297 3433 Sed
1323 3403 1359 3432 Α.
1385 3396 1476 3429 1475.

1227 259 1706 302 MOLEanle

1492 331 1670 371 Insulam
1698 329 1805 369 solus
1834 330 2022 380 obtinuit,
2047 330 2237 370 Diadema
2261 342 2317 369 eoe.
2341 341 2443 370 auro

1494 394 1573 436 sibi
1596 393 1714 446 fecit,
1746 395 1868 443 Leges
1897 405 1997 444 quae
2026 394 2336 434 MOLMUTINAE
2377 403 2448 443 ap-

1492 457 1720 509 pellantur,
1772 456 2010 505 composuit,
2055 467 2157 508 quas
2198 453 2448 507 postmodum

1501 520 1683 559 (HLOAS
1707 518 1746 556 in
1772 517 1979 565 Latinum,
2003 517 2140 557 deinde
2160 520 2247 558 Rea:
2265 516 2450 556 ALVRE-

1498 584 1596 622 DUS
1623 581 1669 620 de
1698 580 1833 620 Latino
1864 578 2069 618 transtulit
2089 580 2128 618 in
2159 577 2376 630 Anylicum.
2398 577 2450 616 Et

1499 645 1547 684 ad
1578 644 1622 683 A.
1656 644 1741 681 406.
1792 640 1912 681 Circa
1941 640 2035 679 lzaec
2066 644 2239 694 tempora
2268 637 2453 691 reqnavz't

1499 707 1606 760 apud
1635 706 1845 745 Britannos
1872 700 2116 750 Guitelinus,
2137 703 2244 754 silius
2268 703 2454 752 Gur-ynn-

1500 771 1574 818 cit,
1604 769 1717 820 cujus
1745 778 1855 805 ησσον
1884 765 2075 804 MARCIA
2107 766 2256 805 cunctis
2297 761 2454 804 artibus

1494 844 1620 883 paene
1648 829 1799 869 imbuta
1829 831 1971 879 Legem
2003 825 2126 866 edidit
2148 825 2454 867 MARCIANAM.

1554 892 1726 932 Boninus
1754 891 2080 938 MOMBRITIUS,
2105 889 2298 934 Patricius
2321 889 2356 937 a)
2381 890 2458 928 Me-

1500 955 1742 995 diolanensis
1765 953 2010 1003 praeclaram
2041 962 2200 1002 operam
2226 953 2357 1002 posuit
2384 950 2458 990 sub

1502 1024 1681 1067 tempora
1712 1015 1916 1054 nascentis
1946 1012 2231 1065 typographiae
2260 1014 2299 1051 in
2336 1013 2462 1064 publi-

1503 1078 1642 1118 candis
1671 1078 1785 1116 bonis
1817 1077 2009 1128 scriptis:
2041 1075 2111 1115 sed
2140 1087 2240 1126 quae
2269 1074 2462 1114 editiones

1506 1141 1708 1180 rarissime
1724 1139 1839 1178 hodie
1858 1139 2128 1190 reperiuntur.
2145 1138 2247 1177 Sunt
2263 1137 2327 1175 illa
2343 1136 2466 1175 Chro-

1508 1205 1594 1241 nica
1625 1202 1799 1250 Eusebii,
1831 1202 2075 1253 Hieronymi,
2102 1201 2280 1252 Prosperi
2310 1204 2350 1239 et
2372 1200 2467 1238 Mat-

1514 1265 1619 1304 thaei
1650 1265 1833 1304 Palmerii
1859 1276 1989 1315 usque
2019 1263 2065 1303 ad
2097 1263 2144 1302 A.
2175 1261 2289 1302 llili8.
2319 1261 2354 1311 b)
2390 1262 2468 1300 Me—

1510 1328 1654 1366 diolan.
1686 1326 1805 1366 41ι75.
1839 1327 1901 1365 fol.
1933 1327 2154 1377 Scriptores
2175 1325 2360 1364 historiae
2389 1323 2468 1363 Au-

1511 1395 1675 1442 gustae,
1705 1389 1819 1429 4475.
1851 1390 1884 1437 c)
1917 1390 1978 1428 fol.
2025 1390 2165 1439 Papiae
2206 1387 2466 1439 glossarium,

1512 1453 1626 1493 4476.
1669 1452 1705 1499 d)
1748 1451 1809 1491 42.
1853 1451 2059 1489 Decembr.
2091 1450 2156 1488 fol.
2187 1450 2466 1489 Sanctuarium

1511 1518 1596 1554 sive
1626 1516 1736 1554 Vitae
1765 1514 2002 1553 Sanctorum
2033 1512 2221 1551 collectae
2262 1523 2312 1550 ex
2356 1509 2469 1550 Codi-

1511 1579 1623 1617 cibus
1652 1576 1930 1626 Manuscriptis
1954 1579 1994 1613 et
2022 1574 2226 1614 dedicatae
2256 1573 2378 1613 Cicho
2410 1573 2469 1612 Si-

1513 1645 1722 1685 monetae‚
1751 1639 1906 1677 Ducum
1935 1636 2290 1677 Mediolanensium
2332 1637 2468 1676 Sec-re-

1513 1704 1637 1749 tario,
1667 1701 1822 1740 duobus
1866 1702 1904 1738 in
1944 1701 2007 1739 fol.
2050 1700 2353 1747 Voluminibus,
2383 1700 2468 1736 sine

1515 1766 1606 1804 anni
1639 1769 1742 1803 nota.
1771 1763 1904 1802 Valuit
1952 1762 2055 1801 idem
2111 1762 2357 1802 Mombritius
2385 1771 2471 1800 car-

1515 1830 1646 1876 mine,
1691 1837 1781 1865 nam
1829 1837 1905 1864 non
1950 1825 2066 1863 modo
2107 1824 2347 1864 editionibus
2388 1824 2472 1861 suis

1517 1891 1802 1941 epigrammata
1831 1888 2027 1939 quaedam
2057 1887 2272 1938 breviaque
2297 1886 2472 1924 carmina

1517 1952 1733 2003 praemisit,
1756 1950 1825 1989 sed
1851 1952 1970 1989 etiam
1993 1951 2169 1989 carmine
2198 1949 2355 1988 heroico
2379 1947 2474 1986 scri-

1518 2016 1597 2066 psit
1626 2014 1746 2052 libros
1766 2025 1835 2052 sex
1858 2011 1904 2051 cle
1919 2012 2105 2065 passione
2134 2010 2353 2059 Dominica,
2374 2020 2475 2060 quos

1519 2079 1737 2128 respiciens
1766 2078 1958 2116 Daumius
1975 2087 2010 2126 p.
2028 2076 2090 2114 28.
2109 2075 2235 2125 Epist.
2260 2073 2308 2112 ad
2335 2074 2476 2112 Reine-

1522 2142 1635 2178 sium.
1651 2137 1919 2179 Mombritium
1935 2137 1980 2177 de
1991 2133 2477 2190 passionelDominilquem

1525 2200 1660 2248 habeo,
1676 2201 1769 2239 novi
1795 2201 1955 2239 inventu
1979 2211 2062 2239 esse
2089 2198 2362 2238 rarissimum.
2386 2198 2477 2236 Pro-

1526 2265 1598 2303 diit
1628 2265 1779 2314 Lipsiae
1810 2264 1925 2302 4499.
1958 2264 1992 2301 4.
2019 2261 2182 2301 Hesiodi
2225 2259 2480 2311 Theoyoniam

1530 2328 1678 2365 Latinis
1724 2337 1954 2376 expressam
2003 2324 2214 2372 versibus,
2258 2329 2298 2362 et
2341 2322 2479 2361 Borsio

1528 2389 1715 2436 Estensi,
1747 2389 1872 2438 primo
1902 2388 2212 2426 Ferrariensium
2242 2387 2338 2425 Duci
2378 2384 2481 2423 dica-

1530 2458 1638 2502 tam,
1682 2451 1909 2500 editamque
1956 2451 1993 2488 in
2041 2448 2279 2501 quibusdam
2326 2446 2482 2487 Hesiodi

1530 2514 1768 2553 editionibus
1798 2513 1972 2551 Basileae
2002 2517 2042 2551 et
2072 2513 2252 2563 Lipsiae,
2289 2513 2484 2550 memorat

1531 2576 1730 2627 Gyraldus
1761 2575 1824 2613 lib.
1857 2577 1893 2613 4.
1923 2575 1971 2613 de
2002 2576 2129 2626 poetis
2149 2577 2209 2614 sui
2233 2573 2423 2624 temporis
2446 2582 2484 2622 p.

1530 2640 1593 2678 28.
1622 2640 1676 2677 De
1707 2638 1832 2687 priore
1876 2648 1993 2687 opere
2031 2637 2160 2676 Julius
2189 2637 2334 2675 Caesar
2364 2634 2485 2673 Scali-

1528 2714 1596 2753 ger
1625 2703 1662 2739 in
1694 2700 1956 2750 hypercritico
1987 2711 2071 2749 pag.
2100 2698 2192 2736 729.
2234 2694 2484 2736 Mombrtttus

1526 2759 1845 2815 qenerosioribus
1878 2761 2008 2798 utitur
2046 2757 2202 2798 dicendi
2241 2756 2420 2808 leqibus:
2451 2761 2488 2795 et

1530 2838 1651 2878 quum
1675 2822 1799 2862 multa
1822 2822 2017 2869 admittit,
2043 2824 2196 2861 constat
2222 2819 2303 2860 sibi
2329 2824 2484 2869 tamen,

1528 2900 1649 2940 neque
1678 2885 1861 2939 dejicitur
1884 2884 1930 2923 cle
1954 2884 2080 2923 animi
2099 2883 2360 2923 commotione.
2385 2881 2483 2933 Eju-

1530 2951 1642 2989 sdem
1673 2949 1819 2987 inedita
1859 2948 1960 2998 apud
2006 2947 2206 2986 Labbeum
2249 2944 2408 2984 laudata
2446 2945 2484 2982 in

1531 3004 1626 3043 Bibl.
1660 3014 1759 3041 nova
1790 3003 2150 3052 Manuscriptorum
2175 3012 2212 3052 p.
2238 2999 2327 3039 349.
2349 2997 2395 3036 de
2417 3009 2487 3036 va-

1530 3147 1693 3178 veriorem
1719 3149 1811 3186 puto.
1836 3144 1915 3177 Vide
1937 3144 2133 3185 catalogum
2159 3142 2387 3175 Bibliothecae
2411 3142 2492 3173 Car-

1529 3196 1648 3228 dinalis
1672 3195 1715 3227 du
1745 3197 1819 3226 Bois
1849 3203 1923 3235 pag.
1947 3193 2020 3226 554.

1591 3246 1626 3281 d)
1651 3248 1741 3278 nanc
1765 3247 1888 3285 Papiae
1912 3243 2095 3276 editionem
2115 3241 2397 3275 Mediolanensem
2422 3242 2493 3281 ipse

1539 3297 1700 3337 possideo.
1748 3295 1900 3327 Oudinus
1930 3298 2022 3326 Tom.
2055 3294 2086 3325 5.
2123 3301 2198 3334 pag.
2230 3292 2312 3323 2660
2367 3298 2495 3323 memo-

1536 3351 1587 3378 rat
1603 3349 1759 3377 venetam
1779 3345 1870 3376 1496.
1896 3344 1946 3377 19.
1968 3343 2067 3384 April.
2084 3342 2141 3374 sed
2159 3349 2231 3375 eam
2248 3341 2290 3373 ab
2314 3343 2384 3382 ipso
2398 3341 2499 3372 Mom-

1547 3397 1647 3428 britio
1672 3404 1736 3426 non
1763 3401 1875 3435 putem
1901 3399 2050 3427 curatam
2075 3401 2156 3426 esse.
