2533 4009
447 289 518 328 152

441 358 697 401 (lldobertnsf
725 348 1056 398 .xi-cttiepiscopus
1086 347 1133 384 al)
1163 348 1275 386 Anno
1299 350 1387 387 805.

439 422 485 458 nd
519 421 607 458 stt.
639 411 967 455 ‚llodiolaneiisis‚
999 407 1046 445 de
1076 420 1154 458 quo
1200 409 1390 460 Ugliellus

439 491 529 520 tom.
563 482 594 517 4.
629 478 757 516 ltaliae
789 482 924 510 sacrae
955 482 1040 520 pag.
1072 471 1136 509 75.
1166 471 1263 520 Ejus
1300 472 1390 524 Fpe'-

439 543 574 583 stolam
618 540 663 576 ad
711 535 893 574 Carnium
926 534 971 571 M.
1004 544 1093 571 cum
1129 533 1257 571 indice
1287 536 1393 584 capi-

439 613 519 643 tnni
553 601 674 641 XXII.
702 598 786 635 libri
818 596 946 634 adhuc
978 594 1111 633 inediti
1134 594 1180 633 de
1201 593 1391 647 baptismo

438 672 472 702 et
504 661 760 710 Manuscripti
815 659 852 695 in
899 657 995 696 Bibl.
1036 657 1224 706 Augiensi
1272 668 1392 707 prope

436 724 707 766 Constantiam
732 751 739 767 ,
770 721 951 771 vulgavit
970 719 1216 757 Mahillonins
1239 724 1333 756 tom.
1358 719 1392 755 4.

436 788 612 827 Analect.
645 796 729 835 pag.
777 784 865 822 317.
916 782 1024 831 (edit.
1059 792 1183 819 novae
1216 793 1299 831 pagi
1331 781 1393 817 76.

437 851 532 898 seq.)
546 849 643 886 Eius
665 846 845 885 chartam
871 843 1090 883 donationis
1111 843 1233 881 edidit
1255 842 1397 893 Ughel-

437 911 614 950 lus-loco
646 909 817 947 laudato.

490 974 528 1011 S.
559 968 881 1011 OLDEGARlL'S
925 970 1010 1005 sive
1055 966 1304 1017 magistrtus,
1348 977 1396 1004 ex

437 1037 630 1085 Episcopo
651 1032 930 1071 barcinonensi
952 1029 1290 1079 Archiepiscopus
1306 1030 1398 1067 Tar-

439 1098 670 1136 raconensis
700 1095 917 1132 defunctus
949 1093 1022 1130 An.
1055 1092 1169 1130 4436.
1202 1092 1287 1128 Vita
1313 1090 1400 1140 ejus

443 1161 491 1198 ab
522 1161 752 1208 Anonymo,
783 1154 1034 1193 (lerundensi
1081 1155 1278 1193 Canonico
1309 1154 1404 1191 scri-

441 1228 505 1272 pta
538 1225 669 1258 exstat
702 1221 738 1256 in
771 1218 881 1256 Actis
906 1217 1141 1255 Sanctorum
1165 1222 1192 1254 t.
1220 1217 1255 1254 4.
1276 1215 1401 1253 Martii

443 1287 479 1323 6.
511 1295 596 1334 pag.
628 1282 706 1320 482
738 1281 825 1318 498.
871 1277 1090 1330 Epistolam
1119 1278 1166 1317 ad
1211 1279 1404 1316 Innocen-

444 1349 543 1385 tium
567 1346 610 1384 ll.
637 1343 760 1382 edidit
781 1341 1002 1381 Cardinalis
1027 1341 1236 1392 Aguirrius
1257 1345 1351 1378 tom.
1379 1340 1401 1377 3

445 1409 595 1448 Concil.
622 1408 782 1456 Hispan.
813 1416 900 1455 pag.
940 1404 1016 1443 342
1046 1415 1125 1442 003
1154 1415 1244 1442 cum
1277 1403 1401 1440 altera

446 1473 493 1512 ad
512 1468 793 1521 Raymundum
812 1497 820 1513 ,
845 1467 1122 1505 Ausonensem
1147 1467 1401 1516 Episcopum.

447 1535 558 1575 Abbe
588 1534 669 1572 Nic.
691 1531 849 1569 Antonii
876 1529 971 1569 Bibl.
998 1535 1079 1568 vet.
1104 1531 1316 1580 Hispanam
1338 1527 1403 1566 lib.

445 1598 531 1636 Vll.
559 1607 643 1646 cap.
675 1595 711 1632 4.
742 1599 835 1631 tom.
867 1593 905 1630 2.
934 1603 1023 1643 pag.
1057 1593 1117 1630 44.

500 1655 937 1699 OLDENBL'RGENSE
994 1653 1230 1692 Chronicon.
1278 1652 1402 1702 Supra

448 1721 671 1761 JOANNES
701 1716 972 1768 Sclii‘phower.

498 1782 835 1826 OLDlssERTUS,
870 1791 989 1830 supra
1020 1779 1298 1818 OLBERTUS.

500 1844 750 1885 OLDONIUS
803 1843 956 1891 Vossii,
1009 1843 1254 1893 Gangiique,

450 1907 718 1948 ORDONIUS.

505 1968 770 2009 OLDBADUS
788 1969 873 2006 sive
889 1965 1125 2006 OLRADUS
1149 1964 1408 2009 Bisdominus,

453 2035 644 2073 Senensis
674 2030 770 2070 Ord.
800 2028 936 2068 Praed.
968 2029 1112 2067 Jacobo
1142 2029 1287 2074 Quetif.
1318 2032 1344 2065 t.
1377 2029 1410 2065 4.

453 2096 551 2134 Bibl.
579 2094 870 2132 Dominicanor.
899 2104 972 2142 pag
1017 2092 1103 2130 403.
1140 2090 1410 2129 ODOARDUS

459 2155 692 2203 tf’z'sclomz'ni,
723 2157 828 2194 circa
859 2154 934 2194 An.
967 2153 1070 2193 4287
1108 2154 1268 2203 scripsit
1294 2152 1410 2202 jussu

455 2220 611 2259 Honorii
644 2219 692 2257 IV
698 2248 706 2256 .
732 2217 856 2255 Vitam
881 2217 926 2254 B.
946 2215 1150 2254 Ambrosii
1166 2213 1409 2263 Scmseclom'z‘,

456 2282 646 2321 Senensis
675 2280 766 2318 Ord.
799 2278 934 2317 Praed.
966 2279 1041 2317 An.
1070 2279 1171 2317 4285
1207 2278 1410 2324 defuncti,

456 2344 620 2393 adjutus
660 2344 696 2380 in
730 2342 793 2380 illo
824 2342 956 2380 labore
996 2342 1017 2378 a
1060 2340 1188 2379 tribus
1231 2340 1410 2390 ejusdem

459 2406 619 2446 Ordinis
657 2404 844 2443 fratribus
891 2403 1073 2442 Gisberto
1116 2403 1412 2449 Alexandrino,

458 2472 704 2520 Recuperato
748 2467 796 2505 de
827 2469 938 2505 Petra
972 2467 1099 2513 mala,
1130 2471 1169 2504 et
1199 2465 1415 2504 Aldobran—

459 2533 551 2571 dino
581 2533 820 2582 Papparono.
850 2530 994 2568 Exstat
1020 2530 1055 2566 in
1086 2529 1197 2567 Actis
1236 2529 1414 2567 Sanctor.

460 2602 555 2634 tom.
587 2595 622 2633 3.
651 2594 776 2632 Martii
808 2593 871 2631 20.
902 2603 988 2643 pag.
1022 2592 1111 2631 484.
1142 2590 1232 2629 200.

514 2655 785 2695 OLDRADUS
815 2654 863 2692 de
894 2656 1042 2699 Ponte,
1082 2653 1302 2692 Landensis
1345 2654 1419 2691 lta-

1309 1840 1406 1878 infra

461 2720 537 2765 lus,
554 2720 641 2757 Dini
660 2717 828 2765 auditor,
852 2717 1008 2755 amicus
1033 2716 1195 2754 Joannis
1224 2714 1417 2763 Andreae,

461 2783 570 2821 Juris
600 2782 809 2830 utriusque
827 2779 1153 2817 consultissimus
1183 2777 1317 2816 dncuit
1346 2779 1418 2815 Bo-

466 2846 633 2890 noniae,
664 2842 754 2880 inde
785 2842 959 2889 Patavii,
989 2847 1029 2878 et
1060 2840 1289 2878 Advocatus
1320 2840 1421 2877 Con-

467 2906 675 2945 sistorialis
706 2903 922 2943 defunctus
951 2907 1013 2940 est
1055 2902 1259 2940 Avenione
1305 2900 1420 2938 Anno

467 2970 581 3008 4335.
612 2969 672 3007 Ex
704 2967 792 3017 ejus
823 2966 983 3015 scriptis
1013 2964 1094 3002 sola
1127 2961 1300 3002 Consilia
1338 2961 1421 2999 lau-

468 3031 535 3069 dat
558 3030 802 3068 Trithemius
826 3040 910 3078 cap.
943 3026 1030 3066 577.
1056 3036 1156 3075 quae
1178 3026 1296 3062 etiam
1317 3023 1421 3061 edita

470 3097 561 3130 sunt
594 3092 770 3129 venetiis
790 3121 799 3137 ‚
829 3095 948 3140 atque
978 3088 1243 3136 Manuscripta
1276 3087 1311 3123 in
1357 3086 1422 3123 Pa-

473 3155 616 3190 tavinis
641 3155 675 3201 a)
696 3154 862 3203 aliisquo
888 3152 1020 3190 ltaliae
1046 3148 1322 3188 Bibliothecis:
1349 3148 1420 3185 Re-

474 3224 700 3262 sponsorum
728 3215 920 3253 Volumen
952 3212 1124 3264 appellat
1153 3210 1279 3249 Guido
1330 3210 1426 3247 Pan—

476 3274 659 3320 cirollusss
690 3278 753 3325 qui
780 3276 827 3313 de
848 3276 921 3314 hoc
945 3274 1114 3314 Oldrado
1134 3272 1257 3311 videri
1282 3275 1424 3322 potest,

534 3423 560 3449 a,
591 3415 665 3443 v‘nlv
689 3417 899 3446 Τουιεκίηιιιιι
925 3426 953 3455 p.
979 3417 1008 3447 si.
1034 3418 1064 3447 b.

1178 276 1685 316 OLDEGARIUS

1464 349 1516 387 lib
1557 349 1592 385 2.
1622 347 1671 385 de
1717 349 1860 398 Legum
1905 349 2189 400 interpretibus
2235 359 2319 401 cap.
2351 351 2414 390 52.

1465 414 1638 448 testatus
1668 410 1778 459 plura
1810 412 2016 462 scripsisse
2041 423 2143 462 quae
2166 412 2416 460 interierunt,

1465 477 1504 510 et
1548 471 1747 522 praeclara
1791 472 1829 509 in
1872 472 1942 511 ,lus
1970 474 2097 513 Civile
2136 475 2420 513 commentaria

1465 534 1661 580 edidisse,
1689 544 1790 583 quae
1819 535 2045 586 Gazalupus
2076 537 2162 587 pag.
2189 536 2276 575 505.
2304 539 2420 575 vocat

1468 599 1680 642 Lecturam,
1712 596 1846 645 aitque
1870 607 2006 636 earum
2031 610 2158 637 raram
2186 599 2337 649 copiam
2362 608 2422 636 re-

1469 658 1597 707 periri.
1629 657 1649 679 ⁴*
1678 657 1839 697 Oldradi
1870 657 1990 697 huius
2018 659 2183 699 consilia
2215 662 2252 698 in
2282 660 2423 699 Biblio-

1469 719 1524 757 th.
1556 719 1675 757 Felini
1719 718 1812 757 Cod.
1855 720 1945 758 295.
1989 721 2093 760 edita
2138 727 2234 762 sunt
2275 723 2422 761 Romae

1469 781 1571 832 apud
1603 782 1641 820 S.
1673 783 1846 821 Marcum
1878 793 1981 820 anno
2015 783 2128 822 4476.

1522 843 1796 883 OLlVARlUS
1826 845 1912 883 sive
1931 843 2130 883 Oli‘verz'us
2147 845 2422 896 Westphalus‚

1471 918 1520 944 ex
1563 907 1762 945 Canonico
1805 905 2115 945 Paderbornensi
2155 907 2425 946 scholasticus

1475 967 1716 1008 Coloniensis
1762 972 1802 1006 et
1842 968 1891 1006 ab
1933 968 1992 1006 An
2052 968 2166 1007 4223.
2212 969 2428 1008 Paderbor—

1474 1032 1608 1069 nensis
1634 1032 1878 1081 Episcopus,
1904 1030 2076 1081 denique
2115 1031 2163 1069 ab
2202 1030 2276 1070 An.
2307 1032 2450 1077 ⁴226„

1474 1095 1695 1144 Episcopus
1738 1093 1969 1132 Sabinensis
2011 1097 2052 1131 et
2093 1092 2342 1132 Cardinalis:
2372 1093 2429 1131 de

1474 1167 1552 1206 quo
1584 1157 1662 1194 Nic.
1695 1155 1933 1194 Schatenius
1971 1156 2009 1192 in
2044 1155 2253 1194 annalibus
2287 1155 2432 1194 Pader-

1474 1218 1763 1264 bornensfflus,
1806 1222 1845 1255 et
1888 1218 1947 1256 Jo.
1985 1218 2179 1269 Georgius
2223 1217 2429 1257 Eccardus

1476 1282 1513 1318 in
1566 1280 1856 1330 prolegomenis
1906 1279 1952 1318 ad
2001 1285 2162 1318 tomum*
2202 1279 2425 1319 secundum

1478 1343 1716 1393 scriptorum
1761 1341 1877 1380 medii
1915 1342 2002 1380 aevi
2047 1353 2156 1379 num.
2210 1341 2272 1380 VI.
2304 1341 2432 1393 Hujus

1476 1405 1636 1443 Oliverii
1667 1402 1844 1456 Epistola
1887 1403 1933 1442 ad
1979 1403 2264 1453 Engelbertum
2296 1404 2434 1442 Archi-

1478 1468 1716 1517 Episcopum
1762 1467 1896 1504 Goion.
1927 1465 1973 1504 de
2014 1466 2191 1517 captione
2228 1466 2435 1505 Damiatae

1477 1536 1516 1568 etv
1547 1530 1593 1568 de
1627 1531 1671 1567 iis
1700 1540 1800 1579 quae
1831 1528 1931 1566 vidit
1962 1529 1998 1566 in
2029 1529 2191 1567 Oriente
2220 1533 2330 1580 gesta
2360 1530 2434 1568 An.

1479 1593 1594 1632 4248.
1615 1592 1730 1631 4249.
1750 1595 1883 1629 exstat
1905 1592 1941 1628 in
1967 1590 2098 1629 Jacobi
2124 1591 2437 1629 G1·etseri·horto

1465 1656 1649 1701 Crucis,
1680 1658 1800 1704 atque
1831 1653 1919 1691 inde
1950 1654 1988 1690 in
2018 1654 2098 1692 Jae.
2129 1653 2331 1704 Bongarsii
2373 1664 2439 1702 ge—

1480 1719 1553 1756 stis
1581 1718 1664 1756 DEI
1695 1728 1764 1767 per
1802 1717 1973 1754 Francos
2017 1726 2102 1766 pag.
2153 1716 2272 1754 4485.
2322 1715 2436 1754 4492.

1482 1782 1600 1830 Casp.
1647 1780 1794 1818 Barthii
1826 1777 1872 1817 ad
1918 1779 2122 1818 Olverium
2162 1783 2276 1816 notae
2314 1778 2351 1814 in
2381 1777 2439 1814 Jo.

1482 1844 1581 1882 Petri
1627 1841 1821 1890 Ludewig
1865 1841 2041 1891 reliquiis
2089 1843 2437 1879 monumentorum

1483 1906 1630 1943 veteris
1659 1904 1744 1942 aevi
1784 1908 1877 1940 tom.
1909 1904 1944 1942 3.
1989 1913 2074 1952 pag.
2107 1901 2195 1941 5512
2240 1898 2322 1952 seq.
2371 1900 2442 1940 Hi—

1483 1966 1608 2006 storia
1630 1968 1775 2016 Requm
1805 1969 1938 2003 terrae
1961 1967 2146 2011 sanctae,
2171 1964 2220 2003 ab
2248 1964 2293 2003 Α.
2325 1964 2441 2003 4095.

1485 2029 1531 2069 ad
1565 2030 1679 2069 4242.
1709 2029 1747 2065 in
1779 2027 1925 2066 laudati
1956 2026 2120 2066 Eccard'i
2146 2027 2316 2078 Corpore
2346 2027 2440 2064 seri-

1487 2097 1644 2143 ptorum
1691 2090 1808 2129 medii
1853 2091 1938 2128 aevi
1969 2095 1995 2127 t.
2027 2090 2063 2129 2.
2094 2102 2131 2140 p.
2163 2091 2278 2129 4355.
2326 2089 2440 2128 4395.

1486 2156 1594 2202 Quae
1623 2153 1765 2192 deinde
1795 2153 1842 2191 ab
1872 2152 2009 2191 eodem
2050 2152 2227 2191 Eccardo
2258 2164 2293 2202 p.
2328 2150 2441 2190 4397.

1488 2218 1602 2258 4450.
1633 2215 1840 2266 subjicitur
1871 2214 2047 2254 Historia
2083 2213 2336 2262 Damiatz'na,
2382 2213 2440 2251 di-

1488 2283 1574 2318 visa
1602 2278 1797 2330 capitibus
1827 2279 1944 2317 XLV.
1973 2281 2014 2315 et
2044 2288 2172 2327 usque
2195 2276 2243 2316 ad
2269 2277 2312 2315 Α.
2340 2276 2442 2315 4322

1490 2341 1677 2394 producta
1708 2346 1859 2392 partem
1890 2341 1910 2379 e
1940 2342 2068 2391 capite
2089 2341 2159 2379 XI.
2182 2338 2228 2378 ad
2252 2340 2358 2378 XIX.
2381 2350 2445 2377 ea-

1490 2405 1578 2443 dem
1610 2409 1672 2443 est
1700 2415 1791 2442 cum
1821 2403 1999 2453 Epistola
2023 2413 2142 2453 quam
2173 2404 2194 2441 a
2230 2403 2444 2453 Bongarsio

1491 2467 1636 2506 editam
1668 2466 1777 2504 dixi.-
1820 2470 1974 2516 partem
2017 2476 2146 2516 usque
2174 2465 2222 2504 ad
2255 2476 2340 2516 cap.
2381 2464 2445 2511 27,

1492 2531 1611 2568 etiam
1642 2530 1790 2567 inserta
1836 2527 2022 2567 historiae
2069 2527 2449 2578 Hierosolymitanae

1493 2592 1623 2631 jacobi
1666 2591 1714 2629 de
1756 2591 1950 2629 Vitriaco·
1989 2595 2028 2628 et
2072 2601 2198 2637 usque
2240 2589 2286 2628 ad
2329 2593 2447 2641 caput

1494 2656 1634 2693 XXIV.
1666 2656 1687 2692 a
1716 2654 1810 2692 Tho.
1840 2653 1958 2692 Galeo
1990 2655 2024 2691 ir.
2057 2653 2243 2692 historiae
2268 2652 2448 2702 Anglica-

1496 2728 1568 2755 nae
1599 2716 1855 2766 scriptoribus
1884 2716 2084 2764 quinque,
2115 2714 2239 2752 Oxon.
2271 2713 2385 2753 4687.
2421 2715 2445 2752 f.

1495 2790 1582 2829 pag.
1605 2779 1679 2816 435
1716 2789 1800 2826 seq.
1825 2778 2017 2826 repetita,
2046 2776 2252 2827 utrobique
2278 2788 2355 2815 non
2385 2787 2451 2826 ap-

1496 2841 1639 2890 pellato
1660 2839 1819 2877 Oliverii
1843 2839 2014 2876 nomine.
2040 2832 2314 2878 Conferendus
2330 2839 2448 2877 etiam

1495 2902 1626 2940 Jacobi
1656 2901 1704 2939 de
1735 2901 1902 2939 Vitriaco
1943 2901 2039 2939 liber
2081 2902 2223 2940 tertius
2266 2901 2448 2939 historiae

1496 2963 1707 3002 Orientalis
1736 2963 1784 3001 ab
1813 2967 1927 3002 antea
1959 2962 2076 3002 editis
2099 2963 2308 3012 diversus,
2330 2975 2447 3014 quern

1497 3037 1545 3064 ex
1590 3025 1729 3064 Codice
1772 3027 2000 3075 Bigotiano‚
2032 3035 2136 3064 nunc
2180 3025 2276 3064 Bibl.
2306 3026 2449 3075 Regiae

1499 3088 1677 3137 vulgavit
1707 3087 1944 3127 Edmundus
1974 3089 2148 3126 Martene
2178 3092 2274 3126 tom.
2304 3087 2337 3124 3.
2365 3086 2450 3124 the—

1501 3152 1604 3189 sauri
1648 3150 1930 3190 anecdotorum
1978 3163 2013 3201 p.
2057 3149 2144 3189 268.
2175 3160 2260 3198 seq.·
2288 3147 2347 3186 Ab
2377 3148 2449 3187 hac
2506 3191 2507 3195 Ἰ

1501 3213 1659 3250 Oliverii
1705 3213 1865 3251 historia
1912 3213 2130 3251 Damiatina
2161 3221 2235 3248 non
2266 3209 2450 3249 diversus
2504 3239 2506 3242 .

1502 3280 1561 3313 est
1595 3276 1689 3313 liber
1722 3275 1767 3313 (le
1801 3273 2048 3325 eaepeclv'te‘one
2095 3270 2449 3324 Hierosolymitana
2503 3299 2505 3315 2
