2517 4009
935 226 1222 266 PETRUS

89 299 197 336 tinus
213 295 426 335 Carmelita
444 293 821 346 sacraeTheologiae
844 297 1044 336 Professor

89 360 193 398 circa
218 358 264 397 A.
298 356 410 395 4460.
441 355 602 405 scripsit
636 355 759 395 Vitam
791 359 829 397 S.
860 358 1044 397 Andreae

91 418 250 460 Corsini
263 417 518 465 Carmelitae,
539 418 724 469 Episcopi
746 421 951 459 Faesulani
978 420 1046 458 dc-

89 482 214 521 functi
243 479 289 518 A.
320 478 436 518 4373.
466 490 586 529 quam
616 491 665 518 ex
691 481 833 521 Codice
858 482 1045 521 Vaticano

86 543 210 581 edidit
226 542 410 591 notisque-
428 541 643 580 illustravit
656 544 886 583 Dominicus
903 545 1046 592 aJesu,

87 603 300 644 Gai-melita
330 604 369 640 in
399 602 497 640 libro
517 603 566 642 de
589 605 701 643 Actis
725 606 1046 644 Canonizationis

86 666 129 705 S.
169 663 377 712 Andreae,
421 669 542 715 atque
572 665 662 704 inde
705 666 920 705 Bollandus
950 671 1044 704 tom.

87 728 126 767 2.
154 728 315 766 Januar.
348 727 412 765 30.
441 738 526 777 pag.
559 727 799 767 4064-4073.
831 729 874 766 In
905 727 1044 766 eodem

86 787 232 827 Codice
253 789 461 837 ¹Vaticano
504 789 578 828 fuit
608 790 727 827 etiam
763 789 848 828 Vita
877 789 1043 829 aliorum

87 849 255 888 duorum
279 849 442 888 heroum
459 848 620 888 Ordinis
640 851 879 890 Carmelitici
902 852 943 889 B.
965 851 1047 889 An-

89 909 169 961 9el2
197 910 525 963 Hz'erosolymitae
553 917 593 950 et
620 914 832 962 Martyris,
863 924 936 952 nec
967 925 1044 952 non

86 970 244 1011 Alberli
269 971 396 1012 Siculi
424 978 464 1012 et
493 974 755 1013 Confessoris.

146 1033 339 1073 PETRUS
357 1033 405 1074 de
419 1033 576 1074 Andria
593 1064 600 1083 ,
617 1036 772 1086 Apulus
791 1036 886 1075 Ord.
909 1036 1045 1075 Praed.

88 1094 247 1134 auditor
292 1095 332 1135 S.
375 1096 551 1135 Thomae
580 1097 820 1146 Aquinatis,
850 1110 900 1136 ex
930 1097 1046 1148 cujus

89 1168 156 1196 ore
185 1158 303 1196 etiam
337 1159 545 1196 Lecturam
576 1169 699 1209 super
734 1158 978 1198 Matthaeum
1007 1163 1048 1198 et

85 1218 353 1258 Collectiones
391 1217 438 1257 de
479 1219 610 1258 decem
632 1220 861 1271 praeceptis
901 1221 1046 1260 dicitur

85 1280 293 1330 excepisse
312 1279 468 1328 ,clarus
493 1281 598 1319 circa
617 1280 663 1318 A.
690 1281 759 1320 434
772 1283 807 1319 6.
832 1282 894 1320 Ex
918 1283 1044 1333 ipsius

84 1341 244 1392 scriptis
280 1345 493 1380 tractatum
523 1340 571 1380 de
601 1341 686 1380 vita
729 1342 937 1394 spirituali
963 1356 1046 1383 me-

92 1407 220 1442 morat
246 1403 419 1442 Jacobus
442 1403 579 1449 Quetif
596 1407 691 1441 tom.
726 1406 865 1455 l.pag.
892 1404 982 1444 534.

139 1464 334 1506 PETRUS
349 1464 540 1517 Anylicus
559 1477 607 1504 ex
630 1465 770 1505 eodem
795 1466 1045 1506 Praedicato-

0 1563 14 1580 Χ
89 1538 178 1566 rum
215 1526 378 1576 ordine,
406 1528 511 1566 circa
538 1525 586 1565 A.
617 1528 736 1567 1340
761 1528 881 1578 cujus
908 1529 1045 1568 lauda-

87 1593 153 1627 tur
169 1587 307 1628 tabula
324 1587 510 1627 notabilis
528 1599 651 1641 super
669 1589 845 1640 9lossam
871 1590 1044 1630 Ordina-

62 1654 64 1657 “
84 1648 188 1688 riam
206 1649 304 1689 Vide
319 1651 483 1690 Baleum
499 1652 569 1690 Xl.
581 1651 646 1690 22.
664 1663 714 1690 ex
732 1652 896 1704 Philippi
913 1653 1044 1692 Wolfii

86 1713 180 1750 vitis
201 1713 420 1763 peritorum
450 1713 640 1751 virorum.
665 1715 726 1753 Ex
748 1715 864 1754 Baleo
889 1717 1046 1755 Pitseus

82 1785 121 1824 p.
149 1774 238 1813 430.
262 1778 302 1813 et
325 1774 499 1814 Jacobus
522 1775 662 1821 Quetif
689 1780 786 1815 tom.
817 1779 855 1816 4.
887 1790 922 1828 p.
955 1777 1045 1816 603.

136 1837 333 1876 PETRUS
360 1835 570 1876 Anselmus
586 1848 706 1888 supra
724 1843 751 1876 t.
775 1840 806 1877 4.
824 1851 862 1889 p.
884 1841 974 1879 440.

137 1899 330 1938 PETRUS
371 1899 592 1949 Antonius,
630 1901 875 1941 Finariensis
912 1903 1046 1942 clarus

83 1961 188 1999 circa
215 1959 288 1999 An.
320 1961 436 2000 4460.
467 1963 628 2012 scripsit
657 1963 801 2002 librum
833 1964 919 2002 sive
958 1966 1047 2003 Dia-

85 2022 218 2072 logum
249 2021 296 2060 de
317 2021 508 2073 dimicate
539 2023 768 2076 Principum
800 2025 849 2063 ad
880 2026 1048 2065 Frideri-

82 2093 174 2123 cum
206 2085 380 2134 primum
409 2084 634 2124 Palatinum
663 2087 890 2126 Electorem
923 2090 1048 2127 victo-

82 2145 233 2185 riosum
263 2147 330 2196 qui
362 2147 437 2185 An.
469 2146 586 2186 4477.
615 2147 720 2186 diem
752 2149 856 2188 obiit.
901 2150 1046 2189 Editus

81 2211 146 2244 est
175 2208 198 2245 3
227 2207 400 2246 Frehero
429 2219 522 2247 cum
556 2209 603 2248 Jo
648 2210 855 2250 Trithemii
886 2211 935 2250 de
964 2213 1047 2251 eiu-

82 2269 196 2307 sdem
226 2269 413 2310 Friderici
444 2271 549 2320 vita,
579 2271 825 2323 Heidelberg.
862 2274 975 2312 4602.
1008 2275 1043 2312 4.

81 2334 122 2367 et
151 2341 321 2370 recusus
338 2333 375 2370 in
394 2332 543 2371 laudati
561 2333 719 2372 Freheri
739 2339 844 2373 tomo
867 2335 1044 2374 secundo

82 2393 322 2442 scriptorum
353 2392 403 2431 de
433 2393 556 2432 rebus
584 2394 718 2433 Germ.
745 2407 781 2445 p.
810 2396 900 2436 372.
925 2397 1016 2436 382.

139 2452 161 2476 *
185 2454 381 2493 Diversus
403 2454 452 2493 ab
473 2454 547 2493 hoc
568 2456 682 2494 Petro
707 2455 879 2496 Antonio
900 2462 963 2496 est
990 2460 1045 2498 al-

87 2518 148 2552 ter
172 2515 316 2554 Petrus
344 2514 507 2554 Antonii
540 2517 643 2555 civis
665 2522 706 2555 et
728 2520 944 2557 canonicus
975 2521 1045 2558 Se-

84 2578 250 2625 nensis,
293 2578 361 2627 qui
406 2579 632 2628 repetitioni
678 2579 835 2618 cuidam
879 2581 1044 2620 Abbatis

87 2638 360 2677 panormitani
386 2650 507 2690 super
533 2640 629 2679 illud
657 2647 788 2680 stante
808 2648 962 2682 statuto
985 2655 1046 2682 re-

82 2698 243 2750 spondit
265 2701 446 2750 opposita
471 2702 708 2751 repetitione
734 2701 779 2740 A.
803 2704 900 2742 4424
938 2704 1042 2754 quod

80 2762 277 2812 scriptum
301 2767 440 2800 servat
463 2762 590 2801 codex
617 2762 693 2802 460
737 2765 811 2803 MS.
852 2765 948 2804 Bibl.
974 2767 1044 2804 Fe—

80 2822 279 2872 linianae.)

134 2885 329 2925 PETRUS
337 2885 564 2937 Apollonius
574 2886 931 2939 Collatius.Sup.t.i
944 2918 952 2927 .
967 2891 980 2928 4
992 2889 1056 2928 24.

133 2947 328 2986 PETRUS
364 2946 411 2986 de
454 2948 588 2999 Apono
630 2952 718 2990 sive
761 2950 926 3000 libano,
957 2954 1044 2991 vico

80 3008 162 3057 agri
193 3009 398 3057 Patavini,
426 3009 648 3060 Aponensis
679 3018 798 3052 natus
824 3014 898 3052 An.
926 3015 1041 3054 4253.

81 3072 125 3107 ut
154 3069 239 3118 ipse
267 3069 489 3110 differentia
519 3074 659 3112 XLIX.
691 3079 893 3123 testatus,
924 3077 1044 3115 Medi-

79 3139 154 3168 cus
182 3133 223 3168 et
253 3130 543 3182 Philosophus,
572 3136 688 3174 cuius
716 3136 791 3175 An.
823 3139 937 3177 4346.
963 3144 1040 3178 aet.

81 3191 142 3230 66.
169 3191 348 3231 defuncti
379 3197 538 3233 statuae
559 3195 765 3246 lapideae,
792 3199 828 3235 in
852 3211 928 3238 una
955 3212 1043 3250 por-

79 3257 210 3293 tarum
243 3256 430 3293 Praetorii
462 3257 668 3304 Patavini,
701 3260 910 3299 Procerum
948 3273 1041 3301 con-

80 3325 204 3355 sensu
234 3315 331 3355 haec
373 3317 599 3368 subscripta
642 3319 856 3370 leguntur:
898 3324 1039 3363 Petrus

1990 224 2072 263 229

1116 296 1276 347 Aponus
1315 297 1535 336 patavinus
1554 329 1563 345 ‚
1604 295 1876 348 Philosophiae
1919 293 2080 334 Medici-

1118 369 1268 409 uaeque
1296 359 1584 397 scientissimus
1612 356 1659 396 ob
1689 357 1805 410 idque
1843 357 2082 396 Conciliato—

1121 420 1174 457 ris
1217 431 1426 470 coynomen
1467 419 1654 472 adeptus:
1701 418 1950 470 Astroloyiae
1986 428 2081 456 vero

1121 479 1217 518 adeo
1257 481 1414 532 peritus
1457 485 1502 519 ut
1543 482 1584 518 in
1626 481 1782 531 mayiae
1817 478 2081 531 suspicionem

1119 541 1328 590 inciderit,
1361 541 1544 594 falsoque
1578 542 1624 581 de
1664 542 1822 581 haeresi
1855 539 2083 592 postulatus

1119 601 1326 641 absolutus
1354 602 1434 654 fuit
1475 605 1529 641 De
1559 614 1605 642 eo
1635 608 1794 654 praeter
1816 603 2081 642 Tritbemium

1119 674 1203 714 cap.
1230 664 1325 703 556.
1352 665 1687 703 Bibliothecarum
1721 664 1960 703 Medicorum
1988 664 2084 702 scri-

1119 730 1283 775 ptores,
1313 730 1354 764 et
1384 726 1692 765 llendreichium
1732 727 1918 765 Pandect.
1961 727 2084 764 Bran-

1119 785 1236 824 denb.
1262 798 1347 838 pag.
1375 788 1412 825 4.
1442 789 1522 826 Jac.
1556 788 1762 839 Philippus
1787 789 2027 827 Tomasinus
2045 789 2082 825 in

1118 848 1256 899 elogiis
1285 849 1360 888 An.
1406 849 1524 888 4630.
1569 849 1687 888 editis
1732 861 1818 901 pag.
1852 851 1914 889 24.
1946 851 2012 889 ubi
2043 853 2084 888 et

1119 910 1271 960 effigies
1300 911 1374 950 viri
1407 911 1530 949 nitide
1561 912 1598 949 in
1631 922 1699 950 aes
1722 913 1921 962 insculpta
1945 923 2084 951 occur-

1121 973 1197 1010 rit:
1224 974 1484 1012 Portenarius
1505 984 1590 1024 pag.
1611 974 1700 1012 272.
1719 974 1988 1013 Scardoenius
2017 974 2082 1012 lib.

1120 1033 1156 1072 2.
1183 1034 1302 1073 31355.
1333 1035 1369 1073 9.
1401 1046 1486 1085 pag.
1519 1034 1610 1073 200.
1641 1036 1723 1074 Mc.
1767 1036 1998 1075 Comnenus
2044 1038 2082 1073 in

1122 1094 1285 1134 historia
1323 1096 1531 1146 Gymnasii
1578 1098 1758 1136 Patavini
1798 1102 1891 1136 tom.
1924 1099 1958 1136 4.
1995 1108 2082 1148 pag.

1121 1156 1213 1195 278.
1239 1158 1468 1209 Christoph.
1492 1159 1595 1209 Aug.
1621 1160 1885 1198 Heumannus
1909 1160 1948 1197 in
1972 1159 2084 1198 Actis

1120 1217 1447 1269 Philosophorum
1494 1221 1576 1258 Vll.
1605 1232 1693 1271 pag.
1721 1222 1783 1259 69.
1815 1233 1898 1272 seq.
1930 1222 2013 1260 XV.
2044 1233 2082 1271 p.

1120 1279 1210 1317 374.
1228 1291 1313 1329 seq.
1330 1286 1369 1318 et
1391 1280 1614 1320 Niceronus
1640 1283 1676 1319 in
1710 1285 1914 1322 memoriis
1931 1284 2081 1322 Gallice

1119 1339 1240 1378 editis
1276 1340 1325 1379 de
1357 1342 1453 1379 viris
1483 1343 1653 1381 eruditis
1691 1349 1785 1382 tom.
1817 1346 1960 1384 XXVI.
1994 1357 2080 1396 pag.

1120 1403 1162 1440 34
1174 1402 1209 1439 3.
1241 1402 1346 1451 (255.
1371 1403 1640 1442 Mazzuchelli
1658 1405 1701 1443 G.
1726 1407 1775 1444 M.
1797 1407 1953 1446 Notz'zie
1980 1407 2083 1446 della

1118 1462 1202 1502 vila
1232 1462 1275 1501 di
1302 1463 1435 1502 Pietro
1449 1463 1626 1503 d’Abano
1641 1466 1780 1504 Venet.
1805 1468 1919 1507 4744.
1948 1470 1984 1507 in
2018 1471 2080 1508 42.

1119 1530 1160 1563 et
1189 1527 1228 1562 in
1259 1530 1294 1562 t.
1316 1527 1447 1565 XXllI
1469 1537 1532 1577 op.
1559 1527 1744 1579 Opuscoli
1773 1540 1880 1568 racc.
1911 1529 1979 1568 dal
2008 1531 2083 1571 Ca-

1121 1585 1296 1638 l09erc‘i.)
1325 1588 1426 1638 Ejus
1481 1591 1656 1640 scripta:
1704 1590 1945 1630 Conciliator
1990 1593 2080 1631 240.

1124 1649 1446 1700 differentiarum
1472 1650 1792 1704 Philosophorum
1814 1657 1852 1692 et
1869 1655 2084 1705 praecipue

1119 1710 1394 1761 Medicorum,
1438 1712 1487 1751 de
1531 1714 1759 1754 omnimoda
1802 1716 1994 1755 Medicina
2035 1716 2083 1755 ad

1120 1775 1315 1813 Joannem
1347 1776 1473 1814 XXll.
1504 1786 1607 1826 opus
1638 1779 1832 1828 scriptum
1861 1778 1935 1817 An.
1968 1779 2083 1818 4303.

1121 1841 1167 1875 ut
1196 1841 1337 1875 auctor
1367 1837 1591 1877 differentia
1621 1840 1688 1878 IX.
1718 1844 1903 1879 testatur.
1939 1841 2085 1879 Prodiit

1122 1898 1263 1937 Venet.
1297 1898 1411 1938 4474.
1444 1900 1560 1939 4483.
1592 1901 1656 1940 fol.
1700 1903 1839 1952 Papiae
1870 1903 1986 1941 4490.
2018 1903 2082 1941 fol.

1121 1964 1162 1998 et
1190 1971 1283 1999 cum
1322 1962 1412 2010 eJ'us
1452 1959 1581 2000 libello
1611 1962 1658 2002 de
1691 1963 1853 2002 Veneriis
1883 1968 1922 2002 et
1948 1975 2084 2003 eorum

1120 2021 1309 2062 remediis
1351 2024 1489 2063 Venet.
1535 2026 1652 2065 4496.
1700 2026 1763 2064 fol.
1809 2027 1925 2066 4504.
1966 2028 2082 2067 4520.

1123 2085 1241 2124 4548.
1272 2085 1389 2125 4555.
1436 2088 1554 2126 4565.
1598 2088 1712 2126 4590.
1755 2090 1824 2128 Hic
1868 2092 2083 2140 separatim

1121 2147 1242 2185 etiam
1287 2148 1432 2198 prodiit
1475 2151 1662 2189 Mantuae
1700 2151 1817 2190 4473.
1850 2153 1883 2190 4.
1916 2164 2083 2192 recusus

1120 2209 1239 2248 Basil.
1272 2211 1389 2249 4534.
1422 2211 1458 2249 8.
1489 2213 1685 2263 Marpurg.
1713 2213 1830 2252 4537.
1855 2215 1916 2253 42.
1944 2216 2080 2253 Venet.

1122 2272 1239 2310 4550.
1268 2272 1303 2309 8.
1334 2276 1374 2310 et
1402 2284 1495 2311 cum
1526 2273 1747 2312 Hermanni
1779 2277 1800 2314 a
1830 2278 2013 2316 Nuenare
2043 2283 2083 2316 et

1119 2334 1179 2370 Jo.
1210 2333 1393 2372 Schilleri
1414 2334 1463 2372 de
1488 2335 1642 2374 Sudore
1666 2338 1893 2376 Britannico
1917 2343 1957 2375 et
1978 2339 2082 2377 Guii.

1118 2395 1311 2434 Grataroii
1341 2395 1391 2435 de
1421 2400 1745 2446 praeservatione
1775 2401 1796 2438 a
1829 2401 2012 2447 venenis,
2043 2401 2078 2438 8.

1120 2456 1373 2508 Argentorat.
1397 2458 1515 2497 4566.
1537 2460 1626 2508 (256
1643 2461 1776 2499 italice
1805 2472 1825 2499 a
1856 2462 2078 2500 Saec.XlV.

1119 2520 1262 2569 plurib.
1294 2520 1392 2558 Bibl.
1437 2525 1480 2558 ut
1524 2522 1561 2558 in
1592 2523 1672 2560 MD.
1704 2522 1878 2561 Palatina
1911 2523 2078 2562 Florent.

1118 2582 1166 2619 V.
1194 2582 1325 2619 Molini
1356 2592 1441 2630 pag.
1476 2581 1536 2630 4.)
1566 2583 1804 2622 Conciliator
1841 2587 1961 2623 etiam
1993 2598 2082 2636 pro-

1118 2642 1190 2680 diit
1219 2642 1338 2681 Basil.
1372 2642 1486 2681 4535.
1521 2642 1583 2681 iol.
1610 2655 1701 2682 cum
1728 2645 1938 2695 paradoxis
1962 2648 2081 2685 Medi-

1120 2706 1179 2742 cis
1210 2703 1434 2743 Leonhardi
1480 2706 1664 2744 Fuchsii:
1693 2713 1733 2745 et
1761 2703 2079 2758 compendium,

1117 2768 1293 2816 Gregorii
1343 2770 1484 2807 llarstii
1537 2768 1780 2808 conciliator
1825 2769 2078 2819 maechatus,

1122 2829 1287 2869 Giessae
1320 2833 1435 2870 4645.
1469 2833 1502 2870 4.

1175 2893 1434 2941 Quaestiones
1463 2892 1509 2932 de
1537 2892 1721 2945 febribus
1741 2923 1751 2938 ‚
1776 2896 1810 2932 in
1838 2896 1989 2945 sylloge
2006 2897 2081 2934 Ve-

1121 2958 1211 2992 neta
1260 2957 1461 2994 variorum
1513 2957 1751 3006 scriptorum
1804 2957 1852 2994 de
1905 2958 2078 2997 febribus

1121 3018 1223 3055 4576
1255 3018 1316 3055 fol.
1349 3029 1433 3068 pag.
1466 3019 1555 3058 218.
1588 3024 1627 3055 ot
1656 3018 1702 3056 de
1747 3017 1896 3058 balneis
1929 3022 1964 3057 in
1997 3023 2079 3070 syl-

1120 3079 1204 3128 loge
1235 3080 1383 3117 Veneta
1415 3080 1463 3117 (lc
1494 3081 1645 3118 balonis
1677 3082 1791 3118 4553.
1826 3082 1887 3119 sol.
1921 3094 1956 3132 p.
1983 3083 2074 3122 222.

1120 3144 1290 3189 utraque
1319 3151 1368 3178 cx
1399 3141 1661 3179 Conciliatore
1690 3149 1890 3193 excerpta.

1171 3201 1378 3252 Exposzlio
1402 3200 1693 3251 problematum
1723 3204 1976 3254 .·ir1'stotel1's,
2007 3209 2078 3246 Pa-

1119 3269 1197 3301 tav.
1234 3264 1344 3301 1482.
1391 3264 1527 3302 venet.
1562 3266 1676 3304 4482.
1709 3269 1822 3306 4505.
1864 3270 1979 3308 4549.
2011 3270 2074 3308 fol.

1118 3325 1238 3363 Paris.
1265 3325 1380 3363 4520.
1408 3326 1468 3364 fol.
1498 3328 1541 3365 In
1559 3328 1722 3368 loannis
1747 3331 1879 3369 Mesae
1899 3331 1947 3369 de
1975 3343 2077 3370 mox·-
