2533 4009
419 213 495 249 570

420 283 471 317 Tu
497 279 596 315 sacis,
617 281 648 310 et
672 274 776 308 dicis.
803 270 960 312 Lacessis
981 275 1051 306 me,
1077 262 1228 307 perlida,
1247 262 1362 296 sactis.

440 347 669 390 improperas
693 342 770 383 post
794 336 884 371 haec
907 334 999 368 sacta
1023 329 1191 367 nefanda,
1212 327 1318 362 mihi.

413 415 513 451 Nunc
537 412 611 446 scio
633 409 677 442 de
714 406 818 445 tarto,
853 400 947 445 quod
984 405 1134 440 semper
1168 394 1274 436 culpa
1311 402 1367 427 re-

1229 460 1370 495 dundat

433 545 472 579 ln
497 542 686 581 miserum,
710 536 770 582 qui
796 545 866 569 nou
890 531 988 566 unde
1023 533 1144 564 tuetur
1172 528 1295 562 habet.

322 606 376 639 7¹³·
415 610 472 646 Li:
494 608 662 654 quotiens
686 604 803 639 oritur
826 600 982 646 aquilas,
1006 607 1047 632 ac
1071 597 1167 631 inter
1190 596 1325 637 olores,

435 676 549 719 Culpa
573 674 663 708 solet
689 669 854 706 minimis
876 674 1025 709 semper
1051 659 1177 708 iniqua
1200 662 1292 696 dari.

415 742 474 778 Sic
490 741 658 786 quotiens
676 740 816 772 certant
834 736 1013 773 Actaeon,
1030 738 1173 773 rexque
1190 727 1367 770 serarum,

437 807 602 843 Pessima
626 805 687 849 qui
711 804 833 838 minor
856 804 909 835 est
935 799 1014 833 iura
1041 798 1163 831 fovere
1188 795 1322 828 serunt.

417 873 463 909 Et
486 871 656 919 quotiens
680 868 802 905 rabies
825 866 943 902 saevit
964 862 1190 900 Germanica
1212 859 1357 903 Tuscis,

437 940 581 985 Oppida
606 941 788 974 testantur
810 934 923 974 levia,
952 931 1065 965 fracta
1089 928 1192 964 sides.

415 1006 468 1040 Tu
480 1013 624 1050 quoque
636 1012 705 1037 me.
718 1001 786 1035 Sed
807 1000 836 1033 si
855 998 928 1032 vim
948 993 1189 1038 vi'depellere
1206 1001 1367 1037 possem,

437 1070 505 1106 Yel
530 1074 663 1108 taceas,
687 1072 744 1102 tua
770 1065 827 1102 rel
850 1062 994 1108 parcior
1016 1061 1070 1094 ira
1099 1059 1203 1093 soret.

413 1122 563 1171 Cautius
585 1143 675 1170 ereo
699 1137 776 1167 tuas
799 1135 958 1173 satyras,
983 1126 1138 1162 inimica
1161 1125 1330 1165 deorum,

434 1200 581 1241 Insere,
608 1200 666 1231 vet
691 1194 752 1230 tihi
777 1202 872 1238 quae
896 1194 980 1226 sunt
1002 1189 1188 1224 reticenda
1212 1187 1309 1222 vide.

411 1263 612 1300 Nammale
628 1261 783 1299 castieat
801 1259 937 1300 socios,
953 1266 1062 1301 quem
1077 1254 1220 1289 crimen
1238 1253 1367 1288 cadem

438 1329 536 1364 Labe
560 1325 695 1372 premit
723 1324 876 1369 pariter,
893 1332 1003 1367 quam
1021 1329 1215 1355 removere
1231 1319 1364 1354 studet.

413 1394 471 1430 Sic
488 1394 592 1430 Paris
605 1390 866 1436 Aegidem3sic
880 1387 1014 1423 Lucius
1026 1387 1085 1421 ille
1101 1384 1320 1428 Cethegum2

436 1460 498 1496 Sic
520 1469 663 1505 quoque
687 1455 948 1502 retrogradum
968 1456 1086 1487 mater
1101 1460 1237 1495 aquosa
1252 1459 1371 1484 suum.

417 1525 497 1561 Non
535 1524 647 1569 igitur
684 1522 834 1558 studeas
867 1520 958 1555 alios
995 1519 1176 1553 damnare
1202 1516 1297 1561 quod
1333 1517 1372 1550 in

1237 1584 1271 1616 te
1292 1583 1372 1622 est,

438 1654 491 1690 Ne
515 1653 619 1689 cadat
643 1653 678 1688 in
703 1650 857 1686 barbam
882 1659 999 1695 poena
1023 1647 1196 1692 pudenda
1220 1650 1331 1682 tuam.

416 1720 509 1756 Nam
548 1720 687 1754 fatuum
727 1717 837 1752 nimis
873 1719 952 1758 est,
987 1715 1149 1760 aliquem
1186 1713 1368 1748 damnare

1180 1777 1343 1824 seipsum
1362 1806 1371 1823 ‚

437 1851 541 1894 Quod
565 1850 629 1886 tibi
655 1860 701 1885 ne
726 1849 851 1890 facias,
875 1843 1052 1890 litigiosa,
1075 1854 1175 1880 cave.

413 1915 466 1950 Tu
491 1917 593 1959 levis,
624 1919 658 1951 et
683 1916 801 1957 laeva,
827 1918 861 1949 tu
885 1922 1074 1957 praeceps
1098 1916 1133 1946 tu
1159 1910 1321 1955 furiosa,

438 1982 491 2017 Tu
512 1983 656 2017 ratione
679 1991 810 2016 carens
834 1979 956 2014 nescis
983 1977 1123 2012 habere
1158 1976 1323 2011 modum.

331 2052 386 2082 80.
415 2047 475 2083 Me
500 2047 601 2088 teris,
626 2050 734 2091 atque
758 2046 861 2088 suris,
887 2046 1028 2079 laceras
1053 2052 1135 2078 mea
1175 2042 1342 2077 membra
1364 2069 1373 2085 ‚

1200 2108 1372 2152 tiu-ossis,

442 2177 486 2214 Et
510 2177 618 2221 latus,
641 2182 677 2213 ct
700 2178 812 2212 latum
837 2175 1005 2212 dextruis
1028 2185 1138 2210 omne
1161 2185 1301 2209 meum.

415 2243 518 2280 Tune
542 2254 611 2279 ea:
651 2254 720 2278 non
743 2254 856 2278 unum
880 2252 1024 2277 mecum
1048 2240 1242 2276 lucrabere
1267 2251 1375 2275 num-

1249 2315 1349 2340 mum

441 2373 511 2417 Qui
534 2373 723 2409 dominam
745 2372 896 2419 quaeris
919 2371 1144 2407 dedecorare
1167 2375 1280 2407 tuam.

417 2440 584 2486 Namque
619 2450 684 2475 suo
717 2449 848 2475 servus
880 2438 1030 2473 domino
1060 2437 1233 2472 luctando
1268 2446 1377 2482 repu-

1233 2510 1377 2544 gnans,

442 2570 613 2606 Calcitrat
637 2571 672 2606 in
697 2568 889 2605 stimulum
911 2567 1071 2613 pertidus
1099 2567 1177 2611 ipse
1198 2576 1322 2600 sunm.

420 2637 571 2672 hiscant
595 2636 770 2671 mortales
794 2635 964 2669 dominos
989 2633 1159 2678 proprios
1183 2629 1369 2674 venerari,

443 2703 535 2738 Nam
559 2701 618 2747 qui
644 2701 770 2737 fraude
791 2704 908 2742 nocet,
932 2700 1123 2735 fraudibus
1147 2698 1209 2732 ille
1244 2697 1351 2742 perit.

422 2767 595 2813 Nunquid
620 2766 863 2803 Alexander?
892 2765 1055 2811 nunquid
1079 2769 1114 2801 tu
1137 2763 1276 2800 Caesar
1311 2761 1381 2798 es?

1283 2827 1382 2862 unde

1366 2334 1375 2352 9

442 2899 558 2934 Tanta
583 2897 770 2942 superbia,
794 2896 852 2931 vel
879 2899 1014 2938 tantus,
1037 2894 1177 2940 inique,
1198 2893 1299 2928 furor
1315 2891 1332 2926 ‘3

425 2963 478 2998 Tu
501 2964 582 3009 quis
605 2974 644 2999 es
661 2964 677 2997 Τ
701 2963 806 2999 [nde
829 2960 951 2996 suris?
972 2959 1024 2995 Te
1047 2960 1199 3003 scitum,
1224 2963 1259 2994 et
1283 2958 1380 2993 unde

1255 3023 1352 3059 suisti
1372 3050 1381 3068 ,

447 3097 549 3141 Quae
571 3095 616 3130 sit
639 3095 746 3132 orieo
767 3094 830 3137 tui,
854 3093 989 3138 quique
1013 3092 1115 3128 tuere
1136 3093 1272 3136 patres.

422 3159 474 3194 Te
498 3162 599 3195 decet
622 3160 817 3195 horrendis
841 3169 993 3194 versare
1017 3157 1203 3200 titionibus
1226 3165 1314 3191 arva
1333 3183 1342 3200 ,

450 3223 550 3264 Quod
573 3235 687 3266 genus
710 3225 846 3267 agresti
870 3223 1027 3267 postulat
1050 3226 1127 3257 arte
1145 3226 1260 3257 tuum.

428 3286 473 3323 Et
495 3289 574 3332 quis
589 3288 645 3323 es?
664 3289 765 3323 Unde
783 3289 905 3324 venis?
919 3299 981 3323 cro
996 3298 1058 3322 cro
1075 3296 1211 3322 vesane
1231 3285 1379 3322 recede.

453 3353 497 3388 Et
521 3363 627 3396 geme
649 3358 881 3398 perpetuum,
905 3357 1196 3398 perpetuumque
1222 3351 1310 3387 late.

432 3416 617 3462 Quidquid
634 3417 1389 3464 agas‚quidquiddicas‚quidquidpatiaris,

1002 190 1202 233 etttiNn.
1253 184 1789 226 SEPTIMELLENS.

1460 256 1538 292 Non
1577 257 1672 297 t'acit,
1711 259 1747 290 ut
1783 254 1963 296 retrahas,
2003 254 2098 299 quod
2138 244 2229 288 mca'
2258 254 2392 289 dextra

2270 319 2395 355 trahit.

1436 386 1495 421 Sic
1515 397 1584 431 ego
1605 385 1821 431 primatum,
1856 386 2142 431 venerandaque
2165 387 2310 430 sceptra
2337 388 2389 422 te—

2267 453 2363 488 nebo
2384 480 2394 496 ,

1460 517 1507 554 Et
1534 529 1598 563 pro
1619 517 1716 554 velle
1740 528 1834 562 me0‚
1857 517 1930 553 mel
1952 518 2032 562 tibi,
2053 518 2172 565 felque
2191 518 2299 554 dabo.

1435 583 1489 619 Tu
1513 584 1667 619 formica
1699 583 1841 626 brevis,
1857 594 1937 618 mus
1956 594 2104 629 parvus,
2121 595 2237 620 nauus
2257 584 2395 625 inanis,
2419 584 2477 619 90.

1458 648 1556 691 Quid
1575 648 1684 692 mihi,
1705 649 1790 694 quid
1809 649 1933 690 facies,
1951 660 2048 685 nane
2063 650 2261 694 pudende?
2282 649 2394 687 Nihil.

1447 715 1507 752 Nit
1531 719 1590 752 tua
1627 715 1773 760 probra,
1809 716 1945 760 minas,
1980 715 2167 759 generalis
2200 727 2399 754 oeconoma

2273 793 2397 818 rerum

1467 847 1576 889 Curo,
1598 849 1661 884 sed
1688 849 1724 883 in
1747 848 1925 884 cathedra
1949 846 2088 893 glorior
2106 848 2182 893 ipsa
2207 859 2301 885 mea.

1441 914 1516 951 Nec
1543 915 1666 950 minus
1698 915 1943 959 unguipotens
1970 914 2139 951 volucres
2185 915 2240 951 teo
2287 915 2390 960 papi-

2256 979 2395 1017 liones:

1462 1044 1538 1081 Nec
1561 1045 1653 1090 polis
1676 1049 1870 1088 angustum
1893 1045 2012 1082 Tibur
2034 1055 2148 1082 avara
2177 1045 2327 1089 minus3

1436 1111 1511 1148 Nec
1535 1111 1656 1148 minus
1678 1112 1918 1149 archivolans
1941 1112 2118 1149 tremulas
2142 1121 2321 1157 generosa
2343 1112 2403 1148 ci-

2266 1177 2392 1222 cadas,

1461 1244 1578 1288 Quam
1591 1248 1648 1280 tua
1662 1243 1861 1290 vaniloqua
1873 1243 2000 1287 verba,
2013 1242 2208 1290 minasque
2226 1247 2399 1280 tremam.

1437 1310 1533 1354 Quid
1551 1315 1608 1347 tua
1626 1321 1745 1346 sanna
1763 1308 1912 1354 potest?
1933 1308 2068 1355 Siquis
2086 1309 2246 1352 derisor,
2261 1308 2398 1355 etipse

1462 1379 1618 1414 Derisus
1641 1377 1758 1414 turbis
1781 1376 1954 1412 omnibus
1979 1386 2061 1411 esse
2079 1376 2181 1415 solet.

1443 1443 1665 1490 Nyctimene
1687 1443 1807 1479 sonitu
1829 1442 1975 1479 deridet
1997 1446 2103 1479 nocte
2130 1442 2328 1485 volucres3

1466 1508 1639 1552 Nunquid
1663 1519 1744 1544 eam
1769 1508 1907 1544 lacerat
1926 1512 2074 1544 caetera
2097 1508 2202 1544 turba
2225 1507 2319 1543 die?

1447 1573 1505 1611 Sic
1526 1575 1588 1621 qui
1612 1575 1787 1611 derident
1810 1574 1915 1617 alios,
1941 1573 2111 1610 ridentur
2132 1577 2168 1610 et
2201 1572 2296 1618 ipsi:

1466 1640 1524 1676 Nil
1548 1641 1667 1678 maeis
1691 1641 1728 1676 in
1753 1640 1896 1686 populis
1916 1644 1971 1676 est
1995 1650 2132 1685 genera
2144 1639 2190 1676 le·
2211 1639 2317 1677 Nota.

1442 1705 1544 1751 Ergo
1578 1706 1728 1751 quiesce
1763 1707 1908 1747 miser;
1944 1706 2060 1742 miser
2093 1715 2184 1751 ergo
2220 1707 2370 1752 quiesce
2391 1734 2400 1748 ‚

2229 1771 2401 1816 quiesce;

1461 1838 1552 1874 Nam
1577 1838 1659 1876 leve
1682 1838 1797 1876 verba
1821 1839 1923 1883 potes
1947 1837 2057 1883 serre,
2079 1838 2143 1874 sed
2167 1839 2246 1874 acta
2268 1848 2399 1882 grave.

1439 1903 1544 1939 Tunc
1579 1914 1672 1947 ego:
1707 1904 1837 1939 deliris
1872 1903 2110 1945 stomachor,
2142 1903 2402 1946 Rhamnusia,

2271 1969 2377 2007 dictis
2391 1998 2400 2013 ,

1466 2035 1558 2069 Dum
1583 2034 1675 2069 mihi
1700 2035 1835 2079 probra
1860 2034 1930 2071 tuis
1952 2034 2096 2079 obticis,
2119 2035 2222 2076 orba,
2252 2035 2396 2072 metris.

1443 2098 1536 2134 Dum
1562 2110 1640 2135 mea
1665 2098 1874 2144 vaniloquis
1896 2100 2029 2135 recitas
2050 2100 2221 2137 convicia
2243 2101 2370 2138 verbis
2386 2130 2396 2148 ‚

1465 2164 1522 2200 Nil
1548 2164 1697 2210 gravius
1719 2175 1807 2200 vero
1829 2166 1978 2202 saevior
2000 2166 2055 2202 ira
2079 2170 2192 2203 tenet.

1444 2229 1524 2266 Non
1569 2241 1659 2276 opus
1703 2234 1759 2266 est
1799 2230 1941 2275 verhiS‚
1979 2231 2103 2276 gladio
2141 2231 2204 2277 qui
2243 2232 2403 2277 percutit
2433 2243 2511 2278 100.

2234 2295 2376 2334 hostem
2396 2309 2405 2333 :

1469 2361 1562 2398 Nam
1585 2361 1673 2399 satis
1696 2362 1740 2398 ad
1762 2362 1896 2401 vulnus
1918 2362 2051 2399 sufficit
2074 2361 2176 2398 ensis
2198 2365 2317 2399 atrox.

1449 2428 1741 2473 Improperasne
1755 2428 1847 2464 mihi
1861 2438 1989 2473 genus,
2001 2429 2400 2473 usuraria‚monstrum

1477 2496 1610 2530 Fronte
1633 2495 1819 2539 capillata,
1842 2496 1906 2530 sed
1928 2499 2026 2531 retro
2049 2504 2132 2531 rasa
2156 2497 2264 2539 caput
2281 2494 2298 2529 *Γ

1448 2558 1560 2595 Simia
1585 2570 1655 2595 non
1679 2570 1733 2595 es.
1761 2558 1920 2604 Turpior
1941 2570 1994 2595 es.
2016 2558 2248 2604 Turpissima
2267 2570 2389 2596 rerum

1473 2627 1545 2661 Res
1569 2637 1608 2662 es
1627 2638 1635 2668 ;
1661 2637 1785 2662 nescio
1805 2626 1906 2671 quid,
1926 2636 2036 2671 quam
2059 2625 2153 2661 nihil
2177 2635 2260 2661 esse
2279 2625 2405 2661 velim.

1449 2691 1523 2727 Sim
1546 2692 1629 2728 licet
1649 2691 1803 2737 agresti,
1827 2691 2001 2737 tenuique
2026 2690 2228 2736 propagine
2249 2694 2369 2736 natus,

1475 2757 1553 2793 Non
1579 2762 1683 2794 vacat
1705 2757 1917 2793 omnimoda
1942 2758 2133 2793 nobilitate
2160 2767 2288 2801 genus.

1452 2823 1530 2859 Non
1557 2824 1756 2868 praesigne
1800 2833 1930 2868 genus,
1974 2833 2043 2859 nec
2083 2822 2226 2858 clarum
2269 2831 2404 2858 nomen

2231 2897 2404 2932 avorum,

1474 2954 1544 2990 Sed
1569 2954 1735 3000 probitas
1758 2964 1847 2990 vcra
1873 2951 2066 2989 nobilitate
2087 2952 2202 2997 viget.

1455 3021 1496 3056 ln
1523 3020 1621 3056 tenui
1644 3021 1788 3056 calamo
1814 3018 1934 3054 latitat
1956 3019 2028 3054 met
2061 3027 2174 3063 saepe
2199 3027 2334 3059 suave,

1475 3084 1518 3121 Et
1543 3085 1679 3120 modici
1703 3085 1812 3120 sontis
1835 3087 2017 3128 temperat
2037 3083 2134 3118 unda
2155 3083 2268 3119 sitim.

1450 3152 1507 3187 Nil
1532 3154 1672 3187 tremis.
1697 3151 1801 3188 Unde
1822 3151 1920 3186 locus
1935 3150 1952 3185 ‘3
1973 3148 2162 3195 Bucephal
2184 3147 2404 3194 saepissime

2245 3212 2401 3257 muscis,

1475 3283 1519 3320 Et
1543 3284 1780 3319 formicarum
1804 3291 1916 3326 saepe
1937 3281 1976 3317 tit
1996 3290 2080 3317 esca
2110 3280 2228 3326 lupus.

1452 3348 1510 3384 Nil
1528 3349 1620 3384 adeo
1636 3348 1813 3386 validum,
1830 3347 1924 3392 quod
1942 3356 2013 3381 non
2031 3344 2230 3390 aliquando
2245 3346 2400 3388 teratur3

1477 3413 1558 3448 Hoc
1581 3416 1615 3448 et
1640 3413 1685 3448 ab
1709 3411 1875 3448 invalido
1895 3421 2006 3455 saepe
2026 3410 2153 3446 videre
2174 3411 2287 3454 potes.
