2533 4009
439 165 487 203 π
957 141 965 145 χ
1244 167 1603 210 sinonius

437 240 608 272 struunt.
629 237 740 283 Supr.
763 245 822 282 (Ἰ).
848 235 884 270 2.
910 235 934 270 l.
955 235 992 270 (2.
1014 238 1053 270 et
1084 234 1141 271 18.
1168 235 1190 273 Ι.
1213 236 1237 274 lca
1261 238 1375 276 unde.

439 294 611 332 Conditio
640 292 871 342 templorum
893 293 1053 330 Eulocio
1079 294 1101 331 l.
1123 295 1159 331 3.
1183 307 1217 333 c.
1243 298 1279 335 3.
1299 310 1380 336 me—

437 355 704 392 morabilium.
739 353 917 390 Conclitio
953 353 1089 392 Troiae
1108 384 1117 399 ‚
1148 354 1272 395 veteri
1299 361 1379 397 Xe-

435 414 640 462 nophontis
677 413 880 461 interpreti
914 414 949 450 in
995 416 1254 464 aequivocis:
1287 419 1377 457 inde

434 476 468 509 in
499 473 656 520 proclivi
686 471 946 510 conditorium
965 503 974 517 ,
1005 480 1048 512 ut
1080 478 1377 529 tractatorium,

429 532 674 579 aleatorium,
699 534 963 583 receptorium
979 542 1018 574 ct
1037 537 1072 574 id
1091 550 1218 586 genus
1237 541 1375 578 multa.

428 592 693 631 conditorium
724 595 841 631 ctiam
873 601 993 645 atque
1025 602 1100 635 eto.

479 653 624 690 Deinde
657 660 744 701 post
790 656 940 695 verba:
971 651 1244 699 Conditorium
1290 663 1379 700 reli-

424 715 514 763 qui.-
548 715 676 751 insero
723 715 845 754 baec:
880 719 1030 758 Seneca
1072 720 1136 758 lib.
1166 722 1204 759 6.
1233 722 1282 761 de
1312 724 1377 762 be-

425 774 499 811 nef.
527 785 559 811 c.
582 776 616 812 ὅ.
645 787 712 813 nec
729 777 961 817 conductum
981 792 1122 828 meum,
1145 793 1376 834 quanquam

421 834 477 872 sis
493 834 673 875 (lominus
692 867 698 885 ,
715 838 896 877 intrabis.
916 843 1096 891 Agobard
1105 854 1150 882 us
1179 844 1228 882 de
1257 846 1378 885 Juda-

424 898 469 933 ic.
499 901 704 946 superstit.
737 901 781 936 In
802 900 888 951 ipsa
918 907 1052 941 antem
1077 905 1199 942 Roma
1224 903 1376 945 biennio

423 956 461 994 in
505 968 576 996 suo
614 958 812 999 habitasse
864 962 1050 1002 conducto
1066 995 1076 1011 ,
1123 965 1372 1016 hypogaeum

419 1024 478 1056 est
511 1025 587 1058 etc.

473 1081 533 1118 Vl.
564 1083 596 1119 -1,
625 1093 659 1131 p.
690 1084 780 1121 360.
808 1084 986 1132 Domino)
1005 1087 1064 1124 Ex
1084 1088 1126 1125 D.
1146 1088 1373 1139 Augustino

417 1142 564 1190 llaymo
596 1143 736 1182 bomel.
782 1146 891 1183 Dom.
936 1147 1036 1186 XVI.
1069 1160 1103 1198 p.
1140 1150 1250 1188 Trin.
1287 1151 1378 1190 Nisi

411 1201 512 1251 forte
535 1202 603 1240 lzoc
627 1210 810 1251 evenerit,
836 1207 940 1245 sicut
961 1209 1007 1246 B.
1036 1208 1286 1259 Auyusimus
1310 1212 1371 1250 di-

415 1264 474 1300 cit.
499 1268 542 1302 ut
565 1263 639 1311 ille,
662 1267 732 1316 qui
748 1267 856 1317 filins
875 1273 943 1313 est,
963 1282 1034 1314 per
1054 1271 1370 1312 misericordiam

416 1325 486 1362 Dei
500 1325 735 1365 sublimetur
754 1329 808 1367 ait
827 1330 1101 1381 Episcopalem
1125 1332 1366 1382 diqnitatem,

414 1391 450 1423 et
471 1386 666 1438 efficiatur
691 1389 918 1441 Episcopus,
946 1396 984 1429 et
1006 1397 1096 1430 tunc
1121 1394 1266 1442 poterit
1289 1406 1372 1433 esse

409 1449 524 1497 patri
541 1453 577 1486 et
596 1449 705 1497 filius
729 1455 766 1488 et
785 1452 977 1498 dominus.
994 1457 1159 1504 propter
1183 1454 1368 1494 honorem

413 1508 623 1558 diffinitatis.
652 1514 800 1550 Passim
832 1515 1027 1562 Ruricius,
1063 1518 1258 1564 Faustus,
1294 1518 1368 1555 De-

412 1571 592 1613 siderius,
618 1578 657 1609 et
687 1575 824 1623 reliqui
857 1577 892 1612 in
927 1577 1120 1625 epistolis.

465 1643 488 1680 p
531 1634 616 1671 361.
650 1634 761 1682 Quod
783 1639 825 1672 tu
843 1639 962 1686 pater
995 1640 1161 1687 patrum
1199 1642 1237 1676 et
1275 1639 1368 1689 Epi-

410 1703 549 1743 scopus
575 1694 871 1746 Episcoporum)
891 1699 1113 1737 (jervasius
1130 1699 1369 1738 Rliemensis

409 1756 524 1803 epist.
554 1756 599 1792 ad
647 1758 880 1796 l’ascbalem
915 1759 984 1796 PP.
1023 1759 1369 1799 Eaecellentissimo

412 1815 527 1853 Patri
558 1815 741 1866 Patrum,
773 1823 810 1856 et
850 1820 1138 1871 Episcoporum
1178 1823 1368 1873 Episcopo

412 1876 610 1925 Paschali,
635 1879 857 1919 Gervasius
878 1882 1078 1920 Remensis
1115 1883 1243 1921 dictus
1278 1885 1367 1935 Epi-

334 1983 338 1987 ,
410 1949 569 1990 scopus,
592 1952 664 1979 nec
686 1946 842 1980 tantum
868 1944 1046 1981 Pontifex
1065 1946 1277 1993 Romanus,
1297 1947 1365 1984 sed

411 2003 529 2038 etiam
561 2001 783 2041 patriarcba
811 2005 1279 2055 Constantinopolitanus
1295 2008 1366 2046 hoc

411 2062 525 2099 titulo
574 2063 789 2102 honoratus
819 2071 893 2103 est.
940 2066 1120 2104 Balsamo
1165 2071 1366 2118 responsis

409 2122 456 2159 ad
495 2124 731 2174 interrogata
774 2128 887 2165 Marci
928 2129 1204 2175 l'atriarcliae,
1245 2127 1366 2178 κιίριος

409 2182 553 2230 rapum
583 2183 698 2233 ποιἿὺιρ
730 2185 893 2235 παἹέρων
931 2187 1126 2238 ὓπόιρχων
1154 2190 1196 2232 Ἱῆ
1228 2189 1364 2240 χάριτι

408 2243 464 2281 Θεῖς
484 2273 496 2290 ,
557 2247 626 2285 καί
677 2248 935 2298 πρεσβυτέρων
989 2251 1236 2300 πρεσβύτερος
1294 2264 1365 2291 nec

408 2319 483 2344 non
515 2309 733 2360 Episcopus
763 2312 1078 2360 Alexandrinus,
1110 2314 1361 2359 Anastasius,

406 2369 584 2407 Bibliotb.
614 2371 650 2407 in
683 2372 820 2410 histor.
847 2374 884 2411 S.
910 2376 1074 2413 Joannis
1103 2387 1140 2414 c.
1172 2377 1232 2414 43.
1264 2374 1360 2427 fecit

406 2430 444 2466 ei
467 2429 776 2481 deprecationem
810 2436 1067 2474 continentem
1105 2437 1172 2485 ita,
1194 2437 1234 2475 in
1255 2437 1359 2490 facie

405 2492 546 2542 quippe
570 2493 608 2530 ei
624 2505 700 2531 non
724 2496 897 2535 audebat
918 2498 994 2536 tale
1031 2498 1185 2549 aliquid
1218 2499 1362 2538 (licere.

404 2554 657 2591 Sanctissimo
673 2560 711 2593 et
725 2560 784 2594 ter
796 2557 906 2596 beato
914 2560 1025 2609 patri
1037 2563 1203 2610 patrum
1219 2562 1363 2599 loanni

410 2614 560 2652 Vicario
587 2616 741 2655 Christi
762 2618 984 2668 deprecatio
1004 2650 1011 2666 ,
1037 2624 1075 2658 et
1103 2621 1316 2672 postulatio
1336 2635 1363 2660 a

406 2675 547 2713 Cosma
577 2677 732 2727 iniliqno
753 2691 868 2719 servo
901 2692 1114 2720 servorum
1138 2684 1361 2723 sanctitatis

408 2737 574 2783 Vestrae,
624 2740 786 2789 insuper
828 2754 849 2780 a
884 2744 1105 2781 Theodosio
1144 2746 1281 2795 Magno
1321 2747 1361 2784 S.

402 2798 713 2845 Chrysostomus
743 2803 861 2840 etiam
891 2804 995 2842 diem
1029 2806 1193 2845 functus
1239 2803 1362 2855 mc‘l'np

402 2856 558 2905 παἹέρων
590 2866 780 2910 vocatur,
812 2864 1056 2914 Nicephorus
1087 2867 1110 2904 l.
1143 2869 1204 2905 lli.
1235 2880 1269 2906 c.
1311 2870 1359 2908 li3

403 2923 441 2954 et
469 2920 507 2956 S.
539 2921 708 2959 Jacobus
739 2935 758 2961 a
796 2924 890 2963 Divo
920 2926 1129 2965 Clemente
1162 2929 1210 2967 de
1236 2931 1361 2979 gestis

404 2980 440 3016 S.
473 2983 570 3018 Petri
601 2983 737 3030 initio,
764 2996 835 3023 nec
866 2998 940 3024 non
972 2988 1092 3026 Osius
1123 2990 1360 3028 Corduben-

405 3041 457 3075 sis
486 3052 505 3077 a
542 3042 684 3081 sancto
714 3046 929 3085 Athanasio
958 3047 1112 3092 ἀληθῶς
1149 3045 1250 3093 ὅσιος
1293 3052 1358 3090 καὶ

406 3098 527 3146 πατήρ
550 3097 615 3139 ‘lu-nt
637 3106 888 3145 Επισκόπων.

460 3161 520 3198 Vl.
548 3165 610 3200 42.
642 3177 726 3215 pag.
772 3170 859 3208 385.
893 3176 970 3210 not.
1017 3174 1218 3222 Reqenses)
1266 3175 1355 3214 add.

409 3222 526 3267 vulgo
558 3224 662 3263 Ries.

1506 240 1596 278 ibid.
1628 245 1708 279 not.
1737 241 1930 295 Albensis)
1971 247 2045 287 del.
2093 250 2282 289 Vanaria.
2328 253 2412 293 AU-

1453 302 1616 339 BENAS
1645 307 1685 340 et
1716 314 1845 352 pone:
1879 307 2076 347 Vivarais.

1505 361 1595 398 ibid.
1623 368 1702 400 not.
1740 362 1972 414 Valentinae')
2002 369 2089 408 dele
2120 372 2265 411 verba:
2298 374 2408 414 Idem

1451 423 1629 472 Prosper.
1650 428 1689 461 et
1706 435 1808 474 pone
1825 437 1832 463 :
1849 427 1988 467 Eidem
2008 432 2210 482 Prospero.
2237 434 2407 475 Valence.

1506 484 1586 522 Vll.
1619 486 1654 523 4.
1684 496 1723 534 p.
1753 487 1841 525 391.
1874 494 1953 527 not.
1997 491 2213 532 Mur-orum
2249 493 2405 546 faeiem)

1454 544 1579 582 Plinio
1611 546 1729 595 epist.
1760 546 1826 586 73.
1856 548 1945 587 add.
1975 552 2023 590 al.
2054 552 2118 592 75.

1507 607 1586 644 Vll.
1616 607 1653 645 2.
1683 619 1719 657 p.
1751 609 1841 646 399.
1872 610 1915 648 S.
1946 611 2414 664 Eustachii)-Massilien-

1451 668 1506 705 sis
1551 669 1747 719 Episcopi,
1793 672 1855 708 cui
1901 672 1940 710 S.
1988 674 2182 715 Venerius
2225 678 2411 718 decessit.

1451 728 1683 768 Gennadius
1724 730 1772 768 de
1816 733 1912 769 viris
1955 733 2089 772 inlust.
2118 747 2152 774 c.
2181 737 2244 776 79.
2274 739 2345 778 secl
2377 743 2416 778 et

1450 788 1504 827 ad
1528 800 1743 839 personam
1783 792 1825 829 S.
1860 792 2068 838 Eustachii
2108 795 2293 850 Episcopi
2322 811 2411 838 suc-

1451 851 1621 888 cessoris
1645 861 1772 901 supra
1796 851 1894 890 dicti
1917 852 2083 893 bominis
2108 856 2179 894 Dei
2199 860 2412 911 composuit

1454 915 1805 951 sacramentorum
1841 915 2042 964 eyreyium
2066 919 2103 954 et
2130 928 2205 955 non
2235 929 2410 969 parvum

1451 971 1642 1011 volumen.
1676 973 1738 1012 ubi
1771 974 1819 1011 de
1848 976 2007 1014 Musaeo
2036 978 2272 1017 Massiliensi
2302 981 2404 1020 idem

1454 1036 1594 1072 llonor.

1504 1098 1583 1135 Vll.
1616 1097 1654 1134 li.
1683 1108 1719 1147 p.
1752 1097 1840 1135 407.
1873 1103 1953 1136 not.
1983 1099 2236 1140 Vassionensi
2254 1101 2406 1153 oppido)

1447 1157 1539 1196 add.
1572 1158 1703 1208 vulgo.
1742 1158 1895 1197 Vaison.

1502 1221 1582 1258 VII.
1614 1221 1649 1259 5.
1682 1232 1718 1271 p.
1751 1222 1840 1260 405.
1890 1227 1970 1260 not.
2015 1223 2270 1275 AGRAECIO)
2317 1225 2406 1265 add.

1449 1281 1544 1319 obiit
1572 1281 1618 1320 A.
1649 1283 1692 1322 C.
1725 1282 1813 1321 487.
1845 1283 2018 1323 Tabulae
2060 1285 2303 1325 Senonensis
2332 1287 2409 1327 Ec—

1449 1343 1606 1390 clesiae,
1637 1343 1767 1382 idibus
1798 1345 1918 1393 Junii‚
1961 1349 2082 1385 vetus
2125 1347 2403 1387 Calendarium

1447 1404 1689 1442 senonensis
1720 1405 1933 1453 Ecclesiae,
1956 1406 2094 1446 Idibus
2121 1408 2235 1447 Junii
2253 1407 2407 1459 Aqriciz

1446 1464 1632 1515 Episcopi
1655 1466 1903 1514 Senonensz's,
1936 1469 2110 1517 primum
2150 1469 2333 1519 sepultus
2364 1470 2402 1507 in

1444 1526 1620 1564 Ecclesia
1647 1526 1713 1564 SS.
1743 1527 1923 1565 Gervasii
1949 1532 1989 1565 et
2019 1529 2225 1578 Prothasii‚
2257 1529 2401 1568 deinde

1445 1587 1662 1625 translatus
1710 1587 1759 1625 ab
1801 1588 1995 1638 Ansegiso
2039 1589 2085 1628 A.
2128 1591 2172 1629 C.
2200 1591 2236 1628 8.
2267 1589 2332 1628 76.
2363 1592 2400 1628 in

1445 1647 1665 1686 Ecclesiam
1697 1649 1734 1686 S.
1768 1649 1883 1696 Petri,
1916 1649 1980 1688 ubi
2012 1661 2099 1688 mos
2135 1655 2198 1689 est
2240 1650 2402 1690 Archie-

1445 1709 1627 1757 piscopos
1671 1709 1851 1758 sepelire.
1908 1710 2169 1762 Chronologia
2220 1712 2401 1750 Monachi

1447 1767 1783 1807 Altisiodorensis.
1814 1770 1917 1808 Huic
1939 1770 2055 1808 etiam
2078 1771 2268 1822 Anseyiso
2288 1783 2402 1811 vene-

1444 1828 1569 1868 rabili
1584 1830 1780 1880 praesuli,
1796 1830 2012 1883 praefatus
2034 1833 2145 1884 Papa
2160 1831 2266 1875 dedit
2283 1837 2405 1884 caput

1443 1891 1486 1927 Β.
1513 1890 1639 1941 primi
1676 1893 1807 1942 Papae
1833 1891 2019 1942 Greqorz‘z'
2054 1897 2092 1932 et
2127 1891 2337 1932 brachium
2360 1894 2402 1933 S.

1445 1951 1583 1989 Leonis
1616 1953 1749 2002 Papae
1783 1957 1820 1990 et
1856 1954 2047 2001 Doctoris,
2077 1966 2180 2006 quas
2201 1954 2265 1993 ille
2287 1966 2403 1994 vene-

1442 2011 1593 2049 randas
1623 2011 1820 2062 reliquias
1850 2015 2020 2054 Senones
2044 2015 2198 2062 detulit,
2215 2016 2307 2055 etin
2326 2016 2401 2055 Ec·

1442 2072 1563 2111 etesia
1601 2075 1641 2111 S.
1683 2074 1791 2111 Petri
1815 2073 1909 2121 vivi,
1954 2087 2044 2114 cum
2072 2074 2204 2114 debita
2231 2087 2398 2115 venera-

1443 2135 1544 2172 tione
1568 2133 1758 2184 deposuit,
1787 2135 1892 2173 Idem
1916 2147 2071 2187 quoque
2090 2136 2295 2176 transtulit
2313 2149 2399 2175 cor-

1436 2206 1542 2245 pora
1571 2196 1643 2234 SS.
1673 2194 1908 2247 Pontificum
1940 2197 2091 2245 Leonis,
2121 2198 2264 2246 Ursini,
2284 2198 2400 2250 Aqri-

1441 2256 1494 2294 cii
1515 2260 1553 2294 et
1577 2254 1782 2295 Ambrosii
1808 2257 1848 2296 in
1873 2258 2122 2308 praedictam
2158 2258 2399 2309 Ecclesiam,

1440 2317 1486 2355 cle
1508 2316 1676 2356 basilica
1710 2320 1748 2357 S.
1784 2318 1933 2368 Leonis,
1958 2318 2030 2357 ubi
2042 2320 2220 2370 primum
2237 2318 2404 2372 fuerant

1441 2378 1648 2423 tumulata,
1681 2390 1786 2429 qnae
1810 2380 1929 2430 prius
1959 2380 2143 2421 dedicata
2172 2381 2254 2434 fuit
2275 2381 2401 2420 in'ho-

1440 2452 1535 2479 nore
1578 2442 1650 2480 SS.
1692 2441 1878 2481 Gervasii
1925 2446 1962 2481 et
1996 2443 2207 2482 Prothasii.
2248 2445 2310 2483 Ex
2339 2444 2402 2482 his

1439 2501 1604 2551 adparet
1624 2502 1759 2552 lapsus
1784 2503 1954 2554 hujusce
1979 2504 2275 2556 Chronographi
2298 2536 2308 2555 ,
2331 2506 2399 2556 qui

1442 2563 1579 2600 scribit
1611 2564 1648 2601 S.
1681 2563 1919 2615 Agroecium
1949 2565 2126 2604 adfuisse
2147 2567 2320 2606 Concilio
2335 2568 2399 2606 Ni-

1438 2634 1550 2661 ceno.
1582 2624 1733 2662 Fertur
1775 2636 1930 2676 quoque
1959 2627 2001 2666 S.
2030 2626 2249 2676 Aqroecius
2277 2628 2395 2667 Seno-

1436 2684 1569 2724 nensis
1612 2685 1942 2736 Arcliiepiscopus
1979 2687 2187 2737 praedicto
2229 2688 2394 2739 affuisse

1441 2745 1601 2784 concilio
1624 2749 1692 2784 etc.
1726 2758 1797 2785 nec
1824 2749 2074 2786 connominis
2102 2751 2206 2788 inter
2234 2751 2395 2800 Episco-

1439 2818 1514 2857 pus
1548 2813 1792 2856 numeratur,
1824 2809 1890 2858 qui
1921 2810 2066 2847 Niceno
2102 2811 2274 2850 Concilio
2303 2811 2396 2849 sub-

1437 2870 1699 2917 scripserunt.
1729 2869 1863 2908 Codex
1895 2871 2109 2910 Romanus.
2143 2873 2265 2911 Hunc.
2294 2873 2395 2911 male

1436 2940 1526 2967 cum
1573 2929 1724 2968 Gracco
1767 2931 2002 2969 Massiliensi
2031 2932 2239 2972 confundit
2281 2935 2397 2972 Baro-

1437 2991 1527 3028 nius
1557 2990 1672 3029 Anno
1701 2990 1847 3029 Christi
1881 2993 1956 3032 463
1987 2997 2095 3032 tomo
2126 2993 2188 3031 v1.
2229 2993 2393 3033 Kalend.

1437 3057 1477 3089 et
1507 3053 1749 3091 breviarium
1781 3054 2026 3094 Senonensis
2055 3056 2269 3104 Ecclesiae,
2316 3054 2396 3095 Idi-

1438 3113 1511 3152 bus
1540 3115 1653 3152 Jumz·
1678 3114 1835 3165 Ayricii
1863 3115 2051 3167 Episcopi
2077 3116 2321 3156 senonensis.

1490 3177 1567 3214 Vll.
1601 3178 1637 3215 9.
1668 3188 1752 3227 pag.
1787 3178 1874 3216 425.
1906 3183 1984 3216 not.
2037 3176 2164 3216 Verba
2191 3176 2389 3229 facturus)

1434 3236 1522 3273 add.
1556 3239 1727 3276 Faustus
1759 3238 1900 3276 homel.
1932 3238 1980 3276 de
2021 3239 2152 3286 vidua,
2182 3248 2285 3286 quae
2314 3237 2392 3276 duo
