2517 4009
865 233 1265 272 ROBERTUS

61 317 109 357 pe
137 316 196 344 me
219 302 463 356 Antiphontis
503 301 751 353 versificatas
770 303 916 355 perfidi
937 306 1024 356 (pro

64 367 184 415 fidei)
214 365 370 404 meritis
398 368 466 402 etc.
503 363 627 415 Kyrie
657 364 825 415 eleison,
855 367 1026 418 omnipo-

63 432 147 467 tens
171 427 346 473 Genitor,
376 428 475 464 Turn
505 425 628 464 addit.
673 427 850 476 Quodam
896 428 957 466 die
987 429 1026 465 in

63 489 204 541 viyilia
232 486 508 540 Apostolorum
536 498 626 526 cum
657 494 758 528 esset
786 492 932 530 Romae
962 488 1027 528 ob-

66 551 157 590 tulit
182 561 307 601 super
348 549 480 588 altare
525 549 564 588 in
588 550 787 596 ,schedula
822 562 1027 604 responso-

0 641 9 651 .
62 612 196 651 rium:
224 610 432 651 Cornelius
462 613 640 650 centurio
673 613 778 665 quod
806 615 886 665 ipse
925 625 1026 652 com-

55 676 262 725 posuerat.
293 673 525 712 Cantilenae
552 674 656 713 illius
687 676 727 714 S.
753 675 932 726 Spiritus
957 675 1027 713 ad-

62 734 116 774 sit
136 733 248 774 nobis
267 734 406 786 qratia
430 740 505 774 etc.
537 736 612 775 sub
641 739 874 787 sequentiae
905 739 1029 776 nomi-

64 807 114 835 ne
145 797 328 835 meminit
357 796 456 835 liber
487 798 804 848 Responsorialis
847 802 887 836 et
916 798 1029 837 Anti-

62 857 282 909 phonarius
311 858 514 898 Ecclesiae
535 861 647 898 Rom.
664 871 686 898 a
711 860 923 899 Thomasio
947 860 1029 898 edi-

62 924 131 959 tus
158 931 246 972 pag.
277 921 338 960 it.
369 920 465 959 edit.
498 932 624 960 novae
656 923 693 959 in
726 921 765 960 ll·-
796 927 890 960 tom.
922 923 959 960 in
991 923 1027 960 4.

60 981 218 1021 Roberti
241 983 358 1034 Regis
387 993 534 1022 versus
563 994 634 1033 pro
679 985 850 1022 sanitate
891 989 1027 1023 servat

61 1042 138 1083 MS.
163 1044 259 1084 Cod.
279 1045 576 1084 Riccardianus.
598 1046 707 1084 Lami
736 1046 772 1083 in
794 1046 919 1085 Catal.
944 1047 1027 1085 eiu-

62 1105 121 1144 sd.
144 1106 243 1145 Bibl.
268 1118 305 1157 p.
333 1105 426 1146 3li3.
447 1107 470 1129 ³·

117 1167 393 1208 ROBERTUS
416 1167 670 1219 Ammonias,
695 1168 875 1219 Anglus,
901 1169 1026 1207 Theo-

66 1229 191 1280 logiae
219 1230 368 1269 Doctor
395 1234 436 1268 et
465 1231 669 1268 Professor
692 1231 956 1277 oxoniensis,
985 1234 1026 1268 et

63 1289 154 1339 ejus
196 1289 437 1330 Academiae
483 1290 788 1336 cancellarius,
817 1290 950 1329 floruit
989 1302 1025 1329 a.

63 1351 181 1391 1400.
212 1352 383 1402 Scripsit
411 1350 671 1400 Quaestiones
700 1350 748 1390 de
773 1351 905 1390 sacris
928 1351 1027 1390 ima-

59 1411 241 1465 qim‘bus,
262 1414 319 1452 De
342 1412 577 1452 adoratione
600 1413 847 1464 imaqtnum.
873 1413 920 1452 de
946 1414 1026 1452 Eu-

61 1474 282 1526 charistia,
306 1474 354 1514 de
384 1473 539 1515 Christi
558 1474 817 1524 humanitate,
842 1474 889 1513 de
915 1474 1026 1513 Elee-

60 1547 227 1589 mosyna
243 1567 252 1584 ‚
281 1536 329 1576 de
358 1535 612 1576 mendicitate
635 1540 876 1588 spontanea,
903 1548 1026 1589 super

65 1599 300 1638 Constantis
330 1600 465 1651 Papae
494 1599 664 1638 Joannis
692 1599 813 1638 XXII.
841 1600 886 1637 In
916 1599 1025 1638 Divi-

61 1660 192 1700 siones
220 1661 348 1700 Boetia·
359 1691 368 1711 ‚
395 1660 618 1714 sophistica
662 1660 896 1713 Principia,
923 1663 1027 1713 Sup-

57 1721 272 1774 positiones
297 1722 521 1774 quzbales,
551 1728 628 1763 etc.
655 1724 823 1763 Balaeus
846 1723 896 1762 de
921 1725 1026 1763 Scri-

62 1791 117 1836 pt.
133 1786 312 1825 Britann.
329 1787 495 1825 Centur.
514 1786 596 1824 Vll.
616 1785 680 1825 20.
700 1787 858 1824 Pitseus
870 1776 906 1824 c.
924 1785 1015 1824 729.

115 1847 384 1888 ROBERTUS
410 1847 783 1895 Altissiodorensis‚
825 1847 899 1887 vid.
943 1847 1026 1887 Au-

62 1908 354 1949 tissiodorensis

118 1971 382 2011 ROBEBTUS
435 1970 627 2022 Anylicus
679 1976 926 2010 memoratur
974 1972 1024 2010 ab

61 2032 184 2071 chr.
215 2033 399 2072 Cornelio
428 2032 600 2084 Agrippa
633 2034 671 2070 in
701 2033 880 2084 Epistola
921 2045 1023 2072 nun-

58 2096 262 2146 cupatoria
291 2093 339 2133 ad
361 2095 626 2133 Trithemium
645 2124 653 2142 ,
675 2094 779 2145 quod
803 2095 910 2147 Opus
939 2107 1023 2133 ma-

55 2156 189 2208 9icum
217 2158 512 2208 conscripserit.
545 2157 714 2196 Caetera
759 2159 848 2207 eJ'us
890 2157 1024 2197 adhuc

65 2219 233 2259 obscura
263 2224 374 2259 sunt.
394 2218 627 2267 Gesnems,
658 2219 859 2258 Lelandus
882 2229 915 2257 c.
933 2219 1022 2258 303.

112 2283 169 2320 De
192 2282 282 2320 aliis
303 2281 426 2331 hujus
450 2283 624 2320 nominis
646 2281 726 2319 vid.
749 2281 848 2320 infra
878 2279 1025 2321 Rober-

60 2346 125 2382 tus
156 2341 408 2394 Ooefordius,
438 2347 479 2381 et
503 2341 698 2381 Robertus
729 2343 902 2382 Ivorius.

116 2404 138 2427 ’ἒ
161 2404 205 2443 ln
229 2405 417 2454 Catalogo
441 2404 564 2443 Codd.
588 2404 695 2442 MSS.
727 2405 824 2443 Bibl.
850 2406 1026 2443 Venetae

62 2467 101 2506 S.
126 2467 246 2506 Marci
268 2465 364 2505 Cod.
383 2466 507 2505 latino
533 2466 621 2504 495.
660 2468 831 2504 occurrit
868 2467 1027 2504 Roberti

60 2529 214 2580 Anglici
235 2528 318 2568 ord.
338 2529 432 2567 min.
451 2525 639 2578 Dialoqus
656 2527 704 2565 de
722 2527 1028 2566 formalitatibus

62 2592 166 2629 inter
181 2590 439 2630 Ochanistam
456 2594 496 2628 et
514 2589 742 2628 Scotistam.
761 2589 902 2638 Incipit
918 2587 1031 2637 Quod

59 2650 195 2692 verbis
222 2652 426 2705 vituperii.
455 2653 536 2690 {ste
575 2651 686 2690 facile
724 2651 921 2689 Robertus
951 2650 1028 2689 buc

63 2715 303 2755 referendus
331 2719 409 2753 est.
438 2713 459 2736 *ξ

114 2777 389 2817 ROBERTUS
418 2775 465 2815 de
494 2774 695 2824 Arouaia,
724 2786 744 2814 a
768 2776 855 2814 vico
880 2776 1025 2814 South·

64 2840 253 2879 saxoniae
283 2850 429 2878 nomen
462 2839 647 2885 habens,
679 2842 782 2875 teste
830 2837 1027 2875 matthaeo

65 2903 201 2951 Paris,
232 2901 359 2941 multa
389 2902 438 2940 de
468 2901 652 2940 Hebraeo
684 2902 722 2938 in
762 2901 944 2938 Latinum
985 2900 1028 2938 si-

64 2963 208 3004 deliter
249 2964 481 3003 transtulit:
513 2965 608 3003 obiit
637 2975 671 3002 a.
705 2961 823 3001 1246.
867 2961 1026 3001 Pitseus

63 3026 247 3077 Append.
276 3026 395 3064 Cent.
425 3026 487 3064 IV.
519 3027 582 3064 55.

117 3086 385 3126 ROBERTUS
416 3085 564 3135 Aston,
595 3086 770 3137 Anglus‚
801 3085 850 3123 de
880 3086 1028 3125 Ordine

63 3148 372 3190 Mendicantium
393 3177 400 3194 ‚
431 3149 592 3198 scripsit
618 3146 896 3198 Expositiones
919 3147 1028 3187 Scri-

65 3214 311 3264 pturarum,
343 3208 411 3248 lib.
433 3210 463 3248 I.
494 3211 551 3248 lta
582 3209 802 3247 Gesnerus.

127 3354 159 3391 a)
182 3352 319 3385 Journal
344 3352 400 3384 des
424 3355 569 3383 §cavans
596 3351 687 3383 1725.
712 3361 743 3391 p.
771 3350 844 3382 515.
869 3351 950 3383 Bibl.
973 3354 1038 3382 An-

1985 231 2063 271 395
2082 249 2089 253 ·

1151 303 1418 343 ROBERTUS
1447 302 1731 342 Avenionenszs
1749 332 1755 348 ,
1773 301 1854 340 vid.
1878 303 1977 342 infra
1994 303 2068 342 Ro-

1101 364 1238 404 bertus
1266 365 1312 404 de
1345 365 1488 405 Usetia.

1152 429 1419 467 ROBERTUS
1448 427 1494 466 de
1520 425 1757 479 Avesbwy,
1788 439 1808 466 a
1841 427 2069 478 PitseoAp-

1098 490 1216 540 pend.
1246 490 1458 529 Cent.'lli.
1490 490 1554 527 99.
1603 494 1799 539 tanquam
1846 490 2065 530 Historicus

1099 551 1252 599 Anglus
1285 555 1560 598 memoratur,
1591 550 1639 589 ad
1684 563 1807 601 quem
1851 552 1910 590 Jo.
1945 551 2066 591 Stous

1102 614 1390 661 provocaverit.
1424 612 1591 662 Scripsit
1615 617 1750 651 autern
1783 612 2004 651 Historiam
2023 612 2071 652 de

1100 672 1358 712 mirabilibus
1385 673 1509 724 9estis
1533 673 1720 712 Eduardi
1743 674 1817 713 III.
1846 679 1887 713 et
1930 674 2066 714 editus

1099 740 1161 773 est
1191 746 1212 773 a
1244 735 1396 774 Thoma
1430 736 1608 781 {learne‚
1641 736 1769 774 oxon.
1802 736 1920 776 1720.
1949 737 1986 774 8.
2022 738 2060 784 a)

1101 798 1197 835 Vide
1228 797 1450 836 Fabricium
1483 801 1665 836 nostrum
1698 809 1818 847 supra
1850 798 1914 836 lib.
1956 799 1985 836 1.
2029 810 2066 848 p.

1102 859 1189 898 100.
1219 865 1260 898 et
1284 865 1378 897 tom.
1412 860 1473 897 IV.
1505 871 1543 909 p.
1574 859 1662 898 373.
1693 860 1893 909 Excerpta
1939 861 2067 910 ipsius

1101 921 1302 972 quaedam
1334 922 1499 960 fuerunt
1536 923 1573 958 in
1617 921 1715 960 Bibl.
1766 922 2065 968 Tenisoniana‚

1101 988 1203 1022 teste
1232 984 1418 1032 Catalogo
1448 982 1553 1022 MSS.
1585 983 1692 1022 illius
1723 994 1759 1033 p.
1791 983 1854 1021 26.

1151 1044 1438 1091 ROBERTUS,
1469 1043 1789 1083 Austrovandiae
1813 1045 2068 1084 Archidiaco-

1100 1118 1202 1152 nus,
1234 1108 1335 1145 vixit
1364 1108 1469 1145 circa
1499 1118 1533 1145 a.
1567 1106 1686 1146 4449.
1718 1107 1888 1157 Scripsit
1943 1107 2068 1146 Vitam

1098 1170 1137 1208 S.
1169 1167 1349 1216 Acheru,
1378 1169 1559 1208 monachi
1592 1174 1632 1207 et
1662 1169 1887 1220 presbyteri
1922 1169 2068 1209 Reclu-

1098 1234 1129 1268 si
1187 1232 1537 1281 Crispinianiensis
1582 1232 1839 1278 monasterii,
1882 1233 2064 1281 aequalis

1098 1293 1172 1330 sui.
1203 1293 1349 1330 Exstat
1378 1303 1440 1340 ap.
1473 1292 1634 1331 Surium
1667 1292 1705 1331 d.
1738 1295 1774 1331 1.
1804 1293 1930 1342 April.
1959 1297 2001 1331 et
2027 1295 2066 1331 in

1096 1353 1208 1391 Actis
1238 1354 1375 1391 Sanct⁴
1407 1357 1503 1390 tom.
1535 1354 1562 1391 Ι.
1589 1353 1751 1403 Aprilis.
1777 1367 1811 1404 p.
1839 1355 1931 1393 763.

1151 1415 1418 1454 ROBERTUS
1447 1413 1808 1454 Autissiodorensis
1825 1447 1834 1463 ,
1860 1417 2065 1466 cognomi-

1098 1488 1147 1515 ne
1179 1475 1447 1523 Malckotius,
1480 1476 1707 1515 Canonicus
1732 1481 1773 1514 et
1799 1478 1905 1514 Prior
1931 1488 2068 1516 mona-

1098 1541 1208 1577 sterii
1239 1540 1278 1577 S.
1310 1539 1472 1578 Meriani
1503 1539 1596 1587 (non
1626 1537 1836 1586 Mariani,
1881 1543 1926 1576 ut
1969 1539 2068 1578 Vos-

1097 1602 1181 1640 sius
1210 1606 1251 1639 et
1279 1599 1355 1649 alii)
1382 1599 1758 1647 Autissiodorensis,
1775 1599 1936 1638 Ordinis
1951 1602 2067 1639 Prae-

1099 1664 1436 1711 monstratensis‚
1468 1666 1652 1701 mortuus
1682 1673 1716 1700 a.
1749 1662 1868 1701 1212.
1898 1662 2068 1712 Scripsit

1102 1723 1406 1775 Chronoloyiam
1429 1723 1480 1762 ab
1505 1721 1600 1762 orbe
1623 1722 1777 1761 condito
1803 1733 1932 1774 usque
1955 1722 2011 1761 ad
2029 1735 2067 1760 a.

1101 1787 1218 1826 1211.
1246 1797 1369 1837 quam
1400 1787 1512 1837 Hugo
1534 1786 1762 1826 Canonicus
1791 1785 1975 1834 ejusdem
1990 1785 2068 1824 Ec-

1099 1849 1245 1887 clesiae
1278 1850 1559 1896 continuavit,
1591 1851 1632 1886 et
1663 1847 1790 1886 Nicol.
1818 1847 2067 1886 Camuzatus

1099 1911 1237 1950 Trecis
1262 1910 1379 1950 1608.
1403 1910 1440 1949 [ι.
1459 1910 1530 1948 sed
1555 1922 1758 1961 ανωνυμως
1787 1909 1927 1958 θιΙῑᾱῑῐ;
1943 1920 2069 1959 quum

1096 1978 1230 2012 tamen
1261 1973 1524 2011 Continuator
1553 1972 1630 2010 sub
1659 1982 1693 2009 a.
1728 1971 1846 2010 1211.
1876 1981 2068 2021 expresse

1097 2033 1239 2073 addat:
1271 2034 1359 2073 Huc
1388 2043 1515 2083 usque
1551 2032 1800 2071 continuavit
1841 2031 2066 2071 Chronicon

1098 2097 1246 2135 Frater
1272 2094 1479 2135 Robertus.
1500 2095 1760 2133 Continuatio
1787 2094 1980 2144 pertingit
1999 2104 2066 2132 us-

1097 2170 1175 2209 que
1205 2158 1252 2197 ad
1280 2170 1314 2196 a.
1343 2159 1460 2198 1223.
1493 2158 1659 2195 Vossius
1687 2156 1736 2194 de
1770 2154 1979 2194 Historicis
2000 2157 2071 2194 La-

1095 2223 1191 2259 tinis
1220 2232 1308 2271 pag.
1353 2221 1442 2258 413.
1486 2219 1702 2256 editionem
1749 2218 1968 2256 Parisinam
2010 2228 2062 2255 ex

1095 2284 1251 2322 officina
1280 2281 1500 2321 Nivelliana
1532 2280 1646 2319 1609.
1695 2283 1918 2326 memorat,
1963 2289 2068 2328 quae

1099 2346 1267 2384 fortasse
1296 2355 1318 2382 a
1348 2342 1556 2392 bibliopola
1586 2341 1774 2378 Trecensi
1799 2338 1847 2377 ad
1868 2340 2064 2377 Parisien-

1100 2418 1185 2445 sem
1216 2406 1411 2445 translata
1442 2408 1537 2451 est,
1573 2406 1757 2449 mutato,
1789 2405 1833 2439 ut
1874 2400 1958 2438 fieri
1999 2410 2064 2438 so-

1104 2469 1181 2515 let,
1213 2468 1341 2506 titulo.
1372 2466 1471 2505 Nam
1500 2466 1582 2504 Jac.
1629 2465 1666 2503 le
1715 2465 1835 2513 Long.
1881 2465 1918 2500 in
1963 2462 2065 2500 Bibl.

1104 2529 1300 2568 Historica
1327 2528 1476 2566 Galliae
1507 2538 1593 2576 pag.
1624 2525 1715 2564 352,
1760 2525 1850 2563 353.
1894 2523 2062 2562 alterius

1103 2590 1317 2636 editionis,
1348 2599 1468 2638 quam
1501 2587 1725 2633 Treccnsis,
1759 2597 1836 2623 non
1870 2585 2065 2623 meminit.

1105 2653 1219 2691 Liber
1247 2649 1336 2701 ejus
1365 2648 1412 2687 de
1445 2646 1679 2686 haeresibus
1721 2646 1796 2685 MS.
1839 2650 1976 2685 exstat
2023 2647 2062 2684 in

1105 2713 1347 2753 monasterio
1391 2711 1570 2750 Dunensi
1609 2711 1646 2747 in
1692 2708 1902 2753 Flandria,
1946 2713 2065 2758 prout

1102 2780 1275 2815 testatur
1303 2773 1395 2812 Ant.
1427 2772 1632 2812 Sanderus
1662 2771 1757 2810 Bibl.
1803 2770 1959 2822 Belgica
1987 2769 2066 2808 MS.

1102 2840 1130 2877 l.
1161 2850 1197 2888 p.
1229 2836 1316 2876 173.
1348 2834 1460 2874 Adde
1489 2833 1691 2873 Oudinum
1719 2838 1826 2871 tomo
1851 2832 1916 2870 ΙΙΙ.
1939 2842 1977 2881 p.
2003 2831 2065 2870 18.

1150 2898 1418 2939 ROBERTUS
1447 2897 1563 2934 Baco.
1596 2897 1651 2934 Dc
1685 2895 1757 2933 hoc
1784 2894 1867 2943 jam
1890 2894 1970 2943 egit
1997 2894 2067 2932 Fa-

1102 2963 1251 3001 bricius
1281 2971 1402 3011 supra
1433 2963 1529 2997 tom.
1560 2959 1588 2996 l.
1619 2969 1706 3008 pag.
1741 2957 1831 2995 152.
1873 2956 1938 2993 cui
1984 2953 2067 3004 jam

1101 3023 1283 3063 addenda
1313 3027 1409 3061 sunt
1439 3022 1674 3070 sequentia:
1708 3020 1795 3058 Fuit
1825 3018 1865 3056 S.
1884 3015 2067 3055 Edmun·

1102 3086 1169 3127 di,
1199 3084 1316 3136 cujus
1346 3085 1473 3122 Vitam
1505 3082 1743 3132 descripsit,
1776 3082 1902 3130 primo
1947 3078 2066 3117 disci-

1102 3148 1247 3199 puluS‚
1279 3151 1367 3197 post
1399 3144 1614 3183 familiaris.
1649 3144 1732 3181 Vita
1776 3145 1912 3180 autem
1958 3141 2022 3179 illa
2054 3170 2062 3187 ‚

1103 3209 1290 3260 quamvis
1321 3207 1411 3245 stilo
1442 3207 1684 3252 immutato,
1720 3205 1865 3253 legitur
1895 3214 1958 3254 ap.
1993 3204 2067 3243 Su-

1100 3351 1202 3391 glauce
1227 3353 1250 3380 i.
1282 3350 1363 3378 vui.
1395 3356 1426 3387 p.
1449 3346 1525 3377 ⁴270.
1554 3347 1605 3377 lx.
1632 3356 1664 3387 p.
1690 3346 1746 3377 57.
