2533 4009
455 262 529 302 14³»
1067 309 1078 322 ⁸

450 333 616 370 odelerii
640 332 678 368 1³.
717 320 887 376 scriptor
919 326 1117 364 eximius.
1155 327 1250 365 liaeo
1275 328 1323 366 de
1354 340 1395 365 se

451 396 534 444 ipso
573 395 608 430 in
641 396 818 428 ‹wtwmo
851 388 935 424 libi-i
974 389 1079 425 Xlll.
1119 379 1204 427 sive
1244 391 1396 429 ultimi:

452 457 548 493 Fece
568 454 670 492 senio
695 455 730 488 et
755 448 981 499 infirmitate
1015 448 1208 501 fatiqatus
1248 451 1395 491 librum

450 516 548 554 liuns·
569 515 682 565 finire
715 513 853 561 cupi0,
877 515 912 548 et
936 510 1004 549 hoc
1029 516 1073 549 ut
1092 512 1189 563 fiat,
1210 513 1397 565 pluribus

448 591 501 615 <nr
524 575 655 614 causis
688 571 896 625 manifesta
921 574 1101 624 eaeposcit
1140 575 1255 613 ratio.
1297 576 1397 614 Nam

445 636 737 686 seoeaffesimum
756 634 963 686 septimum
983 638 1015 682 a)
1038 637 1180 678 aetatis
1200 649 1311 676 meae
1327 651 1396 676 an-

445 712 536 738 num
563 699 599 736 in
637 697 745 736 cultu
788 698 941 735 Domini
978 698 1056 736 mei
1085 700 1194 738 JEsu
1234 700 1396 739 CHristz

441 771 610 812 perayo:
637 764 675 798 et
705 760 797 798 dnm
839 760 1050 812 Optimates
1084 761 1200 800 liuius
1239 756 1395 811 Seculi,

438 821 632 873 gli-avibus
654 821 880 874 infortuniis
903 822 1058 874 sibique
1093 823 1207 862 valde
1241 828 1396 862 coutra-

442 884 514 922 riis
541 883 661 922 video.
682 884 819 935 qratia
836 885 930 922 DEI
946 883 1161 923 roboratus
1181 890 1397 924 securitate

441 945 692 985 subiectionis
738 950 775 984 et
813 946 1067 998 paupertatis
1106 946 1294 997 tripudio¹
1337 948 1397 985 En

444 1009 670 1058 Stephanus
709 1011 798 1047 Rea)
834 1007 1052 1058 Anylorum
1088 1008 1127 1046 in
1161 1020 1324 1048 carcere
1365 1015 1397 1059 (a

442 1071 626 1110 Mathilde
664 1071 944 1120 Andegavensi
984 1071 1208 1119 eomitissa)
1242 1083 1399 1122 yemens

442 1133 636 1171 detinetur
682 1136 719 1170 et
765 1131 991 1170 Ludovieus
1021 1134 1110 1171 Rea:
1147 1134 1398 1173 Francorum

442 1195 725 1248 expeditionem
756 1205 876 1245 aqens
903 1197 1041 1233 contra
1065 1195 1215 1234 Gothos
1233 1201 1273 1235 et
1295 1184 1400 1237 Gua2

442 1269 609 1304 scones,
630 1256 817 1308 pluribus
856 1256 966 1295 curis
1005 1255 1146 1295 crebro
1184 1259 1394 1298 anxiatur.

442 1321 503 1358 En
521 1319 708 1372 praesule
742 1318 927 1371 defuncto
952 1320 991 1367 b)
1018 1321 1281 1359 Luxoviensis
1308 1322 1400 1361 Cat-

442 1381 564 1420 liedra
589 1385 700 1420 caret
720 1382 912 1432 Episcopo
933 1411 941 1428 ,
968 1386 1005 1419 et
1026 1382 1184 1433 quando
1209 1383 1273 1422 vel
1300 1395 1398 1435 qua-

443 1443 516 1483 lem
557 1443 747 1482 habitura
775 1445 828 1482 sit
862 1444 1080 1494 pontificem
1116 1445 1255 1483 nescia
1297 1446 1400 1495 Quid

441 1505 611 1558 amphus
641 1506 798 1544 dicam?
838 1507 948 1544 Inter
996 1506 1118 1554 haec,
1162 1508 1398 1559 omnipotens

441 1569 576 1608 DEt'S
596 1600 603 1616 τ
625 1568 860 1620 colloquium
887 1580 1016 1607 meum
1040 1569 1094 1607 ad
1121 1571 1167 1608 Te
1190 1575 1371 1610 converto
1389 1602 1397 1618 ,

442 1636 478 1670 et
501 1630 745 1669 clementiam
774 1632 895 1669 Tuam
912 1663 921 1679 ,
945 1635 990 1669 ut
1029 1633 1104 1670 mei
1140 1633 1397 1678 miserearis,

442 1693 650 1744 dupliciter
672 1705 811 1741 eocoro,
838 1692 924 1731 Tibi
938 1694 1095 1743 qratias
1115 1705 1188 1745 ayo
1206 1725 1213 1742 ,
1249 1707 1398 1735 summe

442 1758 531 1795 Rea:
549 1788 557 1803 ,
584 1756 655 1807 qui
676 1768 735 1794 me
751 1756 881 1806 gyratis
905 1755 1056 1807 fecisti,
1078 1760 1112 1794 et
1141 1769 1264 1796 (minos
1296 1770 1398 1797 meos

441 1819 659 1857 seeundum
692 1817 972 1870 beneplacitam
1002 1818 1240 1858 voluntatem
1280 1821 1402 1858 Tuam

441 1881 684 1933 disposuisti.
713 1882 766 1919 Tu
790 1893 829 1919 es
845 1882 946 1920 enim
971 1884 1059 1921 Rem
1081 1894 1190 1921 meus
1205 1887 1242 1921 et
1264 1883 1333 1920 DE
1339 1885 1397 1923 [λς

442 1955 568 1988 meus,
599 1950 636 1982 et
661 1956 728 1995 eqo
749 1955 837 1982 sum
862 1955 1005 1983 servus
1039 1945 1142 1984 Tuus
1169 1950 1205 1984 et
1229 1945 1396 1985 ancillae

444 2006 546 2043 Tua-e
571 2005 705 2056 filius,
730 2006 801 2057 qui
815 2018 890 2057 pro
923 2018 1036 2057 posse
1070 2019 1152 2046 meo
1191 2021 1217 2046 a
1250 2009 1395 2058 primis

444 2067 529 2105 Tibi
549 2070 651 2107 vitae
675 2080 783 2106 meae
807 2069 959 2107 servivi
976 2068 1123 2108 diebus.
1158 2071 1258 2108 Nam
1298 2069 1396 2109 Sab-

440 2128 527 2167 bato
550 2130 724 2169 Paschae
747 2133 786 2180 c)
823 2130 932 2183 apud
953 2133 1230 2182 Attingosham
1272 2132 1398 2184 bapti-

439 2198 556 2232 zatus
579 2205 696 2240 sum,
722 2194 794 2244 qui
828 2194 938 2232 vicus
964 2195 1003 2232 in
1031 2194 1176 2244 Anqlia
1216 2196 1318 2235 situs
1343 2200 1401 2235 est

437 2267 558 2306 super
583 2257 812 2302 Sabrinam,
838 2256 1029 2305 inqentem
1051 2256 1233 2306 fluvium.
1253 2257 1400 2310 Ibiper

439 2317 700 2355 ministerium
736 2317 890 2356 Ordrici
940 2317 1174 2370 Presbyteri
1207 2333 1262 2359 eae
1293 2332 1400 2371 aqua

439 2385 474 2418 et
497 2380 650 2430 Spiritu
674 2381 816 2418 Sancto
842 2392 901 2419 me
940 2384 1187 2431 reqenerasti
1204 2414 1212 2429 ,
1240 2386 1277 2421 et
1301 2383 1399 2421 mila·

439 2442 611 2480 eiusdem
650 2442 900 2489 Sacerdotis,
922 2444 1077 2494 patrini
1108 2444 1261 2484 scilicet
1298 2445 1397 2493 mei,

439 2516 573 2542 nomen
592 2503 775 2543 itulidisti.
801 2504 944 2543 Deinde
963 2517 1051 2544 cum
1073 2507 1246 2558 qzcinque
1270 2520 1398 2547 essem

439 2578 658 2613 annorum,
696 2566 806 2617 apud
840 2567 979 2606 urbem
1009 2570 1332 2609 scrobesburiam
1365 2571 1401 2617 d)

444 2628 609 2669 Scholae
634 2630 807 2668 traditus
831 2642 943 2681 sum,
971 2635 1006 2669 et
1026 2631 1162 2681 prima
1186 2631 1258 2671 tibi
1279 2633 1403 2673 seroi-

496 2809 529 2846 τι)
553 2812 588 2840 Α.
612 2809 646 2839 C.
676 2807 770 2838 1141.
793 2810 883 2840 idem
909 2811 942 2841 in
972 2810 1086 2842 limine
1115 2810 1189 2842 libri
1213 2813 1264 2842 xl.
1286 2821 1317 2851 p.
1333 2812 1407 2842 809.

457 2861 652 2891 Pontificum
675 2861 866 2898 Regumque
889 2867 987 2890 senex
1013 2868 1103 2890 nunc
1126 2862 1278 2899 scriptito
1297 2865 1409 2900 gesta,

456 2913 640 2948 sexagenus
663 2916 722 2948 ego
747 2910 858 2947 pueris
881 2915 918 2939 ea
943 2908 984 2938 do
1008 2909 1201 2940 manifesta.
1274 2948 1276 2951 .

497 2959 529 2996 b)
554 2962 680 2990 joanne
703 2960 867 2998 Episcopo
890 2960 1082 2989 Lexoviensi
1122 2960 1178 2997 qui
1217 2958 1302 2989 obiit
1342 2962 1403 2989 An.

440 3007 527 3038 illl.
552 3010 617 3040 xil.
641 3008 708 3039 Cal.
734 3008 941 3039 Junii..Vide
965 3008 1237 3038 sammartlianos
1276 3012 1355 3038 tom.
1385 3008 1404 3037 ⁶2

443 3065 516 3097 pag.
541 3058 612 3097 (548.

503 3116 517 3137 c
556 3112 613 3137 An.
639 3107 727 3139 1075.
755 3107 850 3147 apud
878 3106 1152 3146 Ettinqesham‚
1181 3107 1219 3136 in
1242 3106 1403 3138 Ecclesia

442 3156 473 3184 ἶν’.
497 3155 621 3186 Eattae
645 3156 882 3196 Confessoris.
905 3158 984 3188 Vide
1010 3156 1055 3186 llb
1093 3158 1127 3186 V,
1155 3165 1186 3196 p.
1208 3156 1282 3187 548.

503 3203 530 3232 ‹i‘
562 3207 620 3234 An.
645 3205 734 3237 1070.
760 3207 843 3238 adde
862 3207 1011 3238 Andreae
1036 3207 1214 3238 Duchesnii
1241 3206 1343 3247 praes.
1362 3206 1402 3237 ad

443 3253 618 3290 scriptores
638 3255 890 3287 Normannicos.

502 3301 532 3338 c)
557 3303 685 3333 Latinas
710 3304 837 3336 litteras
864 3308 1025 3345 signifieat
1044 3330 1052 3344 ,
1076 3316 1114 3338 ex
1143 3310 1219 3337 noio
1237 3305 1402 3338 versiculo

444 3352 578 3388 fingenii
595 3350 761 3383 Toletani:
782 3354 878 3391 (luas
897 3356 1014 3386 Latini
1033 3356 1284 3395 scriptitamus
1307 3379 1315 3394 ,
1330 3356 1400 3386 edi-

442 3399 491 3427 dit
515 3400 732 3430 Nicostrata.
763 3402 844 3433 Vide
871 3404 1026 3436 Codicein
1062 3404 1394 3445 pseudepigrapbum

1248 256 1636 296 ODERICUS

1472 329 1526 366 tia
1552 327 1774 368 Clericatus
1797 328 1921 369 obtuli
1940 332 1982 369 in
2002 330 2169 383 basilica
2194 334 2427 372 Sanctorum

1472 389 1584 428 Petri
1599 393 1634 428 et
1661 389 1802 437 Pauli,
1826 391 2101 442 Apostolorum
2144 393 2227 432 Illic
2253 395 2427 444 Suguar-

1474 452 1549 490 dus
1568 482 1574 497 ,
1602 452 1766 501 insigynis
1793 453 2004 506 Presbyter
2019 468 2094 508 per
2114 457 2284 508 quinque
2304 466 2428 494 annos

1476 514 1705 554 Carmentis
1741 514 1991 556 Nicostratae
2037 518 2186 557 litteras
2215 520 2256 566 e.)
2299 516 2431 557 docuit

1471 588 1558 620 me,
1587 588 1634 614 ac
1676 575 1848 615 Psalmis
1877 581 1917 615 et
1950 579 2140 630 Hymnzs,
2169 579 2338 630 aliisque
2363 590 2426 617 ne-

1470 640 1658 679 cessariis
1698 638 2027 678 instructionibus
2073 642 2426 694 mancipavit-me.

1472 704 1626 740 Interea
1659 701 1935 753 praedicatam
1975 700 2183 743 basilicam
2206 715 2327 755 super
2350 705 2426 742 Μο-

1471 765 1547 803 lam
1575 764 1722 814 flumen
1744 768 1863 802 sztam
1883 794 1892 810 ,
1925 775 2027 815 quae
2051 765 2182 814 patris
2210 765 2288 804 mei
2313 768 2426 810 erat,

1469 825 1692 864 sublimasti
1717 830 1754 864 et
1778 838 1854 878 per
1879 837 1990 876 piam
2019 824 2255 865 devotionem
2273 827 2425 878 Rogerii

1472 888 1634 927 Comitis
1668 889 1682 926 i
1698 891 1706 935 )
1737 886 1960 927 venerabile
1991 886 2226 927 coenobium
2254 892 2430 928 constru-

1470 949 1582 988 misti.
1614 950 1698 988 Non
1730 949 1801 988 tibi
1826 949 1982 1002 placuit
2003 954 2047 988 ut
2075 949 2154 988 illic
2183 949 2331 989 diutius
2359 951 2430 989 mi-

1473 1011 1629 1050 litarem
1655 1041 1662 1052 ,
1693 1024 1740 1050 ne
1770 1013 1872 1050 inter
1892 1017 2098 1063 parentes,
2119 1013 2187 1064 qui
2207 1013 2336 1052 servis
2351 1014 2430 1053 tuis

1479 1073 1679 1113 multoties
1709 1075 1821 1113 oneri
1846 1078 1940 1113 sunt
1965 1078 2003 1112 et
2030 1073 2298 1126 impedimento
2317 1104 2325 1120 ,
2358 1086 2432 1126 pa-

1477 1140 1584 1174 terer
1614 1135 1948 1188 inquietudinem,
1971 1135 2034 1175 vel
2050 1135 2215 1188 aliquod
2227 1135 2434 1176 detrimen-

1474 1201 1555 1236 tum
1595 1198 1635 1236 ·in
1664 1197 1938 1237 observatione
1969 1198 2082 1248 Leyis
2114 1198 2241 1248 Tuae,
2264 1209 2340 1250 per
2367 1211 2435 1250 pa-

1475 1266 1637 1298 rentum
1686 1260 1890 1298 carnalem
1940 1259 2127 1310 affectum
2171 1260 2431 1299 incurrerem.

1474 1323 1631 1361 Idcirco
1652 1353 1658 1370 ‚
1680 1322 1851 1373 yloriose
1877 1323 2012 1362 DEUS
2036 1354 2044 1369 ,
2068 1322 2141 1374 qui
2165 1321 2370 1361 Abraham
2388 1322 2434 1362 de

1475 1389 1597 1433 terra,
1618 1386 1830 1437 patrisque
1854 1385 1964 1423 domo
1990 1388 2030 1423 et
2053 1384 2280 1435 coynatione
2302 1384 2437 1436 eyredi

1464 1447 1638 1499 jussisti,
1672 1447 1899 1486 Odelcrium
1934 1449 1969 1497 g)
1995 1452 2147 1497 patrem
2174 1457 2306 1485 meum
2327 1447 2435 1498 aspi-

1471 1509 1602 1558 rasti,
1643 1513 1688 1547 ut
1725 1521 1785 1547 me
1823 1508 1902 1548 sibi·
1935 1509 2097 1560 penitus
2141 1506 2372 1557 abdicaret,
2400 1513 2438 1548 et

1480 1570 1566 1609 Tibi
1586 1572 1810 1610 omnimodo
1839 1570 2082 1622 subjiiqaret
2105 1570 2290 1609 Rainaldo
2311 1570 2434 1622 zyitur

1475 1634 1667 1672 Monaeho
1715 1633 1881 1686 plorans
1907 1633 2126 1685 plorantem
2154 1644 2214 1671 me
2243 1633 2280 1677 h)
2310 1633 2436 1672 tradi-

1472 1695 1553 1743 dit,
1586 1700 1623 1734 et
1644 1708 1720 1747 pro
1763 1707 1898 1734 amore
1932 1696 2008 1734 Tuo
2037 1695 2078 1734 in
2123 1694 2288 1734 eoeilium
2318 1695 2436 1735 desti-

1478 1759 1617 1806 navit,
1648 1771 1716 1797 nec
1745 1771 1804 1797 me
1832 1770 2008 1810 unquam
2032 1762 2168 1810 postea
2205 1757 2316 1797 vidit.
2359 1759 2436 1797 De-

1477 1822 1607 1859 cennis
1636 1821 1767 1873 itaque
1796 1821 2069 1860 Britannicum
2097 1831 2210 1860 mare
2239 1818 2435 1872 transfre-

1479 1884 1562 1922 tavi
1579 1914 1589 1931 ,
1616 1883 1719 1922 exul
1745 1883 1786 1922 in
1828 1885 2107 1924 Normanniam
2137 1882 2252 1930 veni,
2283 1883 2433 1922 cunctis

1472 1947 1626 1996 issnotus
1656 1947 1846 1984 neminem
1871 1946 2043 1996 coqnovi.
2066 1945 2260 1996 Linquam
2276 1976 2288 1993 ,
2309 1948 2356 1983 ut
2371 1945 2436 1982 Jo-

1469 2007 1563 2058 seph
1587 2008 1629 2045 in
1661 2007 1846 2058 AEyipto,
1877 2019 1997 2059 quam
2026 2019 2102 2046 non
2125 2018 2335 2055 noveram,
2361 2018 2434 2045 au-

1471 2069 1574 2107 divi:
1607 2069 1856 2120 suffragrante
1886 2074 2014 2108 tamen
2035 2069 2178 2108 Gratia
2201 2069 2283 2108 Tua
2301 2099 2309 2116 ,
2330 2068 2433 2108 inter

1471 2136 1632 2171 eaeteros
1662 2144 1813 2171 omnem
1834 2131 2176 2171 mansuetudinem
2198 2135 2237 2170 et
2255 2130 2433 2183 familia-

1471 2196 1629 2233 ritatem
1657 2194 1802 2245 reperi.
1833 2194 1863 2233 A
1894 2192 2117 2234 venerabili
2141 2195 2324 2233 Mainerio
2353 2192 2433 2231 Ab-

1473 2256 1563 2295 bate
1593 2257 1632 2295 in
1673 2256 1912 2296 monasterio
1951 2258 2124 2296 Uticensi
2167 2257 2202 2302 i)
2231 2255 2432 2295 undecimo

1472 2321 1616 2358 aetatis
1647 2331 1755 2358 meae
1785 2331 1888 2357 anno
1916 2319 1969 2358 ad
1998 2319 2279 2358 monachatum
2303 2329 2433 2358 susce-

1468 2386 1562 2433 ptus
1609 2394 1696 2421 sum
1718 2414 1725 2428 ‚
1770 2381 2053 2433 undecimoque
2094 2379 2185 2420 Kal.
2230 2378 2433 2427 Octobris,

1473 2444 1677 2483 Dominico
1716 2443 1894 2483 clericali
1932 2444 2015 2482 ritu
2059 2447 2292 2482 tonsuratus
2333 2452 2433 2481 sum.

1474 2507 1622 2545 Nomen
1654 2517 1811 2558 quoque
1841 2506 2041 2545 VlTALlS
2066 2517 2141 2557 pro
2184 2502 2344 2555 Anqlico
2370 2515 2437 2543 vo—

1475 2569 1656 2613 camine,
1686 2568 1791 2620 quod
1820 2568 2065 2608 Normannis
2087 2565 2279 2606 absonum
2307 2577 2437 2610 cense-

1479 2631 1623 2681 batur,
1653 2631 1754 2670 milii
1781 2631 2002 2682 impositum
2032 2634 2114 2678 est,
2143 2628 2248 2680 quod
2273 2627 2326 2667 ab
2359 2639 2435 2668 uno

1473 2812 1598 2842 veteris
1623 2813 1708 2840 sest.
1735 2819 1766 2848 p.
1790 2808 1865 2839 545.

1528 2860 1551 2894 s„
1585 2859 1705 2890 Charta
1746 2858 1937 2889 donationis
1963 2857 2091 2896 Rogerii
2112 2879 2121 2895 ‚
2145 2855 2284 2887 Comitis
2307 2855 2442 2887 Scrobe-

1471 2908 1658 2939 sburiensis
1675 2931 1685 2946 ‚
1729 2908 1816 2947 apud
1840 2907 2034 2938 ordericum
2059 2906 2119 2938 lib.
2146 2908 2180 2937 νζ
2207 2914 2281 2946 pag.
2305 2905 2381 2938 579.
2402 2905 2444 2937 ad

1468 2961 1503 2988 A:
1532 2957 1624 2987 1089.

1526 3008 1561 3046 g)
1591 3007 1782 3039 OdeIerinm
1802 3007 2035 3038 Constantium
2051 3030 2060 3044 ,
2075 3005 2359 3042 Aurelianensem‚
2374 3006 2440 3035 Ro-

1466 3058 1548 3094 gerii
1588 3054 1604 3086 a
1638 3056 1804 3087 Consiliis.
1844 3058 1921 3087 vide
1945 3056 2003 3088 lib.
2025 3058 2062 3088 V.
2088 3063 2162 3096 pag,
2185 3053 2260 3086 561.
2275 3052 2442 3085 oudinum

1471 3110 1551 3136 tom.
1574 3107 1593 3136 ⁶.)
1616 3114 1691 3145 pag,
1712 3106 1802 3137 1259.

1525 3156 1561 3195 h)
1587 3160 1646 3188 An.
1672 3156 1764 3187 1054.

1526 3206 1549 3242 i)
1576 3208 1607 3238 S.
1636 3206 1770 3237 Ebrulfii
1787 3231 1796 3243 ‚
1820 3206 1864 3245 (S.
1889 3204 2030 3243 Euroul)
2064 3207 2098 3237 in
2131 3203 2273 3236 dioecesi
2312 3199 2436 3232 Galliae

1468 3258 1684 3295 lexoviensi,
1709 3257 1786 3287 Ord.
1810 3256 1934 3286 Bened.
1955 3255 2036 3286 Vide
2052 3252 2320 3286 sammai-thanas
2352 3254 2433 3282 tom-

1464 3305 1480 3334 vi
1506 3306 1629 3337 Galliac
1654 3306 1864 3337 Christianae
1890 3312 1965 3344 pag.
1996 3304 2072 3336 547.
2094 3312 2162 3342 seq.
2186 3301 2242 3333 ubi
2265 3301 2366 3332 etiam
2395 3299 2436 3331 de

1466 3365 1519 3389 sex
1557 3357 1737 3390 Abbatibus
1753 3381 1761 3396 ,
1783 3364 1867 3396 qnos
1892 3357 2078 3387 reveritum
2101 3362 2135 3386 se
2157 3353 2314 3385 odericus
2337 3352 2436 3391 profi-

1470 3410 1571 3438 lotur-
