2533 4009
450 212 528 251 525

444 292 545 331 quae
571 292 645 318 non
664 278 847 326 intelligo}
871 278 963 332 Ord.
982 279 1279 325 Cisterciensis,
1295 283 1390 319 scri-

447 344 523 391 psit
562 340 682 377 Vitam
713 340 752 376 S.
783 335 1212 392 FrancaeAbbati‘ssae
1231 338 1390 378 Placen-

446 402 548 438 tinae
563 430 572 444 ‚
589 411 643 437 ea:
668 398 772 435 Vitae
786 396 889 435 altae
914 397 1108 437 Comitum
1121 397 1281 449 familia
1298 400 1388 440 Car.

443 462 491 498 de
517 459 630 496 Visch
658 458 751 495 Bibl.
775 459 1019 507 Scriptorum
1039 458 1132 497 Ord.
1154 460 1392 499 Cistcrcien-

442 523 496 558 sis
523 531 556 568 p.
583 519 669 556 293.

492 581 511 601 ¹
546 578 791 616 Rothlandus
830 578 1134 619 Mediolanensis
1175 582 1391 621 Monachus

439 639 654 678 Moribundi
682 677 686 687 ¹
712 641 763 676 ita
788 641 893 677 enim
927 641 1139 691 legendum
1166 647 1206 683 et
1232 644 1289 682 sic
1313 644 1393 694 pla-

441 712 487 738 na
512 705 605 738 sunt
629 701 786 748 omnia)
813 712 955 739 nomen
982 707 1044 740 est
1067 709 1299 754 corruptum
1336 710 1394 743 at—

439 773 515 811 que
539 761 802 800 deformatum
828 774 876 801 ex
904 775 998 802 vero
1022 765 1188 804 authore
1215 768 1319 805 vitae
1352 769 1389 806 S.

440 823 610 860 Francae.
634 834 752 872 quem
779 825 1021 873 appellatum
1047 830 1205 864 constat
1241 829 1395 867 Bertra-

438 894 545 921 mum
564 884 755 923 Reoldum
777 898 785 932 3
819 886 915 925 Vide
938 887 1075 926 Fabric
1110 888 1150 925 V.
1174 888 1394 929 BERTRA-

438 945 538 983 MUS
568 944 752 984 Reoldus.
787 947 807 968 ¹

489 1005 903 1046 ROTHOMAGENSE
927 1009 1150 1048 Chronicon
1161 1010 1284 1049 edidit
1300 1012 1394 1050 Lab-

435 1067 533 1105 beus
565 1067 801 1106 Bibliotheca
834 1070 910 1108 MS.
942 1075 1049 1108 tomo
1070 1070 1097 1109 l.
1123 1082 1159 1122 p.
1191 1072 1281 1110 364.
1304 1074 1394 1111 Fra-

433 1133 639 1178 gmentum
672 1140 720 1167 ex
754 1129 952 1169 Chronico
990 1132 1298 1184 Rothomagensi
1343 1135 1394 1173 ab

435 1202 468 1227 a.
503 1190 739 1229 ¹230-i23t.
760 1191 979 1231 Dacherius
1008 1198 1115 1232 tomo
1141 1196 1205 1234 111.
1229 1196 1394 1246 Spicils-

434 1253 484 1301 gii
511 1263 544 1301 p.
565 1251 656 1290 643,
682 1253 778 1291 Acta
806 1254 1207 1305 Archiepiscoporum
1247 1257 1393 1295 Rotho-

436 1315 682 1363 magensium
702 1346 711 1361 ,
743 1315 994 1355 mabillonius
1026 1317 1204 1356 Analect.
1235 1331 1273 1369 p.
1302 1319 1392 1357 222.

436 1374 559 1412 Vetus
589 1375 754 1414 formula
784 1377 1008 1415 celebrandi
1034 1379 1198 1416 Concilii
1234 1382 1393 1429 provin-

437 1436 552 1474 cialis
575 1437 750 1475 Ecclesia
776 1438 1110 1489 Rothomugensi,
1137 1439 1280 1478 ibidem
1303 1451 1390 1491 pag.

438 1497 528 1535 ²226.
553 1499 707 1537 Statuta
734 1499 934 1537 Ecclesiae
961 1500 1296 1551 ltothomagensis
1326 1514 1388 1540 an.

443 1559 556 1598 4364.
580 1561 754 1598 Martene
779 1565 817 1597 et
840 1561 1012 1599 Durand.
1050 1562 1228 1612 ampliss.
1269 1567 1295 1600 t.
1328 1563 1388 1602 Vl.

437 1631 473 1669 p.
493 1620 584 1660 757.
607 1622 853 1659 Breviarium
882 1621 929 1659 ad
957 1632 1056 1660 usus
1090 1623 1290 1662 Ecclesiae
1319 1625 1391 1662 Ro-

436 1681 707 1732 thomagensis
723 1687 803 1731 typ.
823 1682 1064 1732 impressum
1086 1688 1147 1721 est
1164 1695 1212 1722 an
1236 1685 1387 1723 44804.

488 1743 660 1791 Antiqua
692 1742 848 1780 Statuta
875 1742 1217 1783 archimonasterii
1248 1745 1388 1784 Rotho-

436 1805 635 1853 magensis
656 1804 695 1841 S.
722 1803 901 1842 Audoeni
926 1806 961 1842 in
980 1807 1155 1845 Martene
1170 1811 1209 1844 et
1228 1808 1386 1846 Durand

435 1864 636 1902 Thesauro
668 1875 770 1904 novo
801 1870 907 1904 tomo
938 1868 999 1906 lv,
1030 1880 1065 1918 p.
1098 1869 1212 1908 4205.

487 1926 509 1948 ⁴⁸
532 1927 703 1965 Concilia
729 1927 924 1977 quaedam
951 1930 1154 1968 Ecclesiae
1180 1931 1391 1970 Rothoma-

431 1989 566 2038 gensis
589 1992 745 2038 praeter
782 2000 826 2026 ea
864 2000 966 2039 quae
991 1990 1189 2029 dederunt
1214 1993 1389 2030 Martenn

433 2055 470 2088 et
497 2051 650 2088 Durant
673 2048 796 2088 edidit
838 2052 875 2088 P.
913 2051 1138 2090 Guilelmus
1177 2054 1317 2091 Bessin
1351 2055 1389 2091 in

434 2121 505 2149 sua
523 2111 752 2149 collectione
778 2112 984 2150 Concilior.
1007 2113 1268 2152 Normanniae
1293 2126 1395 2165 quae.

435 2173 581 2222 pariter
604 2173 638 2209 in
663 2182 733 2210 sua
760 2173 915 2222 singula
942 2173 1023 2212 loca
1050 2174 1262 2214 distributa
1295 2182 1392 2215 sunt

436 2236 473 2270 in
495 2234 710 2270 novissima
733 2232 906 2271 editione
933 2234 1073 2272 Labbei
1096 2235 1246 2274 Veneta
1267 2236 1288 2259 ⁹

488 2291 782 2342 ROTROCUS‚
817 2295 1060 2342 Hrotrocus.
1107 2297 1240 2335 nescio
1275 2298 1391 2347 quis,

435 2355 593 2404 scripsit
629 2353 755 2392 Vitam
779 2355 821 2393 S.
848 2354 1107 2405 Corbz‘niam',
1132 2369 1234 2408 quae
1259 2363 1393 2397 exstat

434 2420 470 2454 in
496 2416 730 2454 bibliotheca
747 2416 930 2467 Episcopi
959 2419 1235 2469 Frisingensis.
1259 2420 1392 2470 Epita-

433 2478 568 2528 phium
599 2477 687 2526 ejus
715 2489 765 2516 ex
788 2477 931 2517 Codice
971 2484 1205 2529 pervetusto
1249 2483 1393 2532 Teger-

431 2540 590 2577 nseensi
617 2539 762 2589 profert
788 2541 900 2577 Bern.
933 2541 1073 2579 Pezius
1107 2542 1274 2580 Dissert.
1315 2542 1393 2580 lsa-

431 2602 564 2651 gngica
590 2602 627 2637 in
644 2604 797 2638 tomum
826 2602 996 2650 primum
1033 2603 1227 2641 Thesauri
1268 2601 1393 2640 Auec-

432 2661 615 2700 dotorum
644 2662 851 2699 novissimi
879 2673 914 2711 p.
941 2663 1005 2701 27.

486 2721 740 2773 Epitaphium
769 2722 986 2762 Hrotrochc
1018 2725 1243 2775 Sophistae.

447 2839 506 2869 uic
524 2839 612 2876 jacet
632 2838 769 2874 opertus
794 2837 932 2875 cespitis
959 2838 1092 2870 telluris
1118 2843 1151 2870 in
1175 2839 1254 2870 auia

451 2886 594 2925 Corpore
619 2883 769 2923 sepultus
795 2885 941 2924 inclytus
964 2892 1036 2918 arte
1062 2888 1170 2919 lector

447 2934 652 2966 venerabilis
675 2934 828 2972 scriptor
843 2957 852 2971 ‚
877 2936 1022 2968 famosus
1047 2937 1220 2968 literarum
1238 2937 1393 2976 sophista

430 2984 605 3015 nroirohc.

450 3034 506 3063 Hic
528 3035 582 3071 pie
605 3037 720 3066 vivens
744 3036 886 3067 feliciter
905 3037 1062 3074 migravit
1084 3033 1125 3064 ad
1149 3033 1335 3065 Christum.

450 3084 518 3113 Huc
540 3086 711 3116 venientes
734 3085 849 3116 fratres
864 3110 872 3121 ‚
898 3093 1013 3116 versns
1036 3085 1233 3124 quicunque

450 3131 605 3168 tegentes
626 3133 686 3163 hos
701 3157 710 3171 ‚
734 3137 853 3165 vestris
877 3137 985 3174 rogito
1010 3134 1166 3173 precihus

452 3180 600 3209 Animam
625 3181 781 3220 adjuvate
805 3190 899 3213 suam

492 3276 592 3311 ‚Neve
617 3281 764 3317 liuh-oei
807 3295 946 3319 nornen
973 3285 1141 3333 cuipiam
1178 3282 1377 3320 insolitum

1243 210 1643 253 RUBEANUS

1464 283 1674 333 videatur,
1696 286 1768 324 hoc
1792 287 1975 328 addimus
1995 317 2003 329 .
2027 290 2126 329 duos
2151 291 2274 341 hujus
2301 293 2427 331 nomi-

1465 344 1527 380 nis
1552 343 1701 392 fuisse,
1724 357 1894 395 quorum
1918 349 2019 388 alter
2056 356 2193 400 pater,
2233 352 2338 390 alter
2377 352 2423 391 n-

1466 403 1541 440 lius
1576 404 1755 443 Gaufridi
1795 406 2046 448 vicecomitis
2084 411 2418 451 Castridunensis

1464 465 1547 503 fuit.
1571 466 1714 504 Mentio
1738 477 1874 506 eorum
1912 469 1953 507 iit
1969 471 2005 508 in
2024 471 2250 522 diplomatis
2265 470 2423 512 Clunia-

1466 526 1654 565 censibus
1683 527 1718 564 in
1742 527 1981 568 Bibliotheca
2007 532 2259 572 Cluniacensi
2279 545 2315 584 p.
2337 534 2428 572 544.

1467 597 1555 637 seq.
1580 591 1620 625 et
1648 589 1684 625 in
1711 592 1849 626 annot.
1868 588 2048 629 Andreae
2066 592 2118 631 du
2137 593 2294 633 Chesne
2311 606 2346 645 p.
2362 593 2428 633 77.
2476 638 2478 641 ,

1521 647 1557 686 S.
1586 648 1853 688 RUADANUS
1876 679 1884 696 ‚
1910 650 2108 691 Hibernus
2126 682 2135 699 ,
2170 655 2349 705 aequalis
2389 654 2428 694 S.

1469 708 1669 748 Brendani
1695 709 1860 749 Abbatis
1879 739 1887 756 ‚
1908 711 1975 761 qui
1992 721 2014 749 a
2039 712 2078 750 S.
2103 714 2252 753 Tinano
2267 715 2431 766 Episco-

1469 781 1517 820 po
1539 771 1802 810 Clonardensi
1829 771 2024 811 educatus
2041 778 2128 822 est,
2145 779 2186 813 et
2220 777 2429 827 presbyter

1469 829 1690 868 ordinatus.
1719 831 1757 868 Is
1780 831 1816 868 in
1849 831 2083 870 Momoniam
2109 833 2311 882 profectus
2344 837 2430 874 Lot-

1469 891 1562 929 hrae
1583 891 1816 930 coenobium
1839 894 2093 935 construxit,
2128 893 2259 944 ibique
2299 895 2429 936 Abbas

1470 951 1666 1001 praefuit,
1696 953 1790 990 obiit
1826 964 1859 991 a.
1901 953 1991 992 584.
2033 954 2251 1004 scripsisse
2284 954 2428 996 dicitur

1475 1016 1618 1050 contra
1648 1012 1842 1052 Diarmod
1868 1025 2000 1064 reyem
2030 1012 2094 1053 Izb.
2121 1014 2150 1053 Ῑ.
2176 1015 2232 1054 De
2254 1014 2433 1055 mirabili

1466 1071 1639 1123 fontium
1676 1073 1715 1111 in
1744 1072 1941 1113 Hibernia
1969 1077 2137 1123 natura,
2168 1081 2206 1115 et
2232 1076 2280 1116 de
2307 1077 2431 1116 mira-

1466 1133 1602 1173 culosa
1621 1133 1778 1173 arbore.
1795 1138 1985 1174 Waraeus
2009 1135 2058 1174 de
2079 1137 2265 1189 Scriptor.
2290 1137 2429 1177 Hiber-

1471 1197 1558 1234 niae.
1590 1202 1689 1246 part.
1724 1198 1735 1235 1
1780 1208 1817 1247 p.
1850 1197 1910 1236 43.

1523 1258 1694 1296 Joamies
1727 1258 1874 1297 Crocus
1908 1258 2200 1307 RUBEANUS‚
2228 1271 2325 1299 vero
2361 1271 2429 1299 no-

1468 1321 1575 1357 mine
1598 1320 1656 1356 .Ιο.
1687 1320 1837 1370 Jayer,
1869 1320 1964 1358 illud
1997 1331 2092 1359 vero
2123 1331 2267 1360 nomen
2285 1332 2428 1361 verna-

1465 1381 1600 1419 culum
1645 1394 1720 1418 απο
1764 1380 1810 1418 r}
1858 1393 1999 1430 npowv
2041 1393 2063 1421 a
2097 1380 2322 1433 pulsando,
2357 1384 2428 1421 im-

1467 1442 1659 1480 mutando
1681 1442 1877 1490 deduxit,
1903 1449 2020 1482 antea
2045 1454 2204 1494 quoque
2227 1443 2428 1482 Venatoris

1467 1504 1626 1541 nomine
1658 1514 1769 1542 usus.
1802 1504 1929 1543 Natus
1959 1509 2022 1543 est
2048 1505 2085 1542 in
2107 1505 2198 1544 villa
2217 1503 2426 1543 Dornheim

1469 1574 1586 1614 prope
1617 1564 1912 1613 Arnstadium,
1944 1565 2051 1604 unde
2081 1576 2226 1604 nomen
2252 1563 2434 1605 Rubeam'

1466 1626 1527 1664 vel
1560 1623 1761 1673 Rubi'anz',
1791 1628 1894 1665 circa
1927 1638 1959 1665 a.
1994 1627 2037 1666 C.
2070 1626 2182 1665 4480.
2214 1628 2428 1666 Literisin-

1463 1687 1600 1726 cubuit
1643 1686 1817 1735 Erl'urti,
1862 1687 1927 1726 ubi
1974 1698 2010 1725 a.
2059 1688 2174 1726 4508.
2216 1687 2426 1738 Magisterii

1463 1748 1696 1798 dignitatem
1727 1747 1900 1787 obtinuit
1931 1748 2006 1786 sub
2039 1749 2199 1786 nomine
2219 1748 2276 1787 Jo.
2307 1749 2428 1786 Vena-

1460 1808 1558 1847 coris
1578 1819 1626 1847 ex
1659 1808 1869 1847 Dornheim
1892 1823 1899 1847 :
1932 1813 2067 1858 postea
2086 1809 2286 1848 Professor
2301 1809 2428 1848 Theo-

1464 1871 1586 1920 logiae
1617 1871 1863 1910 constitutus
1892 1874 1980 1920 post
2000 1869 2229 1909 absolutum
2255 1871 2330 1908 iter
2352 1870 2428 1908 lta-

1465 1933 1584 1970 licum
1616 1942 1651 1970 a.
1685 1932 1801 1970 4520.
1835 1933 1964 1970 fasces
1985 1931 2224 1971 Academiae
2245 1930 2427 1971 laudatae

1465 1994 1601 2042 gessit.
1632 1993 1722 2030 Post
1753 1994 1882 2031 varios
1900 2004 2056 2031 errores
2074 2004 2144 2043 per
2159 1993 2427 2039 Germaniam,

1466 2055 1694 2092 Borussiam
1724 2059 1764 2091 et
1782 2053 1980 2092 Poloniam
2000 2053 2160 2092 tandem
2180 2053 2304 2092 Halae
2320 2064 2429 2092 com-

1469 2119 1646 2154 moratus
1676 2120 1738 2153 est
1768 2114 1871 2165 apud
1903 2115 2112 2154 Albertum
2143 2113 2394 2155 cardinalem
2425 2146 2430 2157 .

1452 2177 1598 2225 ‘Episc.
1629 2178 1903 2226 Moguntinum
1948 2181 1989 2214 et
2018 2175 2430 2227 Magdeburgensem‚

1467 2239 1531 2276 cui
1561 2248 1582 2276 a
1612 2238 1789 2275 consiliis
1821 2238 1913 2286 fuit,
1943 2241 1984 2275 et
2022 2236 2259 2287 dignitatem
2305 2237 2432 2276 Cano·
2498 2259 2504 2269 a

1468 2299 1542 2337 nici
1574 2298 1779 2337 Hallensis
1825 2303 1992 2337 ornatus
2036 2308 2128 2336 esse
2173 2297 2331 2337 dicitur.
2375 2298 2433 2336 De

1468 2364 1594 2398 morte
1615 2361 1702 2409 ejus
1728 2371 1802 2397 non
1827 2363 2000 2398 constat.
2019 2360 2187 2410 Scripsit
2199 2357 2431 2411 Apoloyiam

1467 2431 1628 2468 eorum,
1659 2433 1760 2472 quae
1792 2420 1919 2459 Halae
1935 2424 2120 2471 yesserat
2141 2424 2281 2459 contra
2295 2431 2432 2459 sacro·
2492 2427 2494 2430 ’

1466 2494 1559 2520 rum
1574 2486 1871 2521 restauratores
1890 2481 2078 2521 Albertas
2094 2513 2105 2530 ,
2131 2483 2234 2533 Lips.
2261 2483 2376 2522 4534.
2396 2483 2430 2520 4.

1468 2546 1579 2583 Hunc
1610 2545 1786 2583 libellum
1811 2556 1887 2582 non
1911 2544 2012 2592 vidi,
2030 2545 2131 2583 bene
2149 2548 2284 2583 tamen
2305 2544 2428 2582 alium

1467 2606 1533 2655 qui
1564 2610 1701 2644 contra
1737 2607 1869 2656 ipsum
1900 2607 2077 2655 scriptus
2098 2609 2162 2642 est
2186 2604 2263 2642 hoc
2284 2605 2425 2644 titulo:

1467 2665 1530 2704 Aa
1555 2665 1785 2717 Apoloyiam
1812 2666 1976 2705 Joannis
2002 2665 2116 2706 Croti
2135 2664 2318 2706 Rubeam·
2340 2667 2432 2706 Res·

1460 2728 1601 2778 ponsz'o
1628 2728 1773 2775 amici,
1794 2726 1849 2766 ad
1870 2738 1986 2778 quem
2004 2726 2198 2778 privatam
2220 2737 2308 2766 eam
2329 2726 2432 2766 scri-

1462 2788 1554 2839 psit.
1583 2791 1750 2829 Constat
1781 2789 1949 2839 plagulis
1977 2788 2163 2836 duabus,
2193 2789 2281 2828 sine
2327 2799 2431 2828 anno

1467 2850 1645 2899 adJecto,
1675 2852 1742 2900 qui
1772 2855 1905 2888 tamen
1938 2850 2012 2888 fuit
2042 2850 2158 2889 4532.
2191 2849 2307 2889 Hanc
2335 2850 2431 2889 Res-

1468 2913 1699 2961 ponsionem
1729 2911 1858 2950 denuo
1887 2910 2011 2950 edidit
2035 2911 2092 2950 Jo.
2115 2910 2437 2962 christophorus

1466 2972 1672 3020 Olearius,
1704 2973 1891 3012 Arnstad.
1925 2972 2041 3012 4720.
2073 2973 2109 3015 8.
2139 2976 2180 3012 et
2209 2974 2429 3012 annotatio-

1466 3045 1538 3073 nes
1567 3034 1736 3084 adjecst,
1762 3036 1884 3073 vitam
1917 3034 2041 3072 nostri
2073 3044 2151 3072 non
2177 3032 2426 3072 mediocriter

1467 3095 1725 3134 illustrantes.
1758 3095 1931 3134 Lutboro
1961 3096 2071 3144 prius
2097 3094 2212 3134 valde
2236 3097 2424 3145 acceptus

1468 3158 1565 3205 fuit,
1596 3157 1701 3207 quod
1733 3168 1783 3195 ex
1802 3156 1993 3208 Epistolis
2010 3155 2116 3195 illius
2130 3159 2312 3202 constat,
2331 3155 2422 3205 quia

1465 3223 1620 3269 praeter
1651 3219 1852 3269 ingenium
1883 3217 2030 3268 agnitio
2053 3227 2213 3267 quoque
2238 3214 2420 3253 veritatis

1466 3280 1652 3319 coelestis
1684 3281 1720 3317 in
1754 3279 1817 3317 illo
1848 3279 1934 3318 fuit.
1965 3280 2097 3324 Quum
2129 3285 2224 3315 vero
2264 3273 2311 3313 ad
2357 3285 2423 3312 vo-

2521 718 2533 740 »ἶ

2522 756 2533 768 0
