2533 4009
482 224 559 262 2:38

480 296 508 330 ri
541 294 658 332 liuius
688 291 892 341 sepulchro
921 290 1010 327 olim
1053 291 1278 339 impositum
1314 292 1417 342 quod

477 359 685 392 servarunt
732 352 840 389 nobis
870 351 1020 387 itineris
1050 350 1209 388 literarii
1253 353 1417 392 secundi

475 417 659 454 authores
689 416 757 451 l’l‘.
785 414 954 449 Marte-ne
983 416 1022 448 ct
1052 412 1225 450 Durand.
1254 425 1292 463 p.
1321 415 1356 451 9.

493 498 557 526 noc
579 497 660 533 jaret
689 494 720 522 in
744 490 850 521 loculo
871 492 989 532 'Petrus
1017 490 1227 522 venerabilis
1252 492 1306 524 ille

511 544 666 581 Egregius
690 541 810 569 cantor
825 562 833 575 ,
857 541 1045 570 parisiense
1070 539 1181 572 decus,

471 612 538 647 Pro
565 608 685 647 veteri
713 609 785 644 isto
810 618 914 645 nunc
938 606 1043 645 aliud
1083 608 1318 658 impositum
1357 615 1419 649 cst

469 674 504 707 in
531 671 629 707 lianc
655 671 912 707 sententiam.
1166 672 1168 675 ’

838 732 881 769 D.
912 732 955 769 Ο.
988 734 1034 770 Μ.

524 794 591 831 llic
611 794 720 843 jacet
750 793 896 832 Petrus
920 798 1057 832 cantor
1085 795 1321 835 Parisiensis
1347 798 1417 835 Do-

466 861 548 894 πίοι·
571 855 850 895 celeberrimus
869 889 876 903 .
908 857 979 907 qui
1001 858 1039 894 in
1062 858 1294 909 Episcopum
1329 859 1417 896 Tor-

469 929 673 956 naceiisem
716 918 858 957 electus
902 918 1104 957 humiliter
1147 919 1355 959 declinavit
1382 925 1420 959 et

469 980 552 1018 suis
579 979 828 1019 auditoribus
859 981 1066 1025 scientiae,
1096 992 1143 1018 ac
1167 993 1306 1019 norma
1340 993 1418 1020 mo—

465 1054 553 1080 rum
585 1043 760 1081 eoeistens
788 1047 992 1093 assumpto
1023 1042 1060 1080 in
1090 1041 1158 1080 hoc
1181 1044 1417 1082 monasterio

466 1104 724 1143 Cisterciensi
751 1103 888 1142 habitu
922 1105 1046 1143 Vitam
1077 1102 1185 1142 beato
1211 1105 1289 1155 fine
1317 1117 1415 1143 com-

458 1166 580 1218 plevit
607 1167 705 1205 XIV.
733 1166 929 1206 Calena'as
953 1167 1148 1205 JuniiAn.
1177 1168 1294 1206 4480.
1321 1168 1417 1207 Cor-

458 1240 536 1279 pus
563 1229 648 1267 eius
678 1233 900 1268 emortuum
929 1229 1166 1280 mirifiCum,
1192 1241 1239 1268 ac
1261 1230 1418 1269 suavis-

460 1291 603 1329 simum
632 1291 788 1329 odorem
819 1290 1041 1330 eoehalavit.
1073 1292 1093 1314 *ἓ

514 1355 704 1393 PETRL'S
735 1354 961 1393 Canusinus
984 1359 1020 1392 ct
1041 1355 1224 1392 Berensis
1249 1355 1285 1391 in
1312 1354 1417 1405 Apu-

469 1416 515 1454 lia
543 1416 888 1466 Archiepiscopus.
910 1415 1027 1464 jussu
1055 1418 1194 1454 Leonis
1217 1418 1339 1467 Papae
1365 1418 1415 1455 111

464 1479 670 1528 scripsisse
694 1478 862 1516 traditur
898 1479 1018 1516 Vitam
1049 1482 1086 1516 et
1113 1476 1259 1516 obitum
1282 1480 1321 1517 S.
1344 1480 1416 1518 Sa-

457 1538 540 1577 bini
568 1540 752 1591 Episcopi
784 1540 983 1579 Canusini
1011 1540 1188 1578 defuncti
1225 1542 1328 1579 circa
1369 1542 1414 1579 A.

456 1603 497 1639 ⁴1.
530 1603 618 1641 566.
649 1614 769 1652 quani
800 1614 845 1640 ex
879 1604 1076 1641 Manuscr.
1101 1604 1306 1642 Casincnsi
1333 1602 1414 1641 edi-

455 1663 512 1701 dit
537 1663 730 1713 Ughcllus
763 1664 825 1702 ubi
858 1664 906 1703 de
937 1665 1178 1703 Barensibus
1208 1665 1414 1715 Episcopis

460 1725 647 1771 disserit,
670 1731 763 1763 tom.
796 1726 875 1763 Vll.
907 1725 1041 1765 ltaliae
1071 1737 1206 1765 sacrae
1231 1737 1316 1777 pag.
1339 1727 1414 1765 338

454 1787 560 1825 (edit.
592 1799 717 1825 novae
749 1799 834 1839 pag.
865 1788 942 1826 59⁵.
975 1789 1079 1836 600.)
1115 1788 1252 1826 Edidit
1289 1790 1408 1827 etiarn

456 1851 649 1887 Bononiae
682 1850 795 1888 1623.
827 1851 935 1889 Felix
957 1850 1135 1899 Siliceus,
1158 1852 1408 1901 Praepositus

454 1912 626 1949 Canusii.
659 1912 733 1950 Sed
767 1914 804 1949 in
848 1913 958 1950 Actis
1002 1914 1181 1951 Sanctor.
1212 1919 1238 1951 t.
1269 1913 1309 1952 2.
1338 1914 1410 1951 Fe—

455 1974 598 2012 bruarii
625 1975 659 2011 9.
689 1975 901 2014 exhibetur
930 1976 952 2013 a
983 1975 1171 2013 Bollando
1201 1987 1248 2014 ex
1280 1976 1409 2014 tribus

454 2036 731 2086 Manuscriptis
762 2039 909 2087 scripta
938 2037 986 2075 ab
1009 2037 1255 2076 ANONYMO
1285 2039 1408 2076 seculi

454 2100 607 2143 octavi,
633 2100 699 2148 qui
726 2109 767 2136 se
797 2110 845 2137 ex
881 2100 1040 2138 PETRO
1064 2099 1260 2151 Episcopo
1281 2129 1289 2147 ,
1310 2112 1411 2150 quae

455 2160 636 2199 dicturus
681 2162 755 2205 sit,
799 2163 1003 2212 accepisse
1050 2162 1269 2213 profitetur.
1308 2164 1414 2201 Inter

456 2222 784 2273 Archiepiscopos
813 2228 951 2262 autem
982 2225 1179 2262 Barenses
1210 2224 1288 2262 duo
1313 2226 1414 2263 Petri

456 2284 558 2335 apud
607 2285 816 2334 Ughcllum
848 2287 1127 2336 reperiuntur,
1161 2297 1266 2325 unus
1296 2286 1417 2325 Anno

452 2347 525 2384 530
556 2347 654 2384 alter
685 2347 760 2384 An.
790 2347 882 2386 950.

504 2408 693 2447 PETRUS
721 2409 940 2460 Capuanus
962 2440 970 2456 ,
1001 2409 1309 2460 Amalphitanus
1332 2410 1419 2449 Dia-

453 2481 577 2509 conus
606 2482 651 2510 ac
680 2471 829 2510 deinde
864 2472 1077 2522 Presbyter
1103 2472 1337 2520 Cardinalis,
1368 2472 1420 2510 le-

452 2535 607 2582 gatione
639 2534 774 2573 Sicula
806 2538 848 2571 et
888 2533 936 2572 ad
989 2534 1210 2585 Philippum
1241 2535 1287 2573 II.
1331 2534 1421 2573 Gal-

451 2595 525 2633 lica
555 2597 598 2634 A.
633 2598 645 2634 4
660 2597 748 2635 499.
783 2595 919 2643 obita,
949 2596 1117 2646 aliisque
1136 2598 1260 2648 gestis
1289 2597 1420 2635 clarus

452 2657 554 2696 diem
586 2659 682 2697 obiit
713 2658 790 2696 An.
824 2658 943 2697 4209.
977 2660 1135 2698 Praeter
1177 2661 1263 2698 eius
1309 2659 1420 2699 Com-

453 2721 650 2759 mentaria
681 2733 719 2758 ιη
742 2722 814 2771 Jus
857 2721 1104 2771 Pontificium
1129 2753 1137 2770 ,
1167 2723 1419 2761 celebrantur

454 2784 542 2821 eius
576 2783 713 2822 Oratio
743 2796 822 2833 qua
854 2783 1019 2833 Angliae
1049 2790 1089 2822 et
1117 2785 1265 2823 Galliae
1293 2786 1420 2834 Reges

456 2845 502 2883 ad
534 2845 769 2896 deponenda
814 2851 958 2884 mutua
995 2846 1080 2885 odia
1112 2851 1151 2884 et
1181 2847 1228 2884 ab
1272 2846 1418 2884 bellum

457 2919 525 2956 pro
558 2907 828 2958 recuperanda
872 2908 1095 2946 Palaestina
1124 2907 1414 2957 capessendum

454 2968 613 3008 adducti
648 2981 738 3008 esse
768 2968 994 3009 traduntur.
1038 2969 1133 3008 Vide
1163 2969 1207 3007 G.
1252 2968 1413 3018 Josephi

455 3030 560 3079 Eggs
593 3043 806 3082 purpuram
839 3031 997 3070 doctam
1029 3036 1123 3070 tom.
1157 3034 1192 3070 4.
1222 3043 1258 3081 p.
1286 3031 1375 3069 442.

514 3095 531 3113 “
557 3094 720 3143 Scripsit
741 3096 858 3132 etiam
882 3095 1054 3133 Leoeicon
1077 3091 1414 3132 concionatorium

459 3153 561 3200 quod
593 3160 703 3192 extat
732 3157 807 3194 MS.
840 3157 876 3193 in
905 3156 1084 3194 Biblioth.
1115 3156 1257 3196 Cassin
1289 3156 1413 3193 Mont-

461 3213 597 3250 faucon
631 3217 726 3254 Bibl.
757 3219 862 3257 MSS.
894 3230 934 3269 p.
963 3219 1052 3257 226.

511 3275 601 3320 (2:39
633 3279 774 3316 l’li'l'ltl
821 3281 931 3318 Cara
970 3281 1105 3319 Oratio
1150 3281 1282 3319 habita
1336 3279 1411 3318 An.

471 3335 568 3373 ¹⁷29ss
594 3348 667 3374 non
699 3338 786 3375 Jun.
819 3343 854 3376 in
884 3343 914 3377 fi.
948 3343 984 3380 S.
1017 3344 1059 3381 Α.
1094 3342 1269 3393 Lugduni
1301 3353 1336 3392 p.
1364 3341 1411 3381 42

1316 222 1595 262 PETRUS

1495 293 1532 330 P.
1564 293 1685 332 Carae
1713 296 1777 333 JC.
1807 300 2030 349 equitisque.
2055 301 2236 341 Caesarei
2261 305 2300 340 et
2319 304 2440 342 cemi-

1495 355 1544 392 tis
1582 356 1740 394 Ducalis
1783 358 1998 399 Sabaudiae
2042 362 2175 402 Senat.
2218 367 2258 402 et
2296 364 2439 415 legati:

1493 415 1542 454 ad
1571 417 1727 455 Maxim.
1758 419 1966 460 Caesarem
1999 420 2133 462 Oratio
2158 424 2291 464 habita
2323 425 2441 478 Viyle-

1495 477 1590 516 vani
1606 477 1652 516 A.
1670 479 1688 516 4
1698 479 1774 518 496
1791 478 1852 519 die
1870 481 1932 520 45.
1952 488 2045 536 sept.
2070 487 2266 538 lmpressa
2284 488 2442 539 Lugdu-

1496 540 1534 577 ni
1564 550 1633 590 per
1662 541 1893 580 Jacobinum
1923 543 1971 583 de
2000 548 2110 598 suigo
2138 553 2178 587 et
2202 550 2279 588 Nic.
2305 549 2353 589 de
2369 551 2441 589 Be-

1496 601 1662 640 nedictis
1692 613 1772 641 soc.
1792 615 1902 655 regn.
1921 605 2062 645 Carolo
2083 610 2186 649 VIII.
2213 613 2249 649 in
2270 612 2304 650 4.
2323 623 2358 662 p.
2378 612 2441 651 46.

1494 675 1662 713 quaruni
1684 665 1797 704 binae
1822 667 1972 715 priores
1997 672 2037 705 et
2074 669 2188 710 binae
2219 678 2441 723 postremae

1497 730 1648 764 vacant.
1682 727 1775 765 Vide
1805 727 1835 766 V
1839 738 2005 767 ernazza
2024 729 2229 770 Osservaz.
2253 733 2319 773 sul
2342 735 2443 774 Pan-

1493 799 1565 826 zer
1595 788 1709 827 4793.
1735 790 1770 827 8.
1797 789 1846 828 ibi
1870 789 1918 828 de
1942 791 2015 829 alia
2041 791 2149 831 Orat.
2173 795 2362 835 eiusdem.

1545 850 1633 897 <260
1648 852 1791 889 PETRI
1803 852 1985 891 Matthaei
1996 852 2192 894 Carranti
2199 856 2442 909 Cotignolani

1491 910 1681 951 Ludovici
1707 912 1913 964 Sphortiae
1943 914 2166 966 eaptivitas
2194 917 2243 956 ad
2285 920 2442 960 Petrum

1493 973 1685 1024 Griphum
1720 975 2058 1016 Prothonotarium
2089 977 2357 1029 Apostolicum
2374 984 2444 1022 Bo-

1491 1037 1630 1074 noniae
1659 1048 1727 1087 per
1755 1039 1811 1076 .Ιο.
1842 1038 1934 1076 Ant.
1964 1038 2012 1077 de
2043 1039 2264 1080 Benedictis
2291 1042 2442 1082 MDvll.

1490 1099 1536 1137 A.
1565 1100 1609 1138 C.
1638 1100 1764 1139 chart.
1795 1102 1857 1140 20.
1890 1100 2043 1141 Bellum
2075 1103 2373 1154 Cottynolanum
2394 1106 2444 1144 ad

1490 1161 1647 1200 Petrum
1677 1162 1882 1213 Gryphum
1901 1164 2086 1204 Pisanum
2105 1165 2148 1204 V.
2166 1166 2318 1205 clariss.
2346 1166 2442 1206 lbid.

1493 1224 1644 1262 MDVll
1675 1226 1719 1263 A.
1737 1226 1779 1263 (Σ.
1803 1236 1836 1264 c.
1861 1226 1925 1264 20.
1947 1227 1983 1264 in
2007 1227 2041 1265 [ι.
2062 1238 2125 1267 me
2149 1239 2268 1279 prope
2288 1233 2440 1269 extant.

1530 1287 1691 1338 Grypho
1707 1292 1844 1326 aurato
1860 1289 1994 1339 equiti,
2010 1289 2141 1328 Ducali
2159 1291 2441 1340 commissario,

1491 1349 1612 1386 divini
1643 1354 1683 1387 et
1715 1350 1876 1389 humani
1902 1350 2006 1402 juris
2049 1352 2251 1403 interpreti
2275 1352 2440 1392 auditori

1484 1410 1565 1462 jam
1598 1412 1702 1450 Laeti
1730 1413 1926 1463 Pomponii
1951 1418 1990 1452 et
2014 1413 2311 1465 contubernali,
2342 1415 2438 1454 Lud.

1489 1473 1694 1523 Sphortiac
1721 1475 1847 1525 legato
1872 1476 2026 1524 oratori,
2052 1487 2074 1514 a
2098 1477 2263 1515 secretis
2279 1477 2444 1528 epistola

1488 1534 1579 1574 data
1608 1547 1658 1573 ex
1687 1536 1892 1586 Cotignola
1922 1538 2006 1576 XV.
2031 1537 2112 1577 Cal.
2135 1539 2247 1577 Mart.
2274 1540 2356 1578 MD.
2385 1539 2442 1578 di-

1487 1602 1550 1635 cat
1574 1597 1739 1648 opellam
1758 1599 1932 1637 secundo
1965 1599 2047 1638 loco
2089 1611 2253 1639 cusam.-
2277 1602 2443 1652 primam

1488 1670 1581 1697 vero
1597 1660 1773 1714 Epistola
1793 1671 1840 1699 ex
1867 1661 2070 1711 Cotignola
2096 1661 2148 1700 ld.
2176 1663 2260 1714 Apl.
2287 1664 2440 1702 MDVll.

1492 1721 1554 1759 ubi
1584 1723 1638 1759 ait
1659 1722 1768 1760 illum
1794 1723 2065 1762 Alexandrum
2090 1725 2152 1763 VI.
2176 1724 2267 1764 dein
2284 1725 2438 1764 Julium

1492 1784 1537 1821 11.
1569 1789 1751 1823 secutum
1784 1789 1824 1822 et·
1853 1796 1992 1836 magna
2023 1785 2129 1824 obire
2172 1787 2353 1838 negotia3
2387 1787 2442 1826 af-

1487 1846 1608 1884 fuisse
1648 1846 1744 1884 Lud.
1788 1848 2007 1897 captivitati
2041 1851 2081 1886 et
2123 1858 2213 1887 cum
2245 1847 2441 1891 Ludovico

1482 1909 1685 1958 captivum
1719 1908 1841 1946 fuisse
1870 1919 2010 1947 omnes
2039 1909 2182 1959 scire.)

1541 1971 1743 2009 PETRUS
1774 1970 2033 2011 Carnotensis
2071 1971 2216 2019 Cantor
2263 1975 2304 2011 et
2344 1973 2444 2013 Can-

1485 2032 1672 2070 cellarius
1691 2063 1702 2080 ‚
1733 2032 1958 2083 discipulus
1990 2033 2164 2073 Fulberti
2193 2033 2242 2073 de
2271 2045 2349 2085 quo
2377 2046 2444 2075 su-

1487 2105 1554 2144 pra
1585 2098 1679 2132 tom.
1711 2095 1734 2132 2
1758 2106 1794 2145 p.
1827 2095 1916 2134 646.
1947 2096 2080 2135 clarus
2109 2096 2213 2135 circa
2241 2095 2287 2134 A.
2326 2097 2441 2136 4300.

1489 2155 1585 2205 Ejus
1627 2155 1839 2207 Speculum
1887 2155 2090 2196 Ecclesiae
2130 2158 2216 2197 sive
2260 2158 2446 2198 manuale

1490 2218 1769 2270 mysteriorum
1798 2218 2000 2258 Ecclesiae
2028 2221 2222 2259 Mauuscr.
2265 2222 2304 2259 in
2346 2222 2442 2260 Bibl.

1491 2280 1529 2319 S.
1564 2281 1728 2319 Victoris
1758 2282 1879 2319 Paris.
1896 2282 1939 2320 ln
1956 2282 2047 2320 aliis
2064 2282 2314 2321 Bibliothecis
2335 2281 2445 2322 Glos-

1491 2352 1537 2380 sa
1567 2342 1606 2380 in
1635 2340 1780 2381 librum
1809 2341 1895 2381 Job.
1918 2344 1971 2382 Et
1994 2343 2249 2394 paraphrasis
2269 2343 2309 2383 in
2333 2344 2444 2384 Psal-

1492 2415 1573 2443 mos
1602 2417 1703 2455 quae
1733 2408 1877 2445 citatur
1906 2408 1928 2445 a
1956 2407 2108 2445 Joanne
2136 2406 2307 2446 Gai-etio.
2347 2407 2444 2447 Vide

1492 2467 1693 2507 Oudinum
1723 2473 1817 2507 tom.
1850 2470 1872 2508 3
1902 2480 1989 2519 pag.
2019 2468 2109 2507 699.
2133 2472 2174 2507 et
2195 2469 2360 2508 Joannis
2384 2471 2445 2508 Li-

1493 2533 1576 2569 roni
1598 2532 1692 2570 Bibl.
1719 2532 1944 2583 generalem
1969 2533 2208 2582 scriptorum
2227 2531 2442 2580 Gallorum,

1493 2593 1639 2633 Gallice
1660 2596 1778 2634 Paris.
1803 2594 1918 2634 4749.
1939 2594 1975 2632 4.
1999 2593 2104 2633 edita
2125 2597 2151 2632 t.
2175 2595 2189 2634 4
2217 2606 2254 2644 p.
2275 2594 2338 2634 20.
2359 2605 2442 2645 seq.

1547 2657 1740 2696 PETRUS
1771 2655 2026 2696 Carnotensz's
2056 2656 2303 2707 Episcopus,
2343 2656 2441 2695 infra

1494 2718 1640 2757 Petrus
1670 2717 1871 2763 Cellensis.

1545 2782 1740 2819 PETRUS
1764 2780 1810 2818 de
1838 2780 1943 2820 Casa
1964 2808 1972 2827 ,
1995 2778 2150 2830 Alegrio
2173 2791 2258 2831 pag.
2281 2780 2372 2820 285.
2395 2779 2442 2819 de

1495 2842 1603 2881 Cesis
1635 2843 1929 2881 Lemovicensis
1951 2871 1959 2889 ,
1985 2842 2288 2881 Carmelitarum
2319 2842 2367 2882 ab
2394 2842 2438 2882 A.

1494 2905 1607 2944 4330.
1638 2904 1868 2952 Generalis,
1914 2903 2004 2943 inde
2044 2905 2266 2955 Episcopus
2311 2906 2442 2944 Basio-

1493 2969 1628 3005 nensis
1675 2968 1759 3005 sive
1807 2968 2083 3006 Bassionensis
2127 2971 2167 3006 et
2214 2967 2440 3006 Patriarcha

1493 3029 1889 3079 llierosolymitanus.
1911 3030 2070 3068 Praeter
2082 3027 2317 3074 ’Sermones,
2345 3030 2442 3068 scri-

1490 3092 1616 3141 psisse
1645 3091 1814 3130 traditur
1843 3091 1882 3129 in
1901 3092 1966 3130 IV.
1993 3089 2116 3130 libros
2145 3089 2439 3131 Sententiarum

1488 3157 1590 3191 teste
1623 3153 1838 3192 Trithemio
1867 3165 1951 3204 cap.
1983 3153 2075 3193 596,
2104 3153 2288 3204 Alegrius
2329 3151 2438 3190 addit

1486 3216 1605 3254 etiam
1623 3215 1662 3253 in
1684 3214 1851 3254 Politica
1871 3214 2105 3255 Aristotelis.
2131 3213 2352 3254 Videndum
2378 3213 2436 3251 di-

1488 3289 1629 3317 versus
1660 3290 1709 3316 ne
1739 3281 1790 3316 sit
1820 3278 2009 3317 PETRUS
2040 3276 2224 3316 Hierosol.
2271 3276 2436 3315 Patriar-

1488 3340 1559 3378 cha
1589 3345 1629 3378 et
1657 3341 1878 3390 Episcopus
1907 3339 2168 3385 Rutenensis,
2197 3338 2303 3376 sedis
2332 3336 2433 3388 Apo·
