2517 4009
623 224 707 264 DE
753 223 1135 266 PRINCIPIS
1181 222 1519 264 OFFICIIS

86 301 188 352 piam
222 310 270 338 ex
303 299 466 338 urbibus
494 299 689 350 exportari
713 302 920 347 cerneret3
947 310 1044 336 non-

94 362 225 401 nullos
249 360 297 401 ad
325 360 359 398 id
385 360 538 400 artificii
564 373 690 410 genus
711 361 885 411 delegit,
910 361 1054 412 quibus

88 429 132 465 ut
164 423 371 463 inchoandi
405 423 632 463 facultatem
673 425 892 475 haberent,
935 425 1055 461 inter-

88 487 183 528 dum
217 497 294 526 uno
325 490 503 537 tempore
540 492 707 527 centena
754 488 872 526 millia
916 498 1052 525 aureo-

86 561 174 591 rum
219 550 370 600 absque.
414 550 493 590 ullo
525 550 680 589 faenore
721 551 931 588 mutuavit.
976 550 1052 588 Nec

90 625 265 664 unquam
283 613 428 651 desinit
447 613 626 652 subditos
645 615 750 664 ipsos
766 614 917 663 proprio
930 614 1046 650 etiam

87 681 253 726 sumptu
299 687 367 726 pro
411 677 605 726 cujusquo
651 677 804 725 ingenio
850 676 885 712 in
932 675 1051 712 variis

88 737 270 787 artibus;
303 739 607 785 magistratuum
641 744 874 790 praeterea,
908 737 964 775 iel
997 737 1050 774 rei

91 800 293 840 familiaris
310 800 722 840 administrationibus
738 810 924 838 exercere
943 812 949 837 :
966 800 1053 849 qui-

90 862 165 902 bus
197 864 233 901 in
266 863 384 902 rebus
412 863 505 902 nihil
532 864 636 902 aliud
663 865 696 901 ei
725 865 965 913 propositum
994 863 1051 899 vi-

90 924 237 974 detur,
268 938 386 977 quam
419 931 462 966 ut
492 938 511 966 a
544 925 697 977 populis
721 926 842 964 otium
869 928 1050 974 avertat3

88 994 128 1030 et
173 991 409 1041 patrimonia
459 989 707 1039 singulorum
752 988 959 1037 adaugeat.
1008 989 1049 1026 In

89 1064 209 1104 quam
233 1055 497 1093 narrationem
526 1053 610 1092 ideo
634 1052 840 1102 digressus
866 1063 953 1090 sum
976 1082 982 1098 ,
1009 1056 1052 1090 ut

89 1120 236 1167 quanta
263 1116 631 1166 locupletandorum
651 1117 798 1155 civium
826 1126 919 1154 cura
949 1115 1052 1165 prin-

87 1178 242 1230 cipibus
270 1179 521 1230 suscipienda
554 1180 629 1225 sit,
662 1178 878 1217 domestico
916 1187 1054 1215 exem-

90 1241 152 1292 plo
180 1252 455 1292 cognosceres.
492 1241 629 1292 Neque
660 1242 763 1280 enim
811 1241 891 1279 Rex
941 1241 1052 1289 inops

90 1313 179 1342 esse
209 1308 367 1354 potest,
392 1303 510 1354 cujus
532 1305 694 1354 imperio
719 1302 905 1341 ditissimi
930 1301 1053 1339 bomi-

89 1377 162 1404 nes
191 1365 468 1415 subjiciuntur.
514 1368 593 1406 Nec
638 1371 770 1405 tamen
822 1364 1051 1415 negaverim

90 1439 166 1466 non
198 1439 314 1478 posse
345 1428 418 1467 hoc
449 1427 550 1466 idem
582 1428 630 1467 ab
660 1427 846 1466 omnibus
891 1431 930 1464 et
971 1425 1054 1464 ubi-

89 1501 166 1540 que
196 1492 414 1542 praestari3
445 1490 514 1529 sed
547 1490 610 1528 ubi
641 1495 680 1527 et
711 1489 945 1528 facultatum
990 1498 1053 1525 co-

88 1553 148 1602 pia
167 1581 178 1599 ,
207 1557 248 1591 et
276 1553 451 1591 locorum
482 1551 744 1590 commoditas
774 1552 950 1601 suppetit
970 1561 979 1598 3
1002 1548 1051 1586 ibi

90 1613 270 1654 subditos
301 1626 322 1653 a
352 1614 595 1665 principibus
621 1615 703 1652 suis
731 1620 770 1652 et
800 1613 962 1651 consilio
981 1639 989 1655 ‚
1014 1616 1053 1650 et

94 1688 134 1715 re
158 1676 390 1716 excitandos
410 1706 419 1726 ,
444 1676 772 1727 adjuvandosque
795 1687 884 1713 esse
905 1684 1050 1713 assero.

149 1739 201 1778 Ut.
228 1745 362 1778 autem
395 1741 639 1790 propositum
674 1749 917 1789 persequar,
962 1747 1051 1775 cum

90 1802 268 1840 omnium
299 1802 443 1841 cisium
476 1813 545 1852 pro
578 1803 768 1839 varietate
800 1806 965 1839 naturae
1004 1801 1055 1837 sit

91 1863 345 1915 suscipienda
365 1875 458 1904 cura
477 1894 486 1912 ,
518 1876 566 1903 ne
596 1865 768 1903 rusticos
792 1863 954 1914 quidem
981 1874 1053 1900 ne-

94 1925 301 1977 gligendos
330 1938 420 1966 esse
449 1928 703 1975 censuerim,
736 1926 803 1964 sed
845 1925 1057 1976 providen-

94 1987 218 2037 dum,
249 1993 292 2028 ut
320 1989 444 2028 boves
474 1989 521 2027 ad
554 1989 748 2028 arandum
781 1988 975 2034 babeant,
1008 1999 1055 2026 ne

93 2052 174 2102 agri
204 2051 359 2090 cultura
390 2051 622 2100 deseratur3
656 2056 779 2101 utque
809 2051 883 2089 alio
915 2061 1055 2100 pecore

92 2124 161 2164 pro
191 2113 263 2152 loci
309 2115 415 2162 situ,
459 2119 498 2152 et
543 2115 699 2163 ingenio
741 2112 973 2160 abundent,
1019 2112 1055 2149 in

93 2175 241 2226 quibus
267 2175 359 2214 nibil
384 2187 480 2215 sane
505 2175 733 2214 detrimenti
755 2175 916 2227 patieris
934 2187 943 2223 3
961 2186 1057 2225 quo-

95 2237 201 2276 niam
243 2238 429 2288 quiequid
477 2239 729 2289 acceperint,
774 2249 821 2276 ex
867 2238 1056 2288 pecuniae

94 2298 269 2338 creditae
315 2300 447 2339 fructu
493 2300 604 2339 facile
647 2299 812 2339 reddere
858 2303 1054 2350 poterunt.

98 2362 212 2401 Nullo
241 2367 374 2402 autem
408 2362 522 2401 modo
552 2363 748 2402 adversus
775 2361 808 2399 id
839 2371 966 2411 genus
992 2360 1058 2398 lio-

99 2427 250 2465 minum
283 2425 464 2475 exigendi
496 2425 713 2464 acerbitate
745 2423 937 2463 utendum
967 2427 1054 2471 est,

98 2487 167 2527 sed
200 2489 232 2526 si
261 2487 420 2539 quando
459 2493 682 2539 temporum
730 2486 1055 2536 inaequalitates,

99 2555 139 2590 et
153 2551 257 2589 aeris
285 2546 449 2601 injuriae,
474 2550 520 2589 ad
547 2548 783 2588 solvendum
819 2549 1058 2598 impotentes

99 2613 305 2653 effecerint
319 2625 330 2664 ·,
346 2623 472 2663 aequo
489 2613 624 2650 animo
649 2612 896 2650 exactionem
914 2610 1058 2650 differri

99 2677 324 2715 conveniet.
355 2676 466 2715 Nulla
503 2679 565 2713 est
609 2675 714 2713 enim
764 2685 897 2721 mora,
939 2685 1058 2724 quam

101 2737 266 2776 debitori
299 2738 532 2789 praesertim
565 2748 641 2775 non
678 2736 883 2775 celerrime
927 2746 1063 2786 prope-

107 2811 217 2840 rasse
244 2800 436 2840 videatur.
464 2800 646 2849 Cumque
671 2810 714 2837 ea
740 2798 926 2837 dilatione
951 2799 1062 2848 quasi

103 2862 293 2902 beneficio
325 2862 534 2901 immortali
558 2864 732 2912 ipsorum
758 2860 902 2907 studia,
928 2860 1064 2898 fidem-

103 2937 181 2978 que
211 2925 278 2964 tibi
309 2925 532 2964 arctissime
571 2924 819 2970 devinxeris3
869 2922 960 2960 niliil
1007 2927 1061 2959 ta-

106 3000 196 3027 men
228 2988 276 3027 de
306 2993 373 3027 tuo
403 2990 575 3026 amittes.
606 2986 715 3032 Quod
745 2986 775 3024 si
797 2995 914 3024 secus
937 2985 1061 3023 facere

104 3051 291 3099 volueris,
309 3056 378 3091 aut
394 3051 516 3089 boves
534 3051 638 3100 ipsos
659 3048 845 3095 vendere,
862 3052 929 3086 aut
951 3057 1060 3096 agro-

104 3126 192 3154 rum
210 3115 406 3154 culturam
426 3114 608 3151 omittere.
631 3111 746 3162 (quod
769 3122 844 3148 nou
867 3111 961 3161 ipsis
983 3121 1063 3148 mo-

104 3177 166 3223 do,
185 3189 279 3216 vero
296 3178 413 3216 etiam
441 3177 520 3214 tuis
539 3173 796 3225 proventibus
817 3173 1063 3223 perniciosis·

105 3242 250 3280 simum
283 3241 372 3289 est),
389 3243 458 3277 aut
484 3236 784 3288 supellectilem,
803 3239 842 3273 et
867 3235 939 3273 alia
966 3244 1063 3272 usus

106 3303 329 3344 necessaria
353 3302 609 3352 oppignorare
633 3303 849 3349 coguntur3
869 3308 968 3347 quae
998 3306 1060 3334 res

107 3367 278 3408 maxima
295 3365 380 3405 illos
404 3363 627 3403 calamitate
646 3362 780 3410 afficit,
801 3372 889 3400 cum
911 3359 977 3398 tibi
996 3370 1060 3409 pa-

108 3442 196 3470 rum
207 3427 564 3469 emolumentiacce
581 3424 699 3464 lerata
710 3421 1061 3462 confer-atexactio.

1175 295 1284 333 Inter
1312 295 1384 334 alia
1415 294 1462 333 ad
1492 293 1576 342 boe,
1608 291 1656 331 de
1676 303 1754 343 quo
1783 292 1938 343 agimus
1964 291 2082 342 perti-

1128 359 1260 396 nentia
1293 356 1417 395 officia
1449 355 1520 394 hoc
1551 356 1806 407 praecipuum
1855 354 2084 393 existimare

1127 420 1313 470 princeps
1343 417 1525 466 debebit3
1550 422 1592 456 ut
1616 418 1759 455 cisium
1787 415 2004 456 discordias
2025 425 2086 453 so-

1129 483 1235 532 pire;
1267 483 1440 518 orientes
1472 482 1573 519 inter
1603 491 1670 518 eos
1701 480 1790 518 lites
1819 489 2084 530 componere;

1127 544 1233 581 etin
1267 554 1348 593 ipso
1392 543 1525 580 limine
1567 542 1890 580 contentionibus
1931 541 2088 580 obstare

1126 605 1311 644 studeat:
1344 605 1445 655 qu0t¹
1479 616 1524 643 eo
1557 604 1708 643 facilius
1733 604 1946 643 accedente
1978 614 2087 654 prae-

1127 668 1263 704 sertim
1291 668 1464 715 regentis
1494 669 1728 705 auctoritate
1760 672 1842 705 tum
1875 664 2085 710 monendo,

1127 734 1210 768 tum
1244 728 1468 775 suadendo,
1500 733 1583 767 tum
1615 729 1859 780 corripiendo
1905 730 2090 779 impetra-

1128 791 1252 838 bitur,
1275 802 1352 840 quo
1380 791 1511 830 minus
1533 791 1660 842 jurgia
1684 792 1960 842 processerint.
1987 790 2083 828 Nam

1127 860 1170 894 ut
1199 856 1253 892 ait
1276 853 1467 893 Ovidius:

1153 914 1372 966 Principiis
1405 914 1543 963 obsta‚·
1568 926 1658 955 sero
1682 914 1876 954 medicina
1896 917 2084 967 paratur,

1184 978 1282 1018 Cum
1306 977 1412 1016 mala
1431 989 1508 1029 pn·
1535 977 1667 1029 [onyas
1691 977 1897 1017 invaluere
1917 987 2062 1015 moras.

1129 1041 1206 1078 Hoc
1236 1043 1302 1092 qui
1341 1041 1468 1079 facere
1513 1041 1759 1091 neglexerit3
1802 1042 1950 1091 quique
1994 1039 2087 1077 nihil

1129 1101 1233 1141 aliud
1266 1103 1488 1142 curandum
1536 1103 1607 1141 sibi
1651 1104 1967 1151 existimaverim
2014 1102 2087 1139 nisi

1130 1170 1174 1204 ut
1199 1170 1361 1216 argento
1387 1165 1550 1216 populos
1572 1170 1790 1216 emungat,
1817 1166 1848 1203 is
1871 1170 2087 1215 tyrannum

1129 1230 1286 1278 potius,
1321 1239 1439 1278 quam
1464 1228 1707 1278 principem,
1737 1232 1806 1266 aut
1831 1226 1987 1277 justum
2022 1226 2092 1264 Re-

1133 1301 1220 1341 gem
1253 1301 1368 1340 agere
1399 1300 1440 1327 se
1471 1290 1708 1328 confiteatur
1740 1300 1902 1328 necesse
1932 1293 2007 1327 est.

1183 1351 1259 1389 Sed
1285 1362 1375 1389 cum
1401 1351 1579 1390 subditos
1598 1352 1688 1402 Regi
1718 1363 1792 1389 non
1818 1351 1942 1399 aliter,
1967 1360 2087 1400 quam

1127 1414 1228 1463 patri
1273 1413 1373 1450 tilios
1402 1413 1622 1463 diligendos
1652 1425 1769 1463 supra
1811 1413 2087 1462 posuerimus,

1130 1485 1206 1511 non
1240 1476 1276 1511 in
1309 1475 1521 1524 postremis
1555 1474 1646 1512 illud
1680 1473 1902 1513 babendum
1929 1475 2024 1518 erit,
2049 1477 2092 1511 ut

1128 1538 1159 1574 si
1191 1548 1268 1586 qua
1299 1538 1356 1574 eis
1385 1536 1591 1574 calamitas
1622 1535 1821 1583 acciderit,
1853 1535 2083 1574 internuntii

1128 1598 1291 1637 domum
1322 1598 1370 1637 ab
1402 1601 1484 1648 ipso
1517 1601 1747 1647 mittantur,
1773 1600 1839 1648 qui
1865 1608 2000 1636 eorum
2025 1596 2091 1634 de-

1130 1662 1253 1701 lorem
1284 1660 1524 1700 consolando
1550 1662 1727 1710 mitigare
1749 1691 1756 1710 ,
1781 1672 1824 1699 ac
1851 1661 1982 1699 lavare
2007 1665 2092 1698 stu-

1128 1725 1261 1763 deant.
1293 1724 1484 1774 Idemque
1516 1722 1739 1762 faciendum
1785 1725 1885 1769 erit,
1930 1723 1958 1760 si
2002 1723 2090 1772 quis

1129 1787 1299 1826 adversa
1322 1787 1549 1826 valetudine
1566 1785 1817 1830 laboraverit,
1839 1785 1904 1835 qui
1924 1785 1954 1822 si
1974 1785 2086 1834 inops

1130 1850 1247 1888 suerit
1272 1848 1319 1887 ad
1356 1848 1478 1886 morbi
1509 1850 1776 1894 curationem,
1807 1851 1846 1884 et
1890 1845 1938 1885 ad
1977 1856 2089 1884 recu-

1131 1911 1346 1961 perandam
1379 1912 1549 1950 salutem
1584 1922 1696 1961 opem
1723 1910 1865 1955 afferri,
1890 1912 2091 1947 sustenta-

1130 1976 1242 2024 rique
1273 1975 1498 2013 conveniet.
1541 1972 1640 2011 Nam
1670 1971 1828 2022 quando
1863 1971 2086 2009 mendicare

1131 2028 1461 2076 erubescentibus
1483 2035 1669 2075 tribuitur
1692 2036 1935 2085 elemosyna,
1965 2034 2084 2084 duplo

1133 2101 1256 2151 major
1284 2100 1453 2138 caeteris
1482 2098 1728 2137 aestimanda
1759 2103 1834 2136 est.

1185 2163 1390 2213 Similique
1423 2161 1537 2200 modo
1566 2161 1612 2200 ad
1644 2159 1863 2212 copulanda
1890 2159 2090 2198 matrimo-

1131 2228 1193 2263 nia
1227 2224 1471 2263 intercedere
1502 2223 1681 2272 decebit;
1713 2235 1756 2262 ea
1788 2223 1933 2273 quippe
1979 2223 2014 2259 in
2048 2232 2088 2259 re

1130 2288 1193 2327 vel
1226 2294 1304 2334 tua,
1337 2288 1398 2325 vel
1431 2287 1567 2338 inclyti
1613 2286 1794 2337 conjugis
1838 2288 1892 2324 tui
1933 2294 2092 2335 magno·

1131 2362 1224 2401 pere
1256 2349 1443 2400 prodesse
1475 2354 1604 2400 potest
1633 2349 1859 2387 auctoritas.
1891 2348 1986 2386 Nam
2032 2357 2093 2385 re-

1130 2418 1294 2463 gentum
1328 2412 1472 2459 verba,
1503 2418 1543 2450 et
1566 2411 1614 2449 ob
1638 2422 1724 2449 eam
1746 2421 1907 2449 causam
1934 2414 2091 2460 sperata

1133 2475 1378 2514 familiaritas
1408 2486 1476 2525 pro
1506 2474 1609 2512 dotis
1638 2475 1866 2513 accessione
1895 2483 1915 2511 a
1957 2471 2092 2510 multis

1133 2537 1353 2576 habentur:
1384 2547 1429 2575 ac
1460 2537 1490 2575 si
1529 2536 1688 2587 quando
1729 2541 1907 2574 extrema
1951 2543 2093 2584 paren·

1135 2605 1218 2639 tuin
1259 2600 1385 2649 inopia
1433 2610 1522 2638 esse
1570 2599 1791 2646 videbitur,
1837 2599 1874 2635 in
1923 2596 2091 2635 tiliarum

1134 2662 1388 2702 collocatione
1440 2666 1596 2712 praeter
1642 2660 1850 2699 verborum
1896 2659 2090 2698 auxilium

1136 2725 1265 2775 aliqua
1295 2726 1412 2763 etiam
1447 2725 1635 2775 pecuniae
1667 2723 1866 2762 summula
1892 2733 1960 2761 eos
1980 2720 2090 2770 adju-

1138 2800 1231 2827 vare
1269 2787 1487 2838 oportebit:
1520 2787 1592 2825 hoc
1621 2787 1724 2825 enim
1757 2784 2000 2823 liberalitatis
2028 2795 2093 2834 ge-

1137 2862 1214 2890 nus
1245 2850 1496 2896 bominibus,
1526 2855 1566 2887 et
1597 2851 1667 2900 ipsi
1699 2848 1779 2886 Deo
1811 2847 2089 2886 beneficiorum

1136 2915 1313 2953 omnium
1344 2913 1684 2963 acceptissimum,
1711 2922 1755 2950 ac
1779 2916 1937 2949 aeterna
1963 2919 2092 2948 remu·

1138 2977 1339 3015 nerationc
1369 2974 1646 3024 dignissimum
1675 2973 1887 3024 judicatur.

1190 3038 1232 3076 ln
1266 3037 1508 3088 procuranda
1535 3047 1628 3074 vero
1650 3036 1896 3074 subditorum
1921 3033 2091 3072 utilitate

1138 3101 1230 3140 illud
1252 3102 1312 3139 vel
1335 3103 1370 3138 in
1395 3101 1530 3150 primis
1554 3098 1776 3137 cavendum
1799 3103 1887 3144 est,
1910 3108 1958 3134 ne
1982 3094 2091 3134 adul-

1138 3165 1252 3202 termi
1285 3164 1437 3201 nummi
1468 3173 1488 3199 a
1519 3172 1717 3211 quoquam
1759 3160 1966 3197 feriantur:
2021 3157 2092 3195 tioe

1136 3229 1239 3267 enini
1263 3225 1309 3265 ad
1335 3227 1493 3264 unicum
1522 3225 1635 3273 Regis
1661 3223 1934 3274 patrocinium,
1957 3220 2093 3260 lidem—

1135 3303 1212 3343 que
1244 3289 1440 3340 pertinere
1468 3286 1710 3326 arbitrantur
1729 3295 1880 3324 omnes.
1908 3285 1959 3323 Et
1982 3286 2090 3322 certe

1139 3354 1295 3397 nescio.
1324 3364 1372 3391 an
1405 3350 1480 3389 ulla
1512 3360 1575 3387 res
1598 3349 1670 3387 alia
1698 3349 1822 3399 magis
1844 3344 2084 3398 providenda

1138 3419 1214 3456 sit:
1245 3427 1334 3454 cunt
1367 3425 1527 3453 suarum
1565 3411 1795 3450 facultatum
1841 3414 2076 3462 proventus,
