2517 4009
853 239 1043 280 RADU
1086 238 1328 278 LPHUS

64 320 159 354 tom.
187 318 216 355 Ι.
247 326 332 367 pag.
379 315 441 354 43.
473 311 558 351 luce
589 311 790 363 incliynum
810 311 1021 363 judicavi:

62 377 147 416 icleo
181 375 286 429 quod
323 372 562 425 omniafere
598 378 689 412 ante
723 385 872 411 annum
904 373 1022 414 4420.

63 450 118 478 ex
146 438 254 477 Beda
277 442 315 476 et
341 434 667 475 Malmsburiensi
687 435 878 485 hauserit,
904 446 1024 486 quae-

63 511 230 551 cumque
259 502 394 538 autem
423 496 474 535 ab
504 509 541 534 a.
575 498 692 539 4120,
728 497 849 536 42199.
878 495 1020 542 habet,

63 562 103 600 in
117 561 317 600 Historias
336 570 433 599 suas
449 558 651 610 predictas
669 561 677 607 t
693 558 1022 597 Abbreviationes

64 623 353 670 Chronicorum
401 626 442 660 et
495 622 691 670 Imagines
736 620 1021 666 Historiarum)

62 684 203 724 iisdem
230 682 374 724 verbis—
394 681 605 730 retulerit;
634 682 672 720 si
699 680 1022 732 Archiepiscopo-

61 757 155 784 rum
203 744 555 786 cantuariensium
604 742 740 782 demas
789 742 1020 787 historiam,

64 818 168 858 quae
198 806 368 858 proinde
404 807 443 845 in
477 805 641 844 secundi
665 803 876 844 voluminis
915 802 1020 842 calce

63 867 190 908 tecum
233 867 402 909 habebit.
442 870 493 907 Et
521 867 627 906 edita
657 872 720 905 est
764 877 924 917 quoque
970 866 1021 903 ibi

62 943 151 983 pag.
181 931 272 970 677.

115 993 154 1031 6.
180 993 344 1043 Reliqua
375 997 470 1032 sunt
516 992 690 1039 inedita,
721 1002 891 1041 quorum
931 991 1026 1029 titu-

61 1055 122 1094 los
167 1067 216 1094 ex
262 1056 377 1094 Baleo
406 1056 520 1094 Cent.
552 1056 615 1093 Ill.
648 1054 712 1091 62.
741 1058 781 1091 et
825 1054 952 1090 Pitseo
991 1063 1026 1090 c.

67 1117 157 1156 300.
187 1116 481 1156 adscribimus:
514 1117 569 1154 De
594 1113 836 1167 temporibus
867 1113 1029 1161 mundi,

61 1177 236 1218 Annales
281 1177 499 1230 Stephani,
552 1178 659 1229 Opus
714 1176 1028 1221 Chronicorum,

68 1241 391 1280 Continuotiones
414 1238 576 1280 Roberti
597 1238 642 1277 de
665 1240 792 1278 Monte
808 1269 818 1285 ‚
841 1237 887 1276 de
907 1248 1030 1288 prae-

64 1300 190 1342 claris
207 1300 482 1354 Scriptoribus
502 1331 510 1349 ,
535 1300 582 1339 cle
604 1299 777 1339 adventu
793 1301 1000 1339 Saxonum
1021 1328 1029 1346 ,

66 1363 187 1403 Gesta
227 1365 581 1411 Normannorum,
615 1361 798 1412 Oriyines
837 1359 1030 1399 Hiberno-

65 1437 158 1464 rum
188 1431 226 1465 et
247 1427 480 1472 Scotorum,
515 1423 562 1462 de
599 1422 767 1474 Synoclis
803 1421 1028 1468 Ecclesiae,

65 1486 231 1526 Postilla
269 1487 309 1526 in
339 1485 661 1528 Ecclesiasticum
686 1488 724 1522 et
760 1483 1028 1535 Sapientiam,

64 1549 266 1601 Epistolae
288 1548 343 1587 acl
369 1547 576 1595 diversos,
608 1548 818 1586 Sermones
839 1577 846 1594 ,
872 1544 918 1582 cte
956 1544 1030 1583 mi—

62 1609 262 1649 rabilibus
297 1608 475 1659 An9liae.
506 1601 619 1647 Adde
649 1609 829 1648 Caveum
860 1612 901 1646 et
930 1608 1030 1645 Vos-

64 1674 169 1711 sium
212 1671 261 1710 de
302 1672 509 1710 Historicis
541 1671 718 1718 Latinis,
749 1670 885 1709 Bulaei
929 1670 1028 1708 Hist.

64 1733 350 1773 Universitatis
393 1733 594 1772 Parisinae
637 1737 732 1770 tom.
764 1732 811 1770 II.
857 1743 893 1782 p.
937 1730 1028 1768 769.

66 1795 336 1836 Whartonum
364 1795 530 1845 praefat.
561 1799 656 1833 tom.
687 1795 735 1832 ΙΙ.
766 1794 931 1844 Angliae
963 1794 1033 1831 Sa-

62 1869 152 1897 crae
195 1870 232 1908 p.
271 1858 335 1897 27.
365 1857 430 1896 28.
460 1858 649 1896 Nostrum
684 1867 805 1907 supra
835 1860 930 1894 tom.
966 1855 1027 1893 IV.

69 1931 158 1971 pag.
188 1918 279 1958 527.
887 1938 895 1942 ,

117 1979 425 2020 RADULPHUS
455 1978 769 2027 Dominicanus‚
801 1979 881 2017 vid.
907 1990 1027 2030 supra

67 2042 356 2084 cisterciensis.

114 2102 412 2144 RADULPHUS
442 2100 715 2154 Dunstaplus,
745 2102 836 2141 vide
856 2106 950 2140 tom.
979 2102 1027 2140 ll.

72 2178 161 2218 pag.
191 2166 281 2206 484.

115 2228 415 2268 RADULPHUS
437 2226 705 2266 Eboraeensis
725 2256 734 2274 ‚
752 2226 1027 2276 Archiepisco-

65 2302 142 2341 pus
170 2302 251 2329 sec.
280 2289 371 2329 Xll.
394 2288 494 2340 Ejus
525 2288 704 2340 Epistola
733 2287 788 2326 ad
819 2287 1029 2327 Calioetum

67 2353 122 2390 ΙΙ.
148 2352 303 2404 Papam
325 2350 372 2390 de
395 2350 558 2402 injuriis
583 2349 784 2389 Ecclesiae
804 2348 1031 2388 Eboracen-

69 2413 126 2452 sis
140 2417 274 2452 exstat
293 2414 331 2451 in
356 2414 393 2451 S.
412 2414 454 2451 R.
479 2413 595 2463 Angl.
614 2412 834 2462 Twysdeni
859 2425 896 2463 p.
913 2411 1027 2451 4735.

121 2473 421 2514 RADULPHUS
449 2472 800 2524 Eleemosynarius
818 2503 828 2520 ‚
850 2474 1004 2523 Anglus
1019 2503 1029 2520 ‚

69 2536 290 2576 monachus
301 2535 586 2574 Benedictinus
605 2536 641 2572 in
653 2536 1030 2573 monasterioWest-

65 2597 399 2644 monasteriensi,
430 2596 495 2635 ubi
527 2598 658 2646 ipsum
691 2606 855 2646 quoque
885 2595 931 2633 ad
973 2595 1030 2633 di-

67 2663 259 2712 gnitatem
305 2657 469 2697 Abbatis
500 2657 728 2707 adspirasse
758 2658 880 2696 aiunt.
926 2656 1031 2694 Obiit

68 2735 102 2762 a.
136 2722 248 2761 ⁴⁴60.
279 2720 446 2771 Scripsit
470 2718 663 2759 Homilias
688 2719 731 2756 in
754 2717 973 2769 Evanqelza
995 2721 1033 2756 et

68 2781 270 2836 Epistolas
287 2811 298 2826 .
317 2787 357 2821 et
377 2781 423 2821 de
438 2785 650 2833 peccatore
670 2779 818 2819 librum
835 2780 866 2818 I.
892 2780 1031 2818 Lelan—

71 2847 149 2886 dus
177 2856 211 2884 c.
241 2844 333 2883 223.
362 2845 519 2883 Pitseus
548 2855 583 2881 c.
613 2844 703 2882 216.

122 2906 420 2946 RADULPHUS
446 2903 723 2955 Feriburyus:
751 2904 871 2954 hujus
898 2903 1030 2954 Opera

69 2967 266 3021 quaedam
297 2973 491 3006 memorat
520 2968 676 3006 Pitseus
718 2978 750 3004 c.
798 2966 887 3005 629.
919 2977 1030 3016 prae-

70 3037 178 3071 terea
208 3041 303 3068 vero
334 3029 443 3067 nihil.

123 3091 421 3132 RADULPHUS
455 3089 754 3136 Flaviacensis‚
801 3090 1027 3128 monasterii

70 3156 111 3194 in
146 3154 342 3192 territorio
378 3152 648 3191 Bellovacensi
694 3151 825 3189 Abbas
854 3150 948 3188 Ord.
992 3152 1031 3189 S.

74 3214 291 3256 Benedicti.
324 3214 429 3253 Vixit
453 3225 533 3252 sec.
557 3211 644 3251 Xll.
670 3212 774 3262 quod
814 3211 1033 3251 ostendunt

126 3356 161 3395 a)
184 3358 228 3388 De
250 3355 419 3388 Chronico
445 3354 559 3388 consi-r
583 3353 820 3393 spanhemium
846 3356 868 3382 ι.
896 3354 920 3383 ιι
952 3354 1036 3392 opp.

1991 238 2068 277 337

1101 310 1285 348 Labbeus
1320 315 1360 348 et
1393 310 1588 349 Oudinus.
1616 309 1815 348 Habemus
1838 308 1926 359 ejus
1958 310 2071 350 Com-

1098 372 1294 410 mentaria
1317 372 1357 410 in
1377 372 1593 411 Leviticum
1621 370 1687 411 lib.
1715 372 1791 410 XX.
1821 382 1969 410 excusa
1993 374 2069 422 pri-

1103 445 1213 473 mum
1237 434 1341 484 apud
1370 435 1628 480 Quentclium
1654 435 1837 474 Coloniae
1863 434 1977 473 4536.
2005 435 2068 473 fol.

1101 495 1245 533 deinde
1269 497 1306 533 in
1337 496 1418 534 Bibl
1458 498 1525 534 ΡΙ).
1552 496 1689 535 Colon.
1709 501 1802 534 tom.
1829 497 1879 534 X.
1903 501 1942 535 et
1968 498 2070 548 Lug·

1096 557 1191 595 dun.
1227 562 1323 595 tom.
1369 558 1490 596 XVII.
1526 558 1645 596 illata.
1671 558 1821 597 Inedita
1847 557 1935 609 ejus
1972 564 2068 598 sunt

1101 619 1311 658 Commeat.
1336 619 1374 657 in
1393 619 1591 670 Epistulas
1615 619 1733 658 Pauli
1749 651 1759 668 ,
1778 621 1817 658 in
1843 619 2067 660 Parabolas

1111 680 1335 720 Salomonis
1353 710 1360 727 ‚
1381 683 1389 729 (
1409 681 1470 719 alii
1487 681 1722 729 Ciceronis)
1742 682 1920 720 Historia
1939 683 2068 722 Fran·

1105 753 1277 790 corum,
1316 747 1356 779 et
1396 741 1684 781 Chronicorum
1721 742 1784 780 lib.
1827 745 1876 781 ΙΙ.
1907 756 1940 784 31
1973 745 2068 783 Vide

1100 804 1322 842 Gesnerum
1354 810 1394 842 et
1438 805 1624 842 Vossium
1652 817 1686 855 p.
1726 806 1814 844 339.
1840 808 2000 846 Caveus
2028 812 2069 845 et

1104 866 1289 905 Olearius
1316 871 1399 904 tros
1424 864 1652 916 Radulplios
1677 867 1713 904 in
1747 879 1869 906 unum
1902 869 2069 908 confun-

1103 928 1228 975 dunt,
1258 928 1554 966 Flaviacensem
1574 957 1583 973 ‚
1624 929 1994 971 Fontanellensem.
2025 935 2066 967 et

1108 989 1288 1040 Nigrum.
1315 988 1433 1028 Hunc
1456 1001 1615 1040 quoque
1637 991 1796 1040 Nigrum
1825 996 1864 1027 et
1887 996 2068 1029 nostrum

1106 1052 1158 1090 du
1191 1053 1257 1090 Pin
1284 1057 1376 1089 tom.
1406 1052 1472 1090 lX.
1499 1063 1535 1102 p.
1577 1052 1666 1090 485.
1691 1056 1731 1089 et
1759 1053 1926 1091 Baelius.
1954 1054 2073 1091 Deni—

1111 1125 1188 1164 que
1215 1115 1334 1151 miror
1357 1113 1535 1152 Baelium
1555 1144 1564 1159 ,
1582 1124 1674 1152 cum
1697 1113 1745 1152 de
1768 1114 1842 1152 hoc
1863 1114 2068 1164 Radulpho

1107 1180 1147 1214 et
1177 1176 1259 1213 loco
1284 1175 1371 1224 ejus
1392 1175 1440 1213 de
1463 1175 1613 1213 joanna
1640 1176 1799 1225 Papissa
1823 1177 1930 1225 agit⁷
1961 1176 2071 1216 diffe-

1108 1239 1277 1276 rentiam
1321 1239 1423 1275 inter
1458 1235 1705 1289 Radulpbum
1741 1236 2068 1285 Flaviacensem,

1108 1303 1148 1337 et
1178 1298 1428 1350 Ranulpbum
1454 1297 1672 1347 szdenum
1695 1329 1703 1346 ,
1728 1304 1931 1338 auctorem
1956 1300 2069 1349 Poly-

1108 1360 1283 1398 chronici
1308 1391 1317 1407 ‚
1348 1371 1424 1397 non
1458 1361 1600 1398 melius
1626 1361 1861 1399 inculcasse.

1160 1421 1459 1460 RADULPHUS
1504 1420 1841 1470 Fontanellensis,
1866 1422 1998 1460 Abbas
2028 1424 2067 1460 in

1105 1483 1258 1530 Gallis,
1295 1484 1468 1533 primum
1507 1483 1716 1527 Decanus,
1759 1484 1859 1521 vixit
1883 1494 1918 1521 a.
1954 1485 2070 1523 4031.

1106 1545 1284 1584 Meminit
1300 1546 1387 1582 eius
1402 1543 1546 1583 Chron.
1566 1544 1871 1582 Fontanellense
1888 1545 2068 1595 Append.

1107 1608 1134 1646 I.
1178 1618 1211 1645 c.
1250 1606 1288 1645 8.
1325 1605 1430 1657 apud
1454 1605 1692 1644 Dacherium
1720 1606 1853 1656 Spicil.
1892 1610 1973 1644 tom
2007 1607 2071 1645 111.

1108 1670 1168 1708 An
1208 1669 1313 1708 idem
1355 1670 1406 1707 sit
1445 1680 1537 1707 cum
1577 1668 1784 1718 Radulpho
1825 1669 2071 1707 Flaviacensi

1107 1731 1292 1781 disquirit
1336 1733 1418 1770 Jac.
1463 1732 1661 1780 Hommey
1702 1732 1739 1768 in
1784 1729 2071 1781 Supplemento

1106 1795 1265 1833 Petrum
1289 1805 1326 1844 p.
1350 1792 1440 1831 279.
1465 1793 1555 1831 Mihi
1582 1792 1772 1831 videntur
1795 1792 1942 1831 diversi
1967 1804 2071 1832 esse.

1106 1858 1205 1896 Nam
1229 1856 1377 1896 Comm.
1403 1853 1443 1892 in
1468 1854 1674 1894 Canticum
1698 1854 1956 1894 Canticorum
1981 1857 2070 1894 nul-

1105 1918 1182 1957 lam
1203 1919 1446 1956 mentionem
1465 1917 1616 1955 faciunt
1631 1947 1642 1965 ‚
1660 1916 1729 1966 qui
1752 1916 1800 1954 de
1817 1917 2062 1956 Flaviacensi

1104 1984 1257 2031 agunt,
1282 1979 1441 2029 qualem
1467 1984 1601 2016 tamen
1624 1979 1835 2028 scripsisse
1858 1980 2066 2017 Fontanel-

1102 2043 1256 2081 lensem
1294 2046 1433 2080 notum
1472 2046 1562 2088 est,
1605 2040 1757 2078 editum
1796 2051 1890 2078 vero
1927 2052 1948 2078 a
1986 2041 2067 2079 Jac.

1103 2105 1298 2153 Hominey
1314 2104 1343 2141 I.
1363 2115 1396 2142 c.
1423 2115 1460 2153 p.
1484 2102 1575 2141 276.
1598 2114 1723 2153 quum
1744 2104 1854 2152 prius
1878 2102 2066 2152 Gregorio

1106 2167 1247 2217 Magno
1286 2165 1463 2204 tributus
1505 2166 1637 2204 fuerit.
1675 2164 1882 2203 Editiones
1917 2165 2067 2214 priores

1109 2232 1306 2266 memorat
1331 2227 1534 2265 Fabricius
1566 2230 1702 2264 noster
1731 2237 1852 2276 supra
1883 2226 1946 2264 lib.
1977 2226 2062 2264 Vll.

1107 2289 1290 2329 Oudinus
1316 2294 1422 2326 tomo
1439 2289 1484 2326 ΙΙ.
1512 2300 1547 2338 p.
1572 2287 1662 2324 773.
1689 2292 1804 2325 vocat
1824 2287 2066 2338 Scriptorem

1106 2349 1420 2401 imaqinarium‚
1464 2350 1655 2388 Sanctum
1689 2348 1780 2386 novi
1821 2346 2064 2387 Calendarii.

1106 2414 1161 2452 De
1185 2412 1314 2463 Opere
1333 2414 1416 2463 ipso
1442 2410 1523 2449 vid.
1550 2410 1649 2448 infra
1677 2407 1868 2448 Robertus
1887 2408 1934 2447 de
1957 2409 2070 2448 Tum—

1107 2472 1275 2512 balenia.

1160 2535 1458 2574 RADULPHUS
1476 2532 1734 2573 Fresburnus
1754 2564 1762 2578 ‚
1783 2545 1832 2571 ex
1856 2532 2067 2571 Northum-

1106 2598 1188 2636 bria
1218 2596 1424 2635 oriundus.
1447 2596 1616 2634 Juvenis
1638 2596 1675 2632 in
1702 2594 1966 2632 Palaestinam
1996 2596 2067 2632 mi-

1105 2659 1292 2697 litaturus
1338 2657 1459 2704 abiit,
1496 2658 1533 2694 in
1577 2661 1710 2694 monte
1755 2656 1937 2695 Carmelo
1974 2667 2070 2693 vero

1108 2720 1213 2758 illius
1238 2719 1310 2757 loci
1336 2719 1525 2769 religione
1563 2717 1815 2764 delectatuS,
1847 2717 2069 2756 monachus

1107 2781 1176 2829 fit,
1211 2791 1384 2830 eumque
1414 2780 1593 2818 ordinem
1626 2780 1779 2830 primus
1817 2781 1855 2817 in
1884 2779 2067 2829 Angliam

1109 2842 1354 2891 introduxit,
1391 2843 1512 2880 variis
1537 2852 1698 2892 quoque.
1736 2842 1785 2879 ibi
1818 2841 2070 2879 monasteriis

1107 2904 1286 2943 eiusdem
1309 2905 1541 2942 exstructis.
1566 2902 1672 2942 Obiit
1697 2914 1730 2941 a.
1759 2903 1874 2940 4274.
1905 2901 2072 2952 Scripsit

1104 2965 1442 3005 Eaeliortationum
1456 2966 1620 3016 piarum
1640 2969 1676 3004 et
1694 2964 1961 3016 Epistolarum
1979 2962 2068 3002 libr.

1107 3029 1140 3065 Ι.
1168 3028 1264 3067 Vide
1290 3029 1452 3066 Baleum
1485 3028 1586 3066 Cent
1613 3028 1672 3065 Vl.
1699 3029 1874 3065 Pitseum
1907 3037 1939 3064 c.
1979 3026 2069 3064 393.

1162 3090 1412 3128 RADULPlll
1462 3086 1614 3134 Galae,
1656 3089 1789 3126 nescio
1819 3086 1960 3136 cujus,
1989 3087 2070 3125 Me-

1109 3149 1272 3189 moriale
1304 3163 1380 3203 pro
1405 3149 1706 3194 Decretalibus,
1741 3150 1818 3188 MS.
1861 3153 1996 3187 exstat
2027 3149 2064 3186 in

1111 3213 1202 3250 Bibl.
1251 3213 1289 3251 S.
1333 3213 1511 3258 Quintini
1550 3213 1818 3252 Beluacensis.
1859 3213 1973 3250 Bern.
2013 3209 2062 3249 de

1105 3362 1180 3393 pag.
1203 3353 1276 3383 586.

1686 3425 1750 3462 lSv'i
