2533 4009
459 216 533 254 '⁴5⁹0

455 293 546 324 tom.
565 288 627 324 ix.
650 284 742 322 Bibl.
761 285 825 320 ΡΙ).
846 283 963 318 Paris.
981 281 1074 317 dea.
1097 280 1197 317 1654
1228 280 1399 318 comte.

455 348 484 384 li
524 346 723 385 Rlietorem
773 333 969 378 Ecclesiae
1023 340 1219 391 Romane,
1257 341 1405 378 Auctor

454 409 555 444 vitae
603 403 793 441 liunstani
840 403 1069 440 Senatorem
1119 405 1259 438 vocat:
1303 412 1404 450 quae

450 468 577 505 omnia
603 462 798 513 quomodo
822 461 1068 499 concilianda
1108 463 1190 498 sint
1225 461 1402 499 nondum

450 531 614 564 constat.
641 524 883 562 Trithemius
912 524 993 570 ait,
1025 523 1154 573 ipsum
1186 533 1319 560 amore
1349 521 1405 559 di-

450 587 583 624 scendi
614 586 786 622 scotiam
836 583 1073 632 reliquisse,
1123 585 1159 620 in
1208 583 1404 631 Galliam,

449 648 625 691 Italiam,
670 645 805 683 Asiam
850 650 890 683 et
936 644 1156 693 Achajam,
1187 646 1404 694 migrasse,

449 720 491 746 ac
522 707 681 745 tandem
710 708 746 744 in
769 707 865 745 urbe
889 708 1009 745 Roma
1038 706 1201 745 mirabili
1228 705 1405 744 doctrina

448 770 598 807 clarum
642 769 853 806 effulsisse.
881 769 923 806 In
963 767 1111 817 Achaja
1151 768 1270 805 libros
1313 777 1407 805 suos

451 831 657 879 scripsisse
687 829 830 867 docent
875 841 941 878 ea,
965 841 1066 879 quae
1113 828 1268 867 duobus
1294 832 1408 866 vetu—

450 892 637 929 stissimis
677 890 891 929 Codicihus
935 892 1041 929 MSS.
1081 891 1332 928 Thorneiauo
1369 894 1408 927 et

449 953 663 991 pithoeano
705 952 904 1003 adscripta
949 958 1044 990 sunt
1067 981 1075 999 ,
1099 952 1147 990 ab
1187 952 1344 989 Usserio
1368 956 1408 989 et

451 1015 603 1053 Labbeo
627 1014 843 1065 producta:

503 1077 640 1126 Neque
670 1075 718 1113 de
749 1081 926 1126 tempore
969 1086 1108 1113 omnes
1150 1074 1408 1113 conveniunt.

454 1138 686 1187 Sigebertus
718 1136 965 1187 temporibus
995 1137 1226 1175 Constantis
1255 1139 1295 1173 et
1309 1135 1411 1173 Con-

454 1200 604 1247 stantii,
632 1199 800 1237 liliorum
827 1199 1079 1237 Constantini
1106 1200 1152 1236 M.
1174 1198 1326 1234 vixisse
1349 1206 1412 1234 as-

453 1263 547 1299 serit
570 1274 576 1298 :
599 1261 845 1299 Trithemius
866 1260 913 1298 ad
935 1259 1202 1298 Theodosium
1226 1260 1409 1308 Magnum

455 1324 596 1361 refert·
628 1323 921 1361 Anuotationes
953 1332 1045 1359 vero
1078 1321 1192 1359 modo
1217 1319 1411 1358 adductae

452 1385 498 1423 ad
532 1391 707 1435 tempora
746 1384 956 1422 Theodosii
997 1382 1166 1432 junioris
1195 1387 1235 1421 et
1270 1382 1413 1420 Valen—

455 1448 591 1484 tiniani
624 1448 747 1496 lmpp.
777 1446 1013 1484 detrudunt.
1044 1445 1246 1483 Probabile
1277 1449 1410 1482 tamen

454 1514 527 1553 est,
560 1509 689 1558 ipsum
723 1508 851 1546 medio
881 1507 1014 1546 seculo
1045 1506 1087 1544 V.
1109 1507 1304 1553 iloruisse,
1322 1505 1412 1555 quia

455 1571 675 1608 Venantius
703 1571 946 1608 Fortunatus
975 1573 1016 1606 et
1059 1567 1322 1605 Cassiodorus
1363 1566 1409 1604 ad

457 1633 587 1681 ipsum
607 1636 835 1681 provocant.
857 1630 968 1668 Adde
988 1631 1155 1667 Lexieon
1169 1629 1412 1666 Baelianum.

510 1694 677 1742 Scripsit
702 1697 835 1730 autem
870 1691 1058 1729 Sedulius
1089 1690 1323 1738 sequentia:

513 1755 548 1792 4.
581 1753 754 1792 Carmen
790 1746 981 1790 paschale
1010 1751 1074 1789 lib.
1108 1751 1152 1789 V.
1181 1761 1272 1788 cum
1305 1760 1416 1799 prae-

461 1816 606 1853 fatione
632 1816 808 1864 prosaica
839 1813 884 1851 ad
916 1813 1187 1852 Macedonium
1208 1811 1415 1850 Abbatem.

458 1879 586 1924 Quam
618 1876 666 1914 de
698 1887 866 1914 numero
896 1875 1035 1913 horum
1059 1875 1249 1912 librorum
1271 1872 1417 1912 Aucto-

461 1949 524 1977 res
553 1939 736 1984 varient,
768 1937 859 1975 vide
888 1937 993 1987 apud
1033 1936 1245 1975 Cellarium
1277 1939 1417 1972 annot.

461 2002 509 2041 ad
541 2015 576 2053 p.
609 2002 644 2039 8.
675 2000 859 2038 Gelasius
890 2001 991 2049 Papa
1019 1998 1202 2036 Distinet.
1227 1996 1312 2035 XV.
1334 2006 1417 2046 cap.

463 2066 526 2102 111.
557 2068 655 2101 sect.
685 2062 748 2100 25.
781 2063 1010 2111 scripserat,
1055 2059 1262 2098 Sedulium
1293 2056 1421 2095 heroi-

462 2126 518 2163 cis
547 2121 731 2163 versibus
755 2123 941 2161 Pasehale
959 2121 1127 2160 Carmen
1147 2120 1419 2168 descripsisse,

463 2197 565 2236 quae
597 2186 716 2223 verba
746 2196 837 2222 eum
884 2184 1130 2222 librariorum
1178 2181 1326 2218 incuria
1355 2179 1423 2216 de..-

466 2249 642 2299 pravarit
673 2248 709 2283 in
755 2244 988 2291 haereticis,
1036 2243 1178 2282 Paulus
1223 2242 1269 2279 11.
1311 2243 1422 2279 Pont.

466 2321 567 2347 max.
599 2311 636 2346 in
666 2307 834 2358 capitale
865 2308 1073 2344 Poetarum
1099 2304 1247 2352 odium,
1270 2309 1311 2342 et
1337 2305 1423 2353 plu-

463 2372 548 2408 rimi
581 2371 711 2420 legum
744 2370 983 2419 interpretes
1013 2378 1059 2405 co
1090 2366 1270 2416 perducti
1308 2370 1419 2411 sunt,

464 2439 507 2472 ut
536 2433 666 2470 omnia
697 2435 891 2481 poemata,
921 2430 1040 2467 etiam
1073 2438 1198 2474 saera,
1222 2427 1420 2465 haeretica

463 2505 552 2532 esse
581 2493 783 2532 duxerint.
809 2491 850 2529 ld
881 2490 986 2540 quod
1017 2501 1067 2527 ex
1092 2490 1202 2527 Pierii
1229 2488 1419 2526 Valeriani

463 2555 648 2593 Oratione
678 2565 747 2604 pro
778 2551 1037 2591 Sacerdotum
1079 2550 1212 2588 barbis
1255 2548 1422 2587 adduxit

465 2617 704 2667 Salvagnius
729 2615 917 2653 Boessius
934 2612 980 2651 ad
999 2611 1186 2650 Ovidium
1211 2612 1247 2648 in
1268 2611 1365 2648 lbin.
1383 2622 1423 2647 v.

466 2679 554 2717 623.
581 2677 671 2726 (310
689 2678 860 2715 Carmen
879 2674 1067 2713 Paschale.
1097 2678 1138 2711 et
1167 2673 1315 2722 Hymni
1344 2671 1422 2710 duo

463 2752 496 2779 e.
541 2752 578 2778 n.
624 2751 706 2778 var.
753 2739 800 2776 ab
833 2737 882 2774 1⁷1.
911 2736 1129 2775 Arntzenio
1180 2733 1421 2772 Leovardiae

476 2802 587 2840 4764.
622 2803 657 2838 in
691 2800 757 2847 8.)

520 2865 557 2902 2.
591 2861 755 2903 Collatio
785 2859 930 2899 Veteris
961 2861 997 2897 et
1023 2857 1127 2897 Novi
1164 2855 1422 2904 Testamenti,

468 2929 551 2965 sive
582 2926 766 2975 Hymnus
797 2923 823 2960 1.
849 2932 994 2972 genere
1011 2921 1207 2969 Elegiaeo‚
1225 2930 1294 2969 per
1310 2918 1424 2956 sehe-

470 3000 530 3026 ma
557 2991 585 3026 E
606 2982 863 3033 παναληψεως
881 2983 1047 3022 alternis
1072 2981 1256 3019 versibus
1281 2981 1422 3030 repeti-

472 3056 532 3089 tae
553 3065 562 3087 .·
587 3049 830 3088 Trithemius
869 3045 1047 3083 inscribit
1091 3042 1423 3082 &hortatorium

475 3112 527 3149 acl
551 3109 695 3162 fideles.

527 3174 562 3210 3.
592 3170 835 3209 Acrostichis
864 3169 986 3208 vitam
1020 3167 1172 3207 Christi
1198 3167 1424 3213 continens,

476 3234 560 3270 sive
604 3235 783 3280 llymnus
814 3233 859 3270 ll.
890 3242 1034 3282 genere
1064 3230 1238 3268 iambico
1269 3233 1427 3279 quater-

478 3294 600 3331 nario.
622 3294 764 3330 Editus
787 3299 848 3331 est
874 3299 963 3342 post
981 3295 1101 3332 libros
1115 3292 1424 3330 Cathemerinon

1255 208 1626 247 SEDULlUS

1481 280 1582 328 Lips.
1616 279 1731 316 4522.
1763 280 1799 316 8.
1843 291 1911 330 per
1954 282 2113 320 Petrum
2158 281 2432 322 Mosellanum.

1535 339 1770 377 prodierunt
1799 340 1897 379 haee
1927 353 2072 391 opera:

1534 401 1687 450 Lipsiae
1712 411 1782 450 per
1809 401 1889 439 Jac.
1916 402 2101 441 Thanner
2132 404 2247 442 4499.
2279 404 2312 441 4.
2351 415 2430 443 una

1479 471 1570 499 eum
1605 459 1892 499 Eoehortatorio
1921 462 1976 500 ad
1997 463 2143 514 fideles.

1533 523 1709 560 Venetiis
1737 522 1841 572 apud
1872 522 2169 567 Α1ἀυη],4502.
2197 527 2232 564 4.
2256 528 2430 567 cumJu-

1482 593 1608 620 veneo
1637 587 1677 621 et
1706 582 1883 622 Aratore.

1535 645 1687 694 Lipsiae
1732 644 1846 683 4504.
1880 645 1913 682 4.
1944 649 1985 682 et
2027 645 2171 685 ibidem
2209 648 2312 698 apud
2350 651 2430 688 Jae.

1482 705 1669 744 Thanner
1702 706 1816 744 4509.
1850 707 1884 743 4.

1537 766 1658 816 Lugd.
1694 777 1785 805 eum
1829 767 1985 805 Comm.
2026 766 2118 806 Ant.
2162 768 2432 810 Nebrissensis

1487 829 1602 866 4542.
1633 828 1669 865 4.
1695 828 1834 866 Colon.
1867 828 1985 867 4509.

1536 889 1713 926 Basileae
1756 900 1804 927 ex
1845 890 2112 939 recognitione
2155 890 2303 930 Theod.
2348 893 2437 931 Pul-

1487 951 1632 998 manni,
1665 961 1742 989 una
1772 962 1863 989 eum
1885 952 2079 1000 JuveneO,
2103 950 2280 1002 Aratore,
2305 958 2345 992 et
2366 953 2438 1004 hy-
2465 942 2471 951 ¹

1485 1013 1590 1050 mnis
1614 1012 1798 1050 Venantii
1829 1017 2012 1062 quatuor,
2043 1013 2129 1052 sine
2158 1025 2263 1053 anno
2291 1014 2436 1066 addito,

1485 1075 1519 1111 8.
1551 1085 1652 1124 quae
1683 1073 1802 1112 editio
1832 1079 1935 1113 teste
1965 1075 2121 1114 Nicolao
2142 1074 2334 1124 Antonio,
2364 1076 2438 1115 Ca-

1486 1137 1555 1174 lari
1585 1135 1687 1186 apud
1714 1137 1964 1176 vincentium
1990 1137 2247 1176 Sembenium
2271 1148 2306 1186 a,
2333 1136 2434 1177 4573

1487 1199 1522 1235 8.
1553 1199 1719 1248 repetita
1751 1202 1826 1235 est.

1538 1259 1729 1311 Antverp.
1759 1259 1863 1311 apud
1890 1258 2051 1298 viduam
2068 1259 2220 1298 Martini
2243 1259 2437 1306 Caesaris,

1492 1321 1604 1360 4538.
1636 1321 1671 1358 8.

1542 1382 1731 1430 Basileae,
1748 1382 1850 1432 apud
1871 1381 2310 1429 Westhemorum,cum
2327 1391 2441 1419 enar-

1488 1445 1638 1482 ratione
1668 1443 1757 1481 AElii
1790 1444 1881 1482 Ant.
1912 1443 2196 1490 Nebrissensis,
2227 1441 2443 1481 additoJu—

1490 1515 1614 1543 veneo
1643 1515 1677 1543 e.
1706 1516 1850 1543 comm.
1882 1504 2074 1553 Ascensii,
2107 1503 2223 1544 4544.
2257 1503 2371 1543 4545.
2406 1505 2442 1542 4.

1543 1566 1723 1617 Lugduni
1755 1566 1859 1616 apud
1877 1566 2137 1604 Tornaesium
2156 1576 2246 1604 oum
2264 1566 2443 1604 Juveneo

1489 1633 1529 1665 et
1558 1628 1724 1666 Aratore
1746 1627 1861 1666 4553.
1895 1627 2011 1666 4566.
2043 1627 2158 1665 4588.
2190 1626 2252 1665 42.

1537 1690 1579 1727 In
1592 1690 1720 1727 Poetis
1731 1688 2150 1736 ChristianisFabrieii,
2160 1687 2279 1726 Basil.
2291 1688 2304 1726 4
2317 1686 2446 1725 5664

1542 1751 1586 1788 ln
1618 1751 1869 1788 Bibliotheeis
1899 1751 2059 1788 Patrum
2091 1749 2213 1788 Paris.
2244 1748 2379 1787 Colon.
2407 1752 2446 1786 et

1493 1811 1677 1862 Lugdun.

1544 1873 1778 1924 Edimburgi
1810 1872 1926 1913 4704.
1961 1873 1996 1910 8.
2027 1883 2134 1923 quae
2162 1873 2351 1911 accurata
2379 1870 2450 1910 ha-

1493 1935 1619 1974 betur.
1651 1934 1782 1974 Huius
1797 1935 1982 1973 editionis
1999 1935 2192 1983 notitiam,
2210 1944 2334 1984 quum
2350 1933 2447 1972 alias

1493 1996 1532 2033 in
1563 1995 1624 2032 his
1662 1997 1741 2034 oris
1785 1996 1865 2033 fere
1908 1997 2038 2046 ignota
2076 1996 2295 2043 manserit,
2325 1994 2449 2034 debeo

1493 2057 1659 2107 Georgio
1682 2055 1906 2095 Mackenzie
1930 2056 1979 2095 de
2011 2057 2139 2095 Scotis
2167 2055 2335 2094 eruditis
2365 2055 2448 2094 Vol.

1497 2120 1526 2157 1.
1556 2130 1643 2169 pag.
1673 2119 1763 2157 346.

1549 2181 1727 2230 Denique
1752 2180 1875 2219 Halae
1902 2179 2017 2219 4704.
2042 2180 2079 2217 8.
2096 2177 2219 2217 edidit
2244 2178 2449 2218 Cellarius.

1552 2240 1756 2280 Paschalis
1775 2242 1915 2293 Operis
1935 2239 2032 2279 labri
2058 2240 2099 2279 V.
2123 2240 2250 2279 soluta
2274 2240 2450 2278 oratione

1495 2304 1695 2354 descripti,
1718 2315 1795 2342 una
1812 2314 1902 2342 eum
1923 2302 2097 2353 Epistola
2113 2300 2159 2340 ad
2178 2300 2450 2340 Macedonium

1496 2366 1633 2414 altera,
1664 2366 1731 2415 qui
1749 2365 1954 2403 Sedulium
1973 2364 2156 2402 hortatus
2174 2366 2261 2402 erat
2285 2366 2330 2401 ut
2353 2361 2452 2401 illud
2510 2410 2511 2413 Ἴ

1497 2437 1680 2465 sermone
1712 2427 1887 2476 prosaico
1916 2426 2172 2475 exprimeret.
2192 2423 2349 2463 Primus
2373 2422 2453 2462 edi-

1497 2488 1555 2526 dit
1579 2490 1744 2526 Juretus
1770 2488 1890 2526 Paris.
1918 2488 2032 2526 4585.
2063 2487 2098 2524 8.
2124 2486 2281 2536 repetiit
2309 2484 2453 2524 deinde

1499 2550 1598 2588 Bibl.
1614 2551 1774 2588 Patrum
1794 2550 1994 2600 Bigneana
2016 2548 2140 2587 alt-era
2162 2552 2202 2586 et
2224 2551 2452 2598 sequentes.

1552 2612 1587 2650 5.
1620 2612 1807 2650 Sedulius
1839 2614 1952 2661 poeta
1983 2609 2029 2648 de
2054 2608 2342 2661 praeroqativa
2377 2607 2458 2647 diei

1497 2674 1629 2720 seneli,
1662 2685 1738 2712 una
1768 2683 1861 2711 eum
1895 2672 2084 2712 Carmine
2121 2669 2335 2718 Paschali‚
2373 2671 2451 2710 MS.

1499 2735 1571 2774 suit
1600 2736 1636 2773 in
1669 2735 1765 2773 Bibl.
1798 2734 2117 2782 Uffenbaehiana,
2138 2736 2241 2771 teste
2264 2731 2454 2783 Catalogo

1498 2801 1598 2847 part.
1628 2796 1665 2834 4.
1695 2797 1770 2835 eol.
1800 2796 1891 2834 224.

1552 2859 1588 2895 6.
1619 2858 1790 2897 Carmen
1818 2856 1864 2895 de
1893 2854 2011 2895 Verbi
2031 2854 2302 2895 incarnatione
2320 2854 2453 2894 edide-

1499 2924 1592 2958 runt
1622 2922 1794 2958 Martene
1822 2922 1862 2957 et
1891 2917 2052 2957 Durand
2084 2917 2246 2956 Colleet.
2275 2917 2452 2967 ampliss.

1499 2986 1591 3019 tom.
1626 2982 1691 3019 lx.
1720 2993 1759 3031 p.
1790 2981 1877 3018 425.
1904 2991 1950 3018 ex
1979 2979 2123 3018 Codice
2147 2978 2391 3028 Corbeiensi,
2415 2980 2454 3017 in

1499 3054 1576 3093 quo
1600 3042 1716 3093 Operi
1744 3042 1920 3081 Paschali
1946 3046 2138 3092 tanquam
2160 3051 2253 3092 pars
2273 3039 2453 3091 ejusdem

1502 3105 1605 3144 nulla
1634 3105 1867 3154 interposita
1891 3103 2159 3151 distinctione,
2191 3101 2379 3151 nulloque
2409 3102 2456 3138 ti-

1501 3168 1582 3207 tulo
1607 3164 2012 3217 praemittitur.Quod
2034 3175 2127 3203 vero
2151 3165 2189 3201 in
2216 3162 2453 3214 praefatione

1472 3236 1474 3238 ·
1502 3230 1696 3280 promittit
1719 3239 1762 3267 se
1792 3229 1989 3267 Maronem
2014 3228 2052 3264 in
2077 3225 2221 3264 melius
2243 3233 2454 3274 expressu-

1505 3302 1605 3340 rum,
1636 3290 1729 3329 illud
1757 3301 1798 3328 re
1825 3290 1907 3339 ipsa
1927 3287 2139 3338 praestitit.
