2517 4009
914 234 942 270 Ρ
966 233 995 273 Ε
1019 233 1049 271 Τ
1073 233 1103 270 R
1129 232 1158 271 U
1179 234 1205 272 S

54 300 224 341 derabt't.
253 303 312 341 Ex
347 301 407 340 his
425 312 526 351 quos
546 308 738 352 quatuor,
755 315 832 341 non
851 303 1026 356 quinque

51 365 266 402 Mauricius
296 362 541 412 scripserat,
572 363 693 402 libros
711 364 812 403 duos
831 366 1024 415 primores

49 424 247 464 adversus
273 421 492 475 nefandam
526 428 673 463 sectam
713 428 1024 465 Saracenorum

53 498 102 526 cx
132 488 328 526 Manuscr.
349 485 492 525 Codice
515 486 842 536 Acquicinctensi
862 518 870 526 .
889 493 1026 527 aucto-

53 549 107 586 ris
136 558 238 586 aevo
268 550 431 585 exarato
461 547 587 585 edidit
617 548 862 587 Edmundus
885 550 1024 587 Marte-

52 620 102 647 ne
136 615 232 646 tom.
263 608 288 647 2
321 615 621 648 monumentor.
656 611 772 649 1121.
807 611 1023 661 praemissa

53 670 228 721 Epistola
260 671 403 709 PETRI
433 669 698 710 pictaviensis
717 703 726 719 ,
752 676 792 709 et
813 683 1026 721 argumen-

51 734 105 771 tis
132 732 401 783 capitulorum
427 733 515 771 libri
552 745 628 772 non
662 733 780 772 modo
825 736 938 784 primi
984 738 1025 772 ct

50 793 240 844 secundi,
269 793 354 832 sed.
379 796 484 833 tertii
502 806 661 846 quoque
681 799 721 833 et
744 797 902 846 quarti,
922 806 1026 846 quos

51 867 169 894 nemo
197 855 329 895 adhuc
359 857 396 894 in
429 856 561 896 lucem
594 858 773 907 protulit.
809 858 1022 896 Profitetur

50 918 316 957 pictaviensis
347 929 390 956 se
415 919 452 956 in
490 919 771 958 transferendo
816 920 1021 958 Alcorano

50 980 202 1019 socium
233 981 358 1019 fuisse
387 981 534 1019 PETRI
560 979 738 1020 Toletani
764 986 804 1019 ct
829 981 1016 1020 ROBER-

51 1042 101 1081 TI
131 1042 410 1081 Archidiaconi
441 1048 582 1093 postea
612 1044 938 1094 Pampilinensis.

104 1105 313 1144 Sermones
334 1105 410 1143 III.
441 1105 490 1143 de
523 1105 640 1144 laude
665 1106 870 1156 sepuicbri
890 1107 1022 1144 Domi-

51 1168 117 1215 ni,
147 1167 196 1206 de
227 1168 271 1206 S.
300 1167 485 1206 Marcello
517 1169 619 1216 Papa
650 1172 691 1205 et
735 1169 910 1217 Martyrc
929 1199 940 1216 ,
979 1173 1020 1214 et

51 1228 100 1267 de
116 1230 374 1267 veneratione
393 1229 674 1279 reliquiarum,
692 1230 819 1268 eidem
838 1229 1019 1269 Edmur.-

50 1289 100 1328 do
129 1291 305 1329 Martene
337 1291 377 1326 in
407 1291 584 1340 acceptis
615 1291 826 1329 referimus
853 1296 946 1329 torn.
986 1292 1017 1329 V

49 1351 227 1390 thesauri
257 1350 542 1390 anecdotorum
574 1363 662 1402 pag.
693 1353 809 1391 1419.
833 1353 886 1391 Et
926 1351 1017 1403 Epi—

49 1411 172 1452 stolas
195 1412 370 1464 quinque
398 1417 494 1452 tom.
527 1415 541 1452 1
578 1413 794 1452 anecdotor
818 1425 904 1464 pag.
924 1414 1013 1451 406.

49 1486 132 1525 seq.
163 1474 254 1515 416.
286 1476 392 1514 sicut
421 1475 523 1514 alias
548 1474 652 1514 duas
676 1476 899 1514 Mabillonio
924 1480 950 1513 t.
992 1478 1014 1515 3

51 1538 235 1576 Analect.
265 1548 352 1588 pag.
385 1538 476 1576 48⁴.
505 1537 611 1587 (edit.
646 1549 772 1577 novae
797 1550 885 1588 pag.
912 1538 1013 1586 459.)

55 1599 227 1639 Carmen
250 1598 297 1637 de
320 1602 470 1638 vzrtute
501 1600 605 1650 quud
637 1601 799 1651 incipit:
830 1599 1018 1638 Destituit

53 1663 184 1699 terras
207 1660 325 1700 decus
352 1659 489 1709 Orbis,
532 1661 665 1712 ylario
695 1673 835 1700 rerum
869 1659 1014 1701 Virtus.

51 1724 247 1762 Manuscr.
279 1724 317 1761 in
363 1723 546 1762 Biblioth.
585 1724 748 1763 Paulina
794 1726 1013 1775 Lipsiensi,

49 1789 153 1824 teste
202 1785 336 1824 Joach.
387 1786 540 1824 Fellero
586 1798 671 1837 pag.
704 1787 794 1825 299.
840 1787 1014 1825 Carmen

49 1846 95 1886 de
114 1845 268 1886 ritibus
299 1846 449 1888 missae
477 1847 583 1897 quod
614 1848 689 1886 sub
720 1850 879 1887 nomine
909 1850 1016 1887 Mau-

49 1910 132 1948 ricii
147 1908 336 1960 subjunxi
356 1911 508 1959 primae
528 1909 1012 1961 editioniBibliographiue

47 1971 295 2021 antiquariae
323 1971 460 2010 [lamb.
501 1972 617 2010 1713.
657 1972 694 2011 [ι.
739 1977 876 2023 postea
913 1974 1011 2011 satis

46 2034 219 2083 comperi
249 2037 453 2072 auctorem
479 2033 626 2072 habere
653 2035 1009 2074 HILDEBERTUM

48 2093 466 2143 Cenommanensem,
499 2100 543 2134 ut
573 2095 611 2133 in
637 2096 758 2146 praef.
780 2096 827 2135 ad
857 2101 1008 2135 tomum

49 2160 212 2195 sextum
242 2156 340 2195 Bibl.
365 2156 517 2195 Graece
547 2167 637 2195 sum
663 2158 882 2207 professus.
906 2159 1010 2196 Petri

48 2216 326 2256 Cluniacensis
350 2216 513 2257 nucleus
551 2219 597 2257 de
629 2219 828 2271 sacrificio
865 2221 1009 2259 Mzssae

48 2283 138 2329 post
168 2278 446 2319 Hildebertum
462 2284 502 2318 et
517 2281 739 2331 Rupertum
758 2282 1006 2321 Tuitiensem

46 2340 178 2379 editus
207 2344 271 2379 est
299 2341 339 2379 in
363 2341 536 2380 editione
560 2343 736 2381 Romana
753 2343 941 2382 librorum
958 2343 1007 2381 de

46 2402 272 2442 Catholicae
301 2402 506 2441 Ecclesiae
535 2403 674 2441 officiis
694 2415 740 2442 ac
761 2405 1005 2451 ministeriis,

47 2465 165 2504 1591.
194 2464 256 2502 fol.
287 2467 328 2502 et
357 2465 397 2501 in
428 2468 534 2502 tomo
557 2463 712 2503 decimo
737 2466 920 2504 Biblioth.
940 2468 1009 2505 Pa-

47 2530 154 2565 trum
179 2526 300 2565 Paris.
330 2525 447 2565 ⁴644.

99 2587 293 2627 PETRUS
316 2585 535 2627 Clodiensz's
554 2618 562 2636 ,
584 2599 704 2638 supra
731 2590 873 2627 Petrus
900 2588 1008 2627 Calo,

99 2649 295 2689 PETRUS
311 2649 545 2700 Apollonius
564 2649 761 2690 Callanus
777 2651 905 2702 Supra
926 2655 954 2690 t.
976 2652 1009 2689 1.

0 2732 1 2761 i
46 2723 134 2763 pag.
159 2713 250 2751 344.

100 2773 298 2813 PETRUS
337 2772 385 2812 de
415 2772 522 2813 Colle
566 2775 837 2821 Teutonicus,
874 2775 1010 2814 Ordin.

47 2836 184 2876 Minor.
214 2836 283 2886 qui
312 2835 490 2875 Concilio
528 2837 745 2876 Basileensi
790 2837 862 2875 An.
897 2838 1012 2876 4440.

49 2898 254 2946 interfuit,
279 2901 433 2937 etcum
460 2899 497 2936 in
523 2910 569 2937 eo
600 2900 724 2938 multa
755 2899 1013 2950 disputasset,

48 2959 221 3010 denique
251 2970 325 3010 pro
353 2961 589 3000 auctoritate
614 2962 776 3000 Concilii
798 2961 1012 3001 concludit.

48 3020 147 3060 Vide
176 3020 442 3060 Trithemium
472 3021 522 3060 de
552 3022 750 3062 sideribus
779 3024 1014 3062 Germaniae

49 3095 134 3135 cap.
166 3082 256 3123 177.
286 3086 327 3121 ct
355 3081 405 3121 dc
440 3084 701 3134 scriptoribus
746 3085 897 3124 Eccles.
929 3096 1013 3135 (zap.

51 3146 140 3186 791.
171 3146 236 3185 ubi
253 3149 293 3184 et
310 3144 575 3190 Quaestiones
599 3146 686 3195 ejus
712 3148 748 3185 in
777 3147 896 3185 libros
917 3149 1015 3186 Seu-

50 3209 280 3254 tentiarum,
302 3211 343 3245 et
360 3208 575 3246 Sermones
600 3210 697 3246 varii
730 3213 1015 3247 memorantur.

49 3270 127 3309 Nec
157 3270 268 3320 plura
300 3268 552 3319 Waddingus
582 3281 670 3321 pag.
705 3272 795 3310 179.

107 3347 140 3386 a)
166 3348 309 3379 Miraeus
336 3345 375 3377 od
405 3349 501 3377 nenr
528 3347 776 3381 (landavensem
802 3357 872 3389 cap.
891 3350 940 3381 -'3.
957 3351 1025 3380 Ou-

1988 235 2067 275 243

1156 306 1348 345 PETRUS
1377 305 1424 344 ‹Ie
1450 304 1705 346 columbario
1736 317 1883 358 supra,
1910 317 1947 356 p.
1974 307 2066 346 233.

1099 366 1245 406 Petrus
1276 368 1530 407 Bertrandus
1561 371 1578 404 J
1588 370 1714 408 unior.

1154 430 1347 468 PETRUS
1373 430 1575 469 comestor
1592 462 1601 478 ,
1629 442 1748 481 supra
1776 436 1804 468 t.
1827 432 1861 470 1.
1885 443 1922 481 ρ.
1948 429 2039 470 373.

1151 493 1345 531 PETRUS
1375 491 1421 530 (le
1452 492 1620 531 Condeto
1657 494 1883 531 Canonicus
1915 493 1951 530 in
1985 504 2067 531 mo·

1099 555 1272 591 nasterio
1320 555 1358 592 B.
1404 556 1546 592 Mariae
1575 554 1623 591 de
1659 555 1804 604 (lagia,
1835 553 2063 592 dioeceseos

1099 615 1311 653 Meldensis
1357 615 1470 653 Anno
1514 616 1630 653 1250.
1662 615 1764 653 idem
1798 616 1966 654 fortasse
1997 615 2066 665 qui

1099 676 1413 715 Archidiaconus
1455 677 1599 715 deinde
1647 678 1976 725 Svessionensis,
2025 680 2067 715 ct

1100 740 1216 790 Regis
1245 739 1484 777 Francorum
1516 739 1756 788 Capellanus
1778 740 1862 776 sivc
1884 739 2064 778 Clericus

1100 801 1173 839 An.
1206 800 1308 839 1294
1341 801 1457 839 1298.
1489 801 1587 850 Ejus
1633 800 1852 852 Epistolam
1880 801 1927 838 ad
1960 801 2065 839 Prio-

1099 874 1182 900 rem
1213 862 1262 900 de
1291 862 1520 913 Argentolio
1557 862 1680 901 edidit
1723 862 1940 901 Dacbcrius
1969 866 1996 899 t.
2027 862 2063 900 2.

1098 924 1287 974 spicilegii
1320 935 1355 973 p.
1388 925 1478 962 554.
1509 924 1614 973 (edit.
1647 933 1777 963 novae
1801 929 1828 962 t.
1852 925 1886 962 3.
1904 936 1940 974 p.
1959 924 2064 971 664.)

1150 987 1345 1025 PETRUS
1371 984 1494 1026 Croal
1516 986 1651 1025 Abbas
1678 987 1988 1033 Lemovicensis,
2012 998 2063 1025 ex·

1096 1048 1213 1098 cujus
1245 1047 1445 1088 Chronica
1473 1049 1514 1087 S.
1559 1047 1735 1087 Martini
1774 1048 2061 1086 Lemovicensz's

1095 1111 1142 1149 ad
1173 1110 1246 1150 An.
1281 1111 1394 1148 1266.
1427 1110 1618 1148 nonnulla
1649 1110 1832 1160 producit
1870 1110 2058 1148 Baluzius

1096 1177 1191 1210 tom.
1222 1172 1284 1209 Vl.
1315 1173 1423 1209 Misc.
1453 1182 1540 1221 pag.
1573 1171 1663 1209 369.
1695 1172 1786 1210 370.

1145 1234 1342 1271 PETRUS
1372 1232 1419 1270 de
1450 1231 1658 1281 Corbolio,
1690 1234 1848 1271 Parisiis
1890 1233 2058 1271 Theolo-

1091 1296 1195 1344 giam
1226 1293 1386 1341 docuit,
1417 1294 1482 1332 ubi
1514 1295 1617 1331 inter
1646 1294 1848 1332 auditores
1873 1306 1969 1334 suos
1990 1294 2060 1332 ha-

1091 1356 1175 1394 buit
1204 1356 1241 1404 a)
1271 1355 1500 1394 Lotharium
1537 1354 1790 1405 Anagnium,
1816 1358 1883 1405 qui
1922 1361 2061 1406 postea

1090 1418 1351 1455 Innocentius
1393 1416 1460 1454 111.
1506 1418 1633 1466 Papa:
1671 1418 1731 1454 Ex
1775 1419 1985 1455 Parisiensi
2017 1419 2058 1455 B.

1089 1479 1232 1517 Mariae
1259 1479 1459 1517 Canonico
1484 1482 1524 1515 et
1549 1477 1756 1526 designato
1778 1478 2056 1516 Cameracensi

1091 1542 1312 1591 Episcopo,
1344 1539 1435 1577 inde
1465 1540 1570 1577 circa
1601 1539 1676 1575 An.
1712 1539 1824 1576 1200.
1854 1539 2057 1588 Archiepi—

1091 1613 1239 1653 scopus
1270 1603 1544 1648 Senonensis,
1574 1601 1680 1638 diem
1713 1600 1808 1638 obiit
1839 1601 1914 1638 An.
1947 1601 2064 1639 1222.

1094 1665 1226 1702 Totum
1245 1662 1474 1715 Apostolum
1493 1663 1579 1700 sive
1597 1673 1738 1700 omnes
1756 1662 1934 1712 Apostoli
1955 1663 2064 1702 Pauli

1091 1727 1294 1776 Epistolas
1338 1724 1530 1775 emposuit
1573 1722 1775 1762 subtiliter
1805 1728 1842 1762 el
1882 1724 2065 1774 copiose,

1089 1787 1278 1839 appositis
1308 1788 1378 1826 SS.
1427 1789 1595 1824 Pati-um
1626 1786 1829 1824 sententiis
1860 1785 1954 1824 locis
1983 1786 2065 1824 sin-

1086 1849 1193 1900 yulis
1237 1846 1587 1894 convenientibus,
1622 1852 1665 1886 ut
1708 1850 1827 1886 testis
1874 1849 2067 1886 Henricus

1087 1911 1367 1950 (landavensis
1399 1922 1487 1960 cap.
1519 1911 1584 1948 33.
1634 1911 1764 1948 Etiam
1808 1911 2066 1959 Manuscripti

1087 1974 1271 2012 feruntur
1294 1974 1330 2009 in
1355 1972 1477 2010 variis
1498 1971 1648 2009 Galliae
1680 1971 1933 2009 Bibliothecis
1951 1972 2067 2009 Com-

1089 2035 1272 2073 mentarii
1298 2033 1388 2084 ejus
1410 2033 1450 2072 in
1474 2032 1734 2079 Psalterlwn,
1753 2040 1789 2071 el
1809 2033 2067 2082 Quaestz'ones

1085 2096 1298 2136 Scholares
1342 2108 1392 2134 ex
1436 2096 1587 2145 quibus
1631 2096 1763 2144 aliqua
1809 2096 1963 2144 profert
2006 2095 2064 2132 lo.

1086 2158 1291 2209 Launojus
1323 2157 1372 2196 de
1405 2157 1555 2195 scholis
1585 2156 1874 2195 celebrioribus
1905 2168 1942 2206 p.
1973 2156 2065 2195 229.

1083 2225 1123 2258 ct
1152 2220 1202 2258 de
1232 2221 1422 2258 unctione
1455 2218 1710 2256 infirmorum
1744 2229 1835 2267 pag.
1866 2217 1918 2255 26

1136 2283 1322 2332 Magister
1353 2280 1547 2318 PETRUS
1594 2277 1640 2316 de
1688 2276 1916 2317 Coi-builli.
1958 2279 2062 2329 apud

1082 2344 1310 2382 Albericum
1342 2353 1430 2391 pag.
1459 2340 1550 2379 1215.
1582 2341 1754 2388 (rectius
1783 2339 1831 2376 de
1864 2337 2057 2378 Corbnillz.

1083 2418 1108 2456 p
1153 2405 1259 2452 419.)
1291 2403 1356 2442 vir
1387 2414 1459 2441 suo
1491 2405 1664 2453 tempore
1702 2401 2060 2447 nominatissimus,

1084 2467 1192 2505 idem
1223 2477 1316 2504 curn
1349 2466 1555 2516 superiore.
1576 2493 1584 2509 ,
1615 2465 1682 2513 qui
1715 2463 1891 2500 Tbomuc
1929 2462 2063 2500 Canti-

1084 2533 1249 2579 pratano
1279 2527 1429 2565 dicitur
1447 2527 1496 2565 M.
1526 2525 1674 2563 Petrus
1699 2524 1746 2562 (le
1770 2522 1949 2562 Coi-boel.
1969 2525 2061 2561 Vin-

1085 2591 1216 2627 centio
1248 2588 1522 2627 Bellovacensi
1553 2587 1618 2625 vir
1662 2584 1966 2624 inaestimabilis
1998 2584 2060 2622 lit-

1088 2655 1308 2690 teraturae.

1138 2713 1335 2751 PETRUS
1375 2709 1570 2750 Cor-sinus
1619 2711 1708 2747 sive
1750 2708 1796 2746 de
1847 2708 2056 2756 Cor-sinis,

1084 2777 1344 2815 Decretorum
1379 2775 1522 2811 Doctor
1553 2777 1592 2809 et
1618 2783 1664 2809 ex
1691 2771 1947 2809 Volaterrano
1974 2771 2058 2808 Flo-

1087 2838 1270 2875 rentinus
1300 2836 1410 2874 urbis
1446 2835 1596 2873 Patriae
1630 2834 1680 2871 ab
1711 2832 1784 2871 An.
1819 2833 1932 2871 1361.
1963 2833 2058 2882 Epi-

1088 2909 1233 2950 scopus
1262 2902 1302 2936 ct
1332 2896 1554 2936 Cardinalis
1587 2895 1817 2933 l'ortuensis
1849 2905 1893 2933 ac
1919 2894 1958 2932 S.
1981 2895 2058 2931 Ru-

1091 2962 1222 3009 linae,
1252 2961 1321 3010 qui
1358 2970 1449 2998 cum
1491 2959 1701 2996 Clemente
1740 2957 1817 2993 Vll.
1849 2957 2056 3005 anti-Papa

1089 3025 1181 3062 fecit
1209 3027 1346 3061 contra
1396 3020 1595 3059 Urbanum
1640 3019 1702 3057 Vl.
1744 3018 1932 3067 diemque
1961 3018 2057 3055 obiit

1090 3091 1163 3124 An.
1199 3084 1315 3123 4405.
1350 3083 1445 3121 Vide.
1478 3082 1682 3120 Baluzium
1715 3079 1762 3117 ad
1797 3081 1922 3129 l‘upas
1952 3080 2057 3117 Ave—

1092 3150 1306 3185 nionenses
1336 3149 1427 3182 tom.
1464 3146 1497 3181 1.
1530 3154 1616 3192 pag.
1652 3141 1766 3180 101-0.
1798 3152 1884 3190 seq.
1907 3145 1946 3177 et
1970 3141 2058 3178 Dia—

1092 3210 1191 3246 rium
1223 3206 1469 3244 eruditorum
1507 3204 1640 3241 ltaliae
1673 3208 1754 3240 loni
1803 3203 1868 3240 lx.
1891 3214 1938 3252 P·
1972 3203 2053 3239 117.

1093 3271 1250 3308 l'rueter
1293 3265 1492 3316 Epistulas
1523 3278 1570 3303 ex
1618 3265 1766 3314 quibus
1812 3264 1975 3302 brevem
2008 3264 2054 3301 ael

1089 3348 1186 3378 dinus
1213 3349 1294 3376 tom.
1319 3345 1338 3375 5
1359 3352 1431 3384 pag.
1450 3344 1500 3375 55.
