2517 4009
926 215 1316 258 ROGEBIUS

119 283 300 335 Virymis.
332 281 500 321 Balaeus
529 282 694 321 Centur.
720 284 786 322 111.
815 285 879 324 23.
912 286 1069 325 Pitseus

30 370 31 374 =
112 357 145 384 c.
189 345 282 385 250.
322 345 382 383 Jo.
427 342 566 382 Prince
606 344 818 389 Danmonii.
858 347 1073 387 orientales

110 407 286 446 illustres
316 416 402 456 pag.
433 405 522 444 438.

161 466 442 514 ROGERIUS,
488 468 691 517 Royyerus
732 474 769 508 el
813 471 1038 521 Ruotyerus
1063 503 1072 518 ,

111 526 354 569 Colom'ensis
376 527 423 566 ad
468 528 507 567 S.
556 530 835 570 pantaleonem
883 543 1074 572 monacus

109 595 175 637 ct,
219 593 262 628 ut
308 589 528 628 Leibnitius
586 597 842 642 auguratur,
889 595 1074 643 Magister

109 650 490 696 Scholarum‚vixit
507 661 541 689 a.
560 652 637 689 970
677 657 717 691 et
746 655 908 704 scripsit
943 654 1074 693 Vitam

106 711 306 751 Brunonis
332 709 634 763 Archiepiscopi
649 713 921 762 Coloniensis,
948 727 968 754 a
999 716 1074 755 Su-

105 775 162 812 rio
190 773 229 812 d.
259 775 300 812 44
339 773 550 821 Octobris,
597 775 851 815 emendatius
896 788 989 815 vero
1034 783 1074 816 ot

103 835 262 886 plenius
290 845 339 873 ex
385 835 529 874 Codice
571 837 886 888 Guelferbytano
911 850 931 876 a
963 840 1075 877 Leib-

104 896 201 935 nitio
229 900 336 935 tomo
368 897 396 935 Ι.
427 897 674 947 Scriptorum
712 900 1071 939 Brunsvicensium

103 957 267 997 editam.
296 958 533 1008 Sigebertus
557 959 860 999 Gemblacensis
890 961 938 999 de
971 962 1077 1000 Scriz

101 1024 202 1070 ptor.
246 1020 399 1059 Eccles.
442 1031 475 1058 c.
519 1021 608 1060 430.
640 1021 884 1060 Trithemius
913 1034 946 1061 c.
981 1023 1070 1062 327.

101 1082 344 1120 Possevinus
387 1085 494 1120 tomo
526 1083 571 1121 ll.
602 1082 832 1133 Apparatus
862 1095 948 1135 pag.
981 1086 1072 1124 350.

102 1143 210 1182 Duos
238 1153 287 1181 ex
317 1154 398 1182 uno
428 1143 579 1182 faciunt
622 1144 789 1183 Vossius
819 1144 867 1182 de
909 1146 1072 1183 Histori-

98 1204 158 1241 cis
171 1203 344 1250 Latinis,
362 1208 403 1242 et
418 1202 603 1243 Oudinus
621 1209 728 1242 tomo
745 1206 790 1243 11.
813 1217 849 1255 p.
869 1206 957 1244 465.
977 1206 1068 1244 462.

98 1274 268 1314 quorum
312 1264 416 1302 alter
460 1264 593 1303 Abbas
634 1266 823 1304 Coenobii
867 1266 916 1316 de
941 1267 1070 1305 Cruce

94 1325 134 1364 S.
163 1324 337 1363 Leufridi
368 1325 405 1362 in
435 1327 710 1374 Normannia,
740 1326 892 1365 ordinis
923 1329 1071 1366 Cister-

95 1386 267 1434 elensis,
298 1386 445 1425 fuerit?
478 1391 521 1426 ut
550 1389 710 1438 opinor,
758 1390 892 1427 minus
923 1394 1044 1427 rect-c.

143 1447 400 1487 ROGERIUS
432 1448 705 1500 Computista,
735 1450 957 1489 monachus
989 1451 1070 1489 An-

92 1510 207 1560 glus‚
250 1508 402 1548 ordinis
443 1510 483 1549 S.
535 1510 739 1550 Benedicti
785 1513 823 1549 in
878 1511 1070 1549 coenobio

92 1571 276 1610 Buriensi
301 1572 529 1611 Comitatus
554 1573 838 1619 Suffolcensis,
864 1577 905 1610 et
929 1577 1068 1623 postea

91 1633 201 1672 Prior
219 1663 228 1681 ‚
257 1633 362 1672 circa
392 1645 414 1672 a
446 1634 560 1672 4360.
594 1635 763 1684 Scripsit
783 1634 1067 1685 Eoepositiones

88 1692 377 1734 vocabulorum
422 1694 546 1734 locius
583 1693 759 1746 Bibliae,
800 1695 987 1736 Postillas
1028 1696 1068 1735 in

89 1755 342 1807 Evanqelia,
366 1755 414 1796 de
447 1757 859 1797 eaecommunicatione
884 1759 1038 1810 majore
1055 1790 1065 1805 ‚

89 1817 398 1857 Constitutiones
425 1819 755 1859 Cantuarienses.
774 1821 944 1860 Balaeus
965 1822 1067 1860 Cen-

90 1883 168 1918 tur.
201 1881 263 1919 V1.
298 1881 362 1920 46.
392 1881 548 1919 Pitseus
577 1893 609 1920 c.
643 1882 732 1920 393.

137 1941 376 1982 ROGERUS
402 1941 621 1990 coaevitas,
650 1943 741 1982 vide
766 1954 889 1994 supra
915 1947 1010 1981 tom.
1035 1944 1061 1981 I.

83 2015 176 2055 pag.
208 2002 300 2043 378.
332 2005 388 2043 De
433 2009 709 2043 controversia
747 2005 797 2044 ibi
843 2008 1062 2045 memorata

81 2064 184 2104 adde
212 2066 325 2104 Joan.
357 2065 519 2115 Launoji
550 2066 820 2105 Traditionem
850 2065 1059 2105 Ecclesiae

84 2126 324 2177 explicatam
370 2126 420 2165 de
462 2128 655 2176 Canonc‚
686 2128 812 2165 omnis
842 2128 1058 2177 utriusque

83 2196 234 2236 semus,
257 2199 291 2227 c.
318 2188 354 2227 6.
386 2193 482 2227 tom.
514 2189 542 2227 Ι.
567 2189 743 2239 Operum
777 2201 812 2238 p.
844 2187 937 2226 274.
966 2188 1056 2226 280.

84 2248 234 2288 Confer
263 2249 473 2288 Willot-um
507 2261 542 2300 p.
575 2250 668 2288 348.

140 2309 377 2348 ROGERUS
397 2310 574 2358 Cowton,
595 2322 632 2349 V.
651 2322 771 2362 supra
790 2316 819 2349 t..
838 2312 867 2350 Ι.
890 2322 924 2361 p.
950 2311 1043 2350 399.

137 2369 370 2409 ROGERUS
426 2370 762 2422 Croylandensis,
808 2372 1031 2411 monachus
1049 2400 1058 2409 .

88 2433 228 2483 postea
257 2432 368 2471 Prior
396 2432 584 2470 coenobii·
604 2434 894 2471 Frisconiensis
918 2435 957 2471 in
986 2433 1060 2472 Co-

83 2496 227 2534 mitatu
261 2493 529 2532 Lincolniensi
560 2494 663 2532 circa
688 2505 722 2531 a.
751 2494 866 2532 4244.
893 2494 1059 2543 Scripsit

86 2555 134 2595 de
153 2556 239 2595 vita
262 2556 304 2595 S.
334 2553 501 2593 Thomae
527 2554 834 2594 Contuccriensis
867 2553 932 2593 lib.
976 2555 1058 2593 VII.

82 2617 188 2658 etde
209 2615 382 2670 epistolis
409 2617 497 2668 ejus
519 2614 583 2654 lib.
610 2616 640 2654 Ι.
664 2616 865 2654 Lelandus
894 2629 926 2654 c.
962 2617 1051 2654 494.

85 2680 255 2719 Balneus
299 2678 416 2718 Cent.
462 2678 528 2717 llI.
575 2678 636 2716 69.
684 2679 841 2716 Pitseus
887 2689 921 2716 c.
967 2679 1056 2716 303.

81 2739 267 2782 Oudinus
297 2743 406 2778 tomo
437 2740 502 2778 lll.
534 2751 570 2790 p.
605 2739 669 2778 47.

136 2801 393 2842 ROGERIUS
423 2800 619 2848 Declztus,
651 2802 882 2839 monasterii
903 2801 1059 2839 Viconi-

83 2864 194 2902 ensis
225 2864 266 2901 in
291 2864 503 2902 Hannonia
522 2862 619 2901 Ord.
644 2862 1058 2901 praemonstratensis

83 2924 337 2971 canonicus,
368 2924 474 2962 circa
503 2934 537 2961 a.
570 2923 685 2962 4384.
711 2923 879 2973 Scripsit
901 2923 1060 2962 Sermo—

82 2995 150 3024 nes
164 2983 368 3037 plurimos
396 2984 437 3022 in
457 2983 627 3035 Synodis
664 2987 702 3022 ec
725 2981 921 3034 Capitulis
946 2981 1059 3021 habi-

6 3049 11 3058 ·
84 3049 169 3094 tos,
217 3044 542 3084 Commentarios
590 3045 630 3082 in
672 3045 746 3083 Jus
799 3043 1056 3083 Canonicum.

81 3106 244 3147 Swertii
279 3105 463 3144 Athenae
495 3107 678 3156 Belgicae
709 3119 747 3156 p.
777 3105 868 3144 666.

139 3167 376 3208 ROGERUS
393 3167 528 3206 Dimoc
544 3198 553 3214 ‚
575 3179 613 3205 v.
630 3178 751 3218 supra
782 3173 810 3205 t.
843 3168 888 3205 ll.
909 3179 946 3218 p.
965 3168 1054 3206 445.

138 3228 397 3275 ROGERUS,
429 3228 765 3279 Archiepiscopus
791 3227 1054 3267 Eboracensis

86 3304 164 3332 sec.
195 3291 285 3330 xli.
313 3291 361 3329 ab
400 3302 435 3328 a.
484 3290 723 3329 4454-2472.
765 3292 925 3340 Scripsit
968 3291 1054 3339 Epi-

2054 229 2131 267 417

1151 289 1295 328 stolam
1342 291 1388 329 ad
1428 291 1673 343 llugonem,
1718 295 1959 346 Episcopum
1987 299 2132 338 Dunel-

1152 361 1334 401 mensem
1358 382 1366 400 ‚
1397 364 1469 392 nec
1497 366 1573 392 non
1601 356 1803 395 Decanum
1832 362 1874 396 et
1900 359 2130 410 Capitulum

1148 410 1432 458 Eboracense‚
1454 427 1557 464 quae
1589 415 1759 456 habetur
1792 420 1898 457 inter
1930 420 2130 470 Epistulas

1147 471 1314 511 Joannis
1360 475 1678 515 saresberiensis
1723 491 1758 529 p.
1805 480 1897 519 288.
1944 481 2042 521 Vide
2077 483 2127 522 de

1152 534 1235 583 ipso
1266 534 1446 585 Angliam
1490 538 1652 577 Sacram
1685 545 1776 579 tom.
1813 542 1839 580 Ι.
1874 554 1909 592 p.
1939 542 2000 582 72.
2035 545 2124 584 464.

1203 595 1439 636 ROGERUS
1471 598 1708 648 Fordanus,
1737 602 1827 640 vide
1861 609 1887 641 t.
1914 604 1946 642 ΙΙ
1964 617 2000 655 p.
2019 607 2110 645 584.

1200 657 1485 707 ROGERIUS,
1511 663 1597 699 sivo
1629 664 1862 713 Ruyyerus,
1909 665 2127 707 Fuldensis

1150 719 1374 758 monachus
1403 722 1506 760 circa
1537 733 1573 760 3.
1610 725 1725 763 4456.
1753 726 1860 765 Vitas
1895 728 2122 779 Martyrum

1148 790 1220 817 sex
1252 781 1526 821 voluminibus
1570 784 1808 836 descripsit,
1840 800 1942 837 quae
1983 791 2020 827 in
2065 790 2124 828 bi-

1147 842 1344 881 bliotheca
1392 844 1578 883 Fuldensi
1620 850 1819 886 asservari
1851 853 2025 889 testatur
2047 851 2122 890 Ge-

1148 905 1283 954 orgius
1308 905 1491 944 Wiellius
1523 910 1559 944 ir:
1608 908 1852 958 praefatione
1897 912 2122 963 Hagiologii.

1149 965 1314 1004 Vossius
1343 965 1392 1004 de
1424 965 1572 1006 Histor.
1607 970 1758 1008 Latinis
1789 982 1824 1020 p.
1872 971 1964 1010 434.
2004 973 2122 1013 Aliud

1147 1027 1354 1077 exemplar
1383 1029 1510 1068 oculis
1541 1033 1751 1081 usurpavit
1779 1031 2115 1084 Oudinus,quem

1146 1088 1238 1126 vide
1269 1094 1300 1127 t.
1324 1090 1370 1128 11.
1402 1102 1439 1140 p.
1473 1090 1591 1130 4423.
1623 1103 1682 1143 sq.

1201 1149 1434 1190 ROGERUS
1457 1151 1647 1201 Glacton7
1671 1153 1826 1204 Anglus
1844 1167 1891 1193 ex
1918 1158 2122 1198 comitatu

1144 1210 2121 1268 liuntingtonensi,ord.eremitarumAugustinia-

1145 1281 1285 1309 norum
1332 1274 1552 1312 monachus
1599 1285 1638 1314 et
1670 1276 1832 1315 tandem
1851 1279 2119 1327 Provincialis,

1145 1330 1385 1382 Theologiae
1431 1334 1575 1373 Ductor
1623 1335 1987 1387 Cantabrigiensis,
2016 1342 2120 1379 circa

1144 1401 1177 1428 a.
1209 1392 1313 1429 4340
1355 1393 1526 1444 Scripsit
1557 1396 1760 1446 Epistolas
1779 1408 1935 1446 sacras,
1960 1402 2119 1440 Sermo-

1144 1461 1238 1500 nes,
1271 1452 1480 1498 Lecturus,
1510 1456 1778 1504 Quaestiones.
1817 1460 1986 1499 Balaeus
2014 1461 2119 1500 Cen-

1144 1518 1222 1551 tur.
1254 1514 1297 1552 V.
1331 1515 1393 1553 45.
1424 1516 1584 1555 Pitseus
1613 1528 1646 1555 c.
1677 1518 1769 1556 524.
1813 1519 2034 1560 Gandolfus
2064 1522 2114 1560 de

1144 1573 1331 1612 ducentis
1361 1577 1622 1627 scriptoribus
1653 1589 1690 1628 p.
1721 1580 1812 1618 342.
1833 1581 1928 1619 Phil.
1953 1582 2111 1622 Elssius

1144 1635 1182 1672 in
1214 1636 1508 1676 Encomiastico
1537 1639 1832 1689 Augustiniano
1862 1654 1898 1692 p.
1929 1642 2019 1681 642.

1197 1697 1436 1737 ROGERUS
1506 1700 1860 1752 Herefordiensis,
1926 1704 2111 1755 Anglus,

1143 1757 1420 1810 Cantabrigiae
1447 1761 1572 1800 literis
1599 1763 1792 1811 incubuit,
1808 1765 2112 1806 Mathematicus

1141 1823 1180 1856 et
1213 1819 1393 1859 Phisicus
1423 1832 1496 1861 suo
1545 1828 1725 1873 tempore
1774 1827 1953 1877 insignis.
2006 1829 2113 1867 Vixit

1139 1882 1243 1920 circa
1272 1893 1307 1921 a.
1340 1883 1455 1921 4470.
1502 1885 1670 1935 Scripsit
1710 1886 1750 1924 in
1784 1891 1913 1926 artem
1934 1888 2111 1938 judicia—

1140 1942 1267 1990 riam,
1312 1942 1543 1984 Theoi-ecam
1582 1946 1874 1998 planetarum,
1923 1948 2111 1989 collecta-

1136 2014 1252 2042 neum
1295 2016 1496 2045 annorum
1537 2006 1827 2058 planetarum,
1852 2009 1898 2049 de
1935 2015 2026 2049 ortu
2074 2017 2111 2050 et

1135 2075 1280 2105 occasu
1301 2067 1505 2117 siqnorum
1529 2099 1537 2115 ,
1563 2068 1610 2107 de
1633 2068 1754 2110 rebus
1779 2071 1997 2119 metallicis,
2025 2073 2109 2112 Esc-

1126 2126 1341 2176 positiones
1366 2129 1406 2166 in
1429 2129 1674 2182 Alphidium.
1719 2132 1918 2172 Lelandus
1949 2145 1982 2172 c.
2014 2135 2104 2174 240.

1134 2187 1222 2226 500.
1249 2190 1417 2228 Balaeus
1442 2191 1557 2230 Cent.
1590 2192 1653 2230 111.
1681 2193 1744 2232 43.
1770 2195 1928 2233 Pitscus
1952 2206 1984 2233 c.
2012 2196 2104 2235 238.

1185 2248 1437 2289 ROGERlUS
1481 2251 1730 2301 Hwedenus,
1778 2254 1871 2292 vide
1911 2265 2031 2305 supra
2079 2263 2104 2295 t.

1135 2310 1199 2347 111.
1234 2321 1321 2360 pag.
1353 2311 1447 2349 262.

1188 2370 1443 2412 ROGERIUS
1472 2373 1642 2422 Iunius,
1669 2374 1834 2425 Anglice
1871 2377 1972 2426 Yonq
1994 2407 2004 2423 ‚
2037 2377 2102 2415 In-

1130 2430 1281 2482 fantem
1312 2428 1438 2473 vocat'
1458 2434 1656 2474 Lelandus
1685 2445 1718 2473 c.
1765 2436 1854 2483 399,
1886 2437 2104 2477 Mathema-

1134 2494 1238 2532 ticus
1266 2495 1444 2545 Augilis,
1473 2495 1582 2534 dedit
1625 2496 1768 2534 librum
1814 2495 1861 2535 de
1899 2497 2102 2549 Computa.

1132 2555 1295 2603 Reliqua
1327 2557 1404 2594 illis
1433 2557 1563 2595 adhuc
1594 2557 1731 2595 latent.
1777 2558 1944 2598 Balaeus
1984 2561 2098 2600 Cent.

1133 2616 1181 2653 X.
1213 2617 1274 2653 88.
1300 2618 1456 2655 Pitseus
1486 2617 1666 2667 Append.
1699 2620 1813 2657 Cent.
1845 2621 1906 2658 lV.
1937 2622 2001 2659 23.

1188 2676 1420 2716 ROGERUS
1451 2678 1635 2721 [venius.
1655 2679 1717 2716 vel
1748 2678 1794 2717 de
1818 2680 1858 2719 S.
1890 2681 2020 2728 Ivone,
2050 2683 2099 2721 ab

1133 2737 1274 2787 oppido
1304 2739 1527 2778 Comitatus
1557 2740 1940 2791 liuntingdoniensis
1962 2744 1998 2780 in
2020 2744 2099 2781 An-

1133 2799 1209 2849 glia
1234 2800 1290 2837 sic
1319 2799 1467 2848 dictus,
1506 2802 1578 2840 fuit
1613 2801 1824 2850 Monacus,
1855 2803 1924 2842 sed
1965 2806 2097 2844 nescio

1134 2860 1252 2912 cujus
1280 2861 1445 2910 ordinis,
1469 2864 1573 2902 circa
1603 2874 1637 2901 a.
1669 2865 1785 2903 4440.
1818 2865 1985 2915 Scripsit
2009 2876 2097 2904 con-

1133 2925 1199 2960 tra
1236 2923 1423 2962 Ioannem
1449 2923 1671 2973 Ostiensem,
1702 2928 1769 2975 qui
1807 2927 2027 2965 Lolhardus
2056 2933 2096 2966 et

1133 2983 1358 3024 hacreticus
1388 2990 1483 3024 tunc
1522 2985 1785 3033 credebatur,
1828 2992 1869 3025 et
1906 2987 2096 3027 Lecturus

1131 3044 1408 3085 scholasticas.
1437 3047 1603 3086 Balaeus
1632 3048 1795 3087 Centur.
1828 3049 1894 3087 XI.
1926 3049 1989 3088 73.
2018 3050 2096 3088 Pit-

1133 3116 1227 3145 seus
1258 3118 1292 3145 c.
1335 3107 1426 3145 779.
1469 3108 1564 3146 Phil.
1611 3109 1725 3148 Elssii
1773 3110 2091 3150 Encomiasticon

1130 3168 1466 3217 Augustinianum
1500 3181 1536 3219 p.
1568 3170 1659 3208 640.

1185 3229 1438 3268 ROGERlUS
1495 3231 1718 3281 Mayister.
1773 3235 1859 3272 sive
1904 3235 2092 3284 Μαριέων·

1133 3291 1396 3339 ltOGERlUS,
1432 3291 1658 3342 ilungaros,
1691 3295 1954 3343 Varadwnsis,
1985 3296 2089 3343 ejus·

1718 3376 1787 3412 2⁰5
