2533 4009
437 172 513 207 492
963 152 972 157 “
1278 153 1303 188 s
1328 154 1340 188 1
1361 155 1395 189 x
1421 154 1448 188 'r
1475 152 1504 188 υ
1529 151 1555 188 s

435 240 611 276 sodalitii
632 234 888 272 Franciscmii
912 240 947 275 p.
971 227 1060 262 325.
1086 226 1247 269 Hippol.
1271 224 1376 258 Mar-

433 301 550 336 raccii
582 298 678 332 Bibl.
722 293 944 328 Marianam
982 289 1094 322 tomo
1130 285 1178 319 11.
1212 295 1248 330 p.
1281 283 1371 319 372.

437 363 599 396 Ba‘lium
632 360 671 392 in
702 354 863 390 Lexico.

512 424 525 437 ’
541 422 583 455 ln
599 418 839 454 collectione
863 411 1252 458 scriptiuncuiarum
1270 416 1373 453 qua-

433 479 810 518 rundameditarum
835 475 919 520 legi
944 470 1243 510 exortationem
1268 466 1375 503 Sixti

435 545 545 587 Papa*
577 541 641 575 [V.
672 539 722 574 ad
751 546 892 574 omnes
927 536 1144 582 principes,
1184 532 1230 566 ut
1266 529 1375 565 facta

430 603 610 648 generali
640 601 788 635 unione
813 597 1010 634 resistant
1036 596 1259 630 Turoni-um
1281 591 1374 636 regi

426 666 510 708 jum
541 663 696 707 Apuliae
728 670 820 696 oras
852 661 1056 704 ingresso,
1100 656 1205 691 Data
1234 656 1374 690 Romae

436 726 544 760 1487.
596 724 716 758 Sexto
759 722 799 757 id
835 722 989 767 Aprilis
1029 719 1178 755 Pontis.
1219 727 1283 754 an.
1326 717 1374 751 X.

433 790 627 831 impressa
669 795 737 830 per
779 784 1092 820 Bartolomaeum
1133 779 1375 816 Culdimbek

427 850 473 883 de
506 848 628 882 sultz.
659 848 741 883 Has
771 848 881 892 ipsas
916 846 1059 881 literas
1080 853 1101 879 e
1125 843 1203 878 MS.
1227 841 1374 877 Codice

436 921 477 946 se
501 912 675 956 primum
697 912 916 955 evulgasse
930 908 1156 945 arbitratus
1178 906 1241 942 est
1265 905 1376 948 Ray-

439 974 584 1008 ualdus
615 974 687 1008 Ad.
712 982 774 1007 an.
801 972 897 1007 1481
924 982 960 1017 p.
984 970 1048 1007 23.
1070 979 1145 1005 nec
1166 969 1236 1004 ille
1265 965 1378 1002 dedit

432 1036 630 1080 integras.

510 1097 656 1133 Paulus
687 1097 734 1132 de
767 1096 1031 1140 Middeburgo
1062 1095 1130 1130 lib.
1155 1092 1209 1128 VI
1230 1092 1278 1128 de
1309 1091 1374 1127 die

434 1160 637 1203 passionis
680 1159 835 1195 Christi
877 1158 1074 1194 adversus
1125 1154 1291 1190 Petrum
1331 1154 1380 1189 de

432 1221 531 1255 Rivo
562 1221 857 1256 Lovaniensem
890 1219 1145 1264 Theologum
1198 1216 1380 1252 scribens

434 1283 619 1318 meminit
639 1284 772 1328 operis
805 1283 1016 1318 cuiusdam
1041 1281 1087 1317 cle
1099 1279 1273 1326 saturis
1288 1286 1382 1314 coa-

436 1345 700 1390 !iuyenct'bus,
731 1345 836 1389 quod
864 1344 1039 1380 confecit
1071 1343 1213 1378 Sixtus
1243 1340 1310 1375 IV.
1332 1341 1383 1376 ad

436 1405 509 1441 huc
550 1407 656 1442 inter
699 1406 940 1442 Cardinnles
981 1413 1145 1440 merens
1186 1403 1385 1438 adversus

435 1468 622 1504 eumdem
655 1468 819 1503 Petrum
850 1467 905 1504 De
930 1468 1033 1502 Rivo
1067 1464 1386 1501 contendentem

438 1530 568 1566 sutura
600 1530 885 1576 contingentia
914 1528 1018 1565 nihil
1046 1527 1168 1563 certae
1201 1526 1388 1563 veritatis

439 1590 619 1625 obtinere
651 1591 744 1626 ante
776 1599 895 1626 suum
925 1590 1135 1625 eventum.

522 1653 707 1689 SlX'l‘L'S
746 1653 1044 1697 Illecminatus,
1087 1652 1246 1696 Ligur,
1299 1650 1391 1687 Ord.

443 1715 752 1751 praedicatorum
783 1724 861 1751 sec.
892 1715 978 1749 XV.
1022 1713 1188 1760 scripsit
1223 1712 1394 1749 Libram

441 1778 487 1813 «le
518 1777 690 1814 Musica.
736 1779 818 1814 Jac.
852 1778 990 1821 Quetif
1025 1779 1074 1814 de
1116 1777 1392 1822 scriptoribus

440 1839 530 1875 Ord.
562 1841 879 1877 Praedicatorum
909 1841 1009 1877 tom.
1042 1841 1071 1876 Ι.
1104 1851 1140 1886 p.
1173 1840 1264 1876 905.

523 1904 855 1947 SMARAGDUS,
898 1905 1059 1949 plenius
1088 1903 1231 1938 ARDO
1263 1903 1388 1938 SMA-

444 1965 667 2009 RAGDL'S,
700 1967 915 2011 presbyter
944 1966 985 2002 et
1008 1966 1229 2001 monachus
1251 1975 1393 2001 mona-

444 2028 557 2062 sterii
576 2029 758 2071 anianae,
780 2027 1273 2073 dioec.)1agalonensisi11
1296 2027 1395 2063 Gal-

446 2089 498 2123 lia
538 2089 804 2133 Narbonensi,
846 2089 948 2125 obiit
989 2099 1023 2124 a.
1069 2088 1157 2123 843.
1202 2088 1243 2124 et
1286 2089 1393 2123 inter

447 2150 614 2183 sanctos
657 2150 779 2184 Nonis
822 2150 954 2185 Martii
994 2151 1152 2185 colitur.
1198 2149 1394 2196 Elogium

443 2212 530 2245 eius
559 2211 678 2246 breve
701 2211 813 2246 dedit
837 2211 1094 2247 Mabillonius
1120 2212 1204 2247 Sec.
1228 2211 1293 2246 IV.
1317 2211 1395 2247 Be-

444 2272 646 2307 nedictino
678 2273 779 2317 part.
811 2273 847 2307 2.
880 2284 916 2318 p.
949 2272 1038 2309 589.

525 2335 698 2379 Scripsit
736 2335 867 2371 Vitam
900 2335 942 2372 S.
967 2337 1199 2382 Benedicti,
1222 2337 1394 2374 Abbatis

448 2396 607 2431 Ariana}
637 2398 678 2432 et
705 2397 819 2433 Judze
852 2399 892 2434 in
922 2398 1103 2444 Belgica,
1124 2400 1280 2436 editam
1302 2401 1396 2435 stilo

449 2467 664 2503 parumper
685 2459 917 2505 immutato,
940 2462 990 2496 ab
1012 2462 1184 2507 Hugone
1204 2462 1394 2497 Menai-<lo

445 2520 511 2554 lib.
543 2520 578 2554 2.
610 2521 943 2557 observationum
975 2523 1024 2557 ad
1045 2523 1391 2569 Martyrolog·ium

447 2579 766 2627 Benedictinum,
798 2584 937 2628 postea
967 2584 1144 2630 planius,
1164 2586 1206 2620 et
1227 2585 1394 2621 servata

448 2640 583 2685 phrasi
607 2644 868 2689 primigenia,
896 2646 989 2682 ante
1023 2646 1289 2683 Concordiam
1317 2648 1396 2682 Re-

446 2704 633 2746 gularum
667 2705 704 2740 S.
728 2705 957 2742 Benedicti:
982 2717 1098 2753 porro
1120 2718 1143 2743 a
1163 2708 1260 2744 God.
1283 2709 1393 2744 Hen-

446 2763 608 2800 sehenio
649 2767 689 2800 in
733 2768 844 2803 Actis
897 2768 1137 2805 Sanctorum
1184 2770 1283 2806 tom.
1336 2770 1388 2805 II.

450 2823 561 2861 Febr.
594 2837 629 2872 p.
663 2827 750 2863 610.
793 2829 958 2866 tandem
1000 2839 1023 2865 a
1062 2831 1120 2865 Jo.
1159 2831 1392 2868 Mabillonio

448 2886 585 2923 Seculo
618 2888 681 2923 IV.
715 2890 976 2927 Benedictino
1000 2892 1104 2937 part.
1129 2892 1156 2926 Ι.
1178 2902 1273 2938 pag.
1300 2893 1387 2929 191.

452 2945 592 2984 Sermo
623 2950 710 2994 ejus
742 2952 783 2987 in
812 2954 1115 2989 consecratione
1153 2955 1309 2990 Altaris
1351 2955 1389 2990 S.

453 3008 673 3047 salvatoris
715 3013 898 3056 ejusdem
943 3016 1185 3052 monasterii
1225 3026 1259 3051 a.
1301 3015 1392 3053 782.

456 3068 640 3109 babitus.
682 3076 817 3112 exstat
857 3078 962 3122 apud
1002 3078 1176 3114 eundem
1215 3079 1399 3115 Mabillo—

458 3133 568 3168 nium
602 3145 636 3180 p.
668 3137 757 3172 223.

536 3195 651 3232 Liber
674 3201 887 3247 smaragdi
910 3203 956 3239 cle
982 3203 1151 3241 ‚S'anccz’s
1177 3205 1399 3251 Eaclcerio,

467 3252 619 3291 Valerio
648 3261 689 3294 at
721 3261 920 3306 Materno,
950 3267 1065 3301 extat
1094 3267 1135 3301 in
1178 3267 1279 3304 Bibl.
1312 3279 1400 3306 mo—

1450 219 1625 258 nasterii
1657 217 1695 253 8.
1733 216 1891 254 Gisleui
1934 217 1975 252 in
2017 214 2248 259 Harmonia,
2298 211 2407 250 teste

1450 282 1544 317 Ant.
1578 279 1757 315 Sandero
1787 277 1891 314 Bibl.
1923 277 2093 322 Belgica
2121 274 2234 311 MSS.
2284 273 2315 308 Ι.
2367 283 2407 320 p.

1450 342 1540 378 248.
1571 339 1825 376 Crediderim
1858 338 1994 385 potius
2036 338 2087 374 ad
2119 337 2248 382 hunc,
2283 343 2410 382 quam

1448 404 1499 439 ad
1529 401 1769 448 sequentem
1798 399 2077 436 referendum.

1532 461 1868 507 SMARAGDUS,
1901 462 2030 498 abbas
2053 461 2091 498 S.
2113 460 2329 497 Michaelis
2359 459 2412 497 ad

1450 527 1606 561 Mosam
1646 525 1688 560 in
1720 525 1901 574 „dioecesi
1941 524 2209 570 Virdunensi,
2250 522 2343 561 Ord.
2375 521 2414 560 S.

1451 586 1679 632 Benedicti,
1728 586 1771 623 et
1800 586 1925 622 antea
1965 595 2125 632 quoque
2166 587 2414 632 Praeceptor,

1450 652 1518 698 qui
1546 650 1696 687 fratres
1729 648 1972 685 monasterii
1991 648 2319 685 Grammaticam
2340 648 2414 685 do·-

1449 713 1546 749 cuit.
1580 715 1626 748 A.
1669 712 1759 748 810.
1794 711 1936 746 Romae
1979 709 2059 746 fuit
2097 710 2141 746 in
2188 708 2416 747 collatione

1450 775 1558 812 inter
1590 776 1746 820 Papam
1789 771 1831 808 et
1870 771 2059 818 Legatos
2094 770 2231 808 Caroli
2272 772 2324 808 M.
2366 771 2416 808 de

1450 837 1707 883 processione
1739 833 1920 881 Spiritus
1951 832 1990 869 S.
2021 833 2070 869 A.
2097 833 2189 871 824.
2220 841 2417 870 unacum

1449 900 1664 936 Frothario
1695 899 1898 944 Episcopo
1929 897 2117 934 Tullensi
2141 897 2271 943 ,iudex
2293 896 2418 934 datus

1450 962 1514 999 est
1542 972 1566 998 a
1595 961 1799 998 Lodovico
1830 960 1900 995 Pio
1931 958 2035 1005 Imp.
2064 959 2109 996 in
2134 958 2420 996 controversia

1450 1025 1559 1060 inter
1603 1023 1842 1059 Ismundum
1881 1020 2088 1059 Abbatem
2127 1021 2419 1058 Mediolanen-

1453 1095 1539 1122 sem
1560 1086 1602 1122 et
1632 1084 1853 1121 monachos
1883 1084 1987 1129 ejus.
2021 1082 2207 1129 Reliquit
2234 1082 2325 1120 haec
2354 1084 2421 1119 in-

1452 1151 1568 1196 genii
1600 1150 1663 1186 sui
1695 1148 1987 1185 monumenta:

1538 1212 1574 1246 1.
1634 1210 1969 1248 Commentarius
2015 1210 2062 1247 in
2113 1208 2347 1256 Evaaqezia
2384 1209 2423 1246 et

1457 1274 1672 1321 Epistolas
1693 1274 1739 1310 ia
1760 1274 1922 1311 divinis
1945 1273 2090 1322 officiis
2103 1281 2186 1320 per
2207 1272 2309 1310 anni
2329 1272 2423 1310 oir-

1457 1338 1600 1374 calam
1635 1336 1819 1384 leyenda.
1856 1335 2032 1381 Argent.
2077 1334 2195 1372 1536.
2237 1334 2294 1370 fol
2333 1334 2426 1370 Tri-

1457 1397 1639 1434 themius
1669 1399 1889 1436 Porcinam
1910 1398 2042 1435 vocat.
2063 1399 2146 1434 Hos
2161 1406 2373 1434 sermones
2400 1407 2425 1434 a

1460 1459 1578 1505 Casp.
1600 1461 1782 1497 Hedione
1806 1459 1944 1498 Germ.
1971 1470 2110 1497 versos
2130 1468 2222 1497 esse
2245 1459 2306 1497 ait
2326 1458 2424 1496 Pos-

1462 1523 1629 1558 sevinus
1666 1522 1765 1559 tom.
1810 1522 1860 1558 11.
1904 1522 2139 1569 Apparatus
2180 1532 2220 1568 p.
2258 1521 2348 1559 418.
2381 1519 2422 1557 et

1464 1583 1587 1620 NVion
1618 1585 1661 1620 in
1690 1585 1826 1631 Ligno
1858 1584 1966 1621 Vitae
1997 1584 2048 1620 II.
2081 1583 2146 1622 77.

1548 1647 1585 1682 2.
1616 1647 1819 1685 Diadema
1846 1646 2161 1693 Monac-horum,
2183 1648 2248 1683 vel
2269 1646 2318 1684 de
2338 1646 2424 1683 Εσ-

1467 1708 1801 1746 clesma-tremam
1841 1710 2038 1756 maxime,
2090 1709 2340 1755 virtutibus,
2374 1718 2427 1745 ex

1466 1770 1685 1807 sententiis
1699 1771 1867 1808 Patrum
1887 1771 2141 1809 contextum.
2162 1772 2293 1809 Paris.
2309 1770 2425 1808 1532.

1467 1832 1502 1867 8.
1538 1833 1652 1870 1640.
1679 1833 1740 1871 12.
1762 1833 1963 1881 Antverp.
1987 1834 2107 1881 1540,
2128 1834 2165 1870 8.
2187 1833 2230 1871 et
2250 1834 2293 1870 in
2322 1832 2426 1871 Bibl.

1466 1896 1537 1931 PP.
1571 1898 1753 1934 maxima
1780 1898 1880 1934 tom.
1912 1898 2019 1934 XVI.
2049 1909 2087 1944 p.
2121 1895 2239 1934 1305.

1551 1960 1680 2008 (316)
1729 1961 1886 1999 Corona
1937 1962 2176 2000 de’Monaoi
2217 1962 2321 1999 testo
2363 1959 2430 1998 del

1466 2022 1566 2059 baon
1596 2024 1724 2060 secolo
1746 2025 1855 2061 della
1875 2025 2020 2071 linqua
2040 2024 2260 2071 compilato
2281 2023 2335 2060 da
2365 2031 2427 2060 ‘aa

1467 2084 1635 2122 Moaaoo
1665 2086 1774 2133 deaii
1803 2087 1947 2134 Anqeli
1977 2096 2052 2124 ora
2087 2095 2169 2134 per
2210 2087 2250 2124 la
2283 2085 2432 2133 prima

1468 2148 1575 2184 volta
1597 2148 1832 2195 pabbcioato
1854 2158 1936 2196 per
1966 2149 2170 2199 ¹varadati
2209 2149 2258 2185 D.
2307 2146 2429 2186 Oasi-

1468 2211 1577 2247 mz'ro
1624 2210 1741 2259 Stolst
1780 2211 1835 2248 M.
1883 2211 2064 2249 Gamala.
2106 2212 2237 2249 Prato
2281 2209 2431 2250 &uasti

1470 2272 1584 2309 1862.
1618 2273 1666 2309 16
1697 2284 1794 2320 pag.
1827 2274 1892 2310 22.
1933 2273 2027 2310 246.

1550 2336 1588 2371 3.
1625 2335 1956 2374 Commentarius
1988 2338 2034 2374 ia
2055 2336 2254 2384 Requlam
2284 2334 2329 2374 S.
2350 2335 2434 2373 Be-

1469 2398 1638 2434 nedicti.
1671 2398 1810 2434 Color-1.
1846 2397 1961 2435 1575.
1983 2398 2052 2434 fol.
2084 2398 2231 2435 Editus
2252 2398 2318 2435 est
2338 2397 2434 2444 post

1471 2459 1681 2503 Synodum
1711 2461 2097 2506 Aquisgrauenscm
2126 2458 2274 2509 a2228l7.
2304 2459 2431 2497 habi-

1468 2521 1569 2567 tam,
1601 2523 1697 2568 quia
1724 2523 1913 2569 quaedam
1944 2523 2035 2569 eJ‘us
2066 2522 2431 2573 Statutaffirepetit.

1468 2585 1570 2621 Male
1603 2595 1696 2622 vere
1728 2586 1863 2623 editus
1892 2586 1956 2623 est
1984 2585 2249 2635 interssopera
2268 2586 2429 2624 Rabani

1468 2647 1618 2683 Mauri:
1651 2657 1740 2694 quae
1772 2658 1823 2685 ex
1844 2649 2087 2687 Diademata
2132 2648 2431 2687 Moaaohorum

1468 2709 1505 2745 ot
1540 2709 1614 2746 Via
1644 2711 1773 2756 Reqz'a
1800 2710 1981 2757 repetiit.
2015 2712 2172 2748 Versus
2194 2711 2292 2748 huic
2314 2720 2430 2750 com-

1469 2770 1669 2808 mentario
1699 2774 1892 2819 praefixos
1923 2773 2054 2811 edidit
2081 2774 2142 2811 Jo.
2175 2783 2199 2810 a
2227 2770 2430 2824 Bosco2in

1470 2831 1570 2869 Bibl.
1601 2832 1854 2872 Fioriacensi
1882 2835 1996 2872 tomo
2025 2836 2056 2872 I.
2086 2845 2185 2883 pag.
2216 2836 2341 2877 290..

1551 2897 1586 2931 4.
1617 2896 1690 2934 Via
1711 2899 1846 2944 reaia,
1872 2899 2060 2943 ejusdem
2083 2899 2247 2948 indolis,
2261 2908 2310 2936 ac
2329 2899 2436 2937 Dia-

1469 2957 1585 2995 (lema
1614 2959 1923 3008 Moaaoaoram,
1953 2962 2093 3000 exstat
2127 2959 2434 3012 apudLDache-

1470 3022 1578 3058 rium
1610 3023 1748 3069 Spicil.
1783 3023 1883 3060 tom.
1925 3025 1958 3061 V
1990 3036 2027 3072 p.
2053 3025 2096 3062 ¹1.
2139 3026 2200 3063 ed.
2233 3026 2358 3072 prior.
2389 3025 2432 3063 et

1470 3085 1569 3120 tom.
1602 3085 1617 3120 1
1647 3097 1684 3132 p.
1716 3086 1794 3123 238
1825 3087 1926 3124 edit.
1960 3087 2067 3135 post.

1554 3148 1589 3184 5.
1622 3149 1724 3186 Acca
1758 3150 1998 3189 collationis
2040 3152 2248 3190 Romanae
2279 3159 2317 3189 a.
2353 3150 2432 3187 810

1473 3212 1579 3256 apud
1610 3214 1870 3249 Sin-mondum
1903 3214 2054 3251 Concil.
2086 3215 2230 3251 Galliae
2260 3213 2362 3250 tom.
2393 3211 2433 3247 11

1472 3285 1508 3322 p.
1540 3274 1616 3310 256
1645 3275 1698 3312 et.
1731 3276 1940 3313 Labbeum
1972 3277 2073 3314 tom.
2116 3277 2191 3314 VII
2222 3286 2261 3323 p.
2309 3275 2428 3312 1194.

2531 131 2533 213 l
