2517 4009
961 177 1277 217 TANCREDUS

2046 185 2123 223 513

112 248 236 294 atque
256 246 457 286 Canoaici
465 255 548 295 per
563 246 610 283 D.
635 246 900 285 Taacreclam
914 249 962 286 de
982 248 1084 286 Cor-
1158 251 1357 289 hebraica
1387 262 1508 290 versa
1549 252 1630 289 fuit
1671 262 1696 289 a
1735 253 1914 300 quodam
1957 255 2101 292 Judaeo
2121 285 2130 303 ,

111 312 204 349 neto
234 311 348 347 Inter
379 311 504 347 Codd.
526 309 700 346 Latinos
721 310 826 348 Bibl.
850 312 1083 349 Taurinen-

110 375 170 411 sis
200 375 297 411 Cod.
329 373 577 411 CCCXLIII.
609 373 738 410 Extat
767 375 898 412 etiam
928 377 971 412 in
998 375 1080 412 MS.

109 436 209 473 Cod.
257 435 354 473 372.
384 436 621 473 Bibliotecae
667 435 895 475 Felinianae
927 438 1080 484 scripto

108 508 208 535 ann.
244 499 368 536 1391.

163 562 480 599 TANCREDUS
512 563 560 600 de
588 563 838 611 Tancredis,
866 565 1078 612 Senensis,

1157 318 1234 355 sub
1247 320 1412 356 nomine
1444 317 1678 362 ΕΝΕἿΞΠ
1697 316 1802 363 Ἶῦῠ
1831 319 2024 357 Codicem
2045 322 2126 358 MS.

1154 381 1340 425 possedit
1370 382 1413 417 B.
1444 383 1638 430 Wolfius,
1670 384 1793 430 prout
1823 384 1914 430 ipse
1945 383 2128 422 testatur

1154 442 1423 481 Bibliotheca>
1445 446 1659 482 Hebraicae
1681 446 1796 482 tomo
1821 445 1887 482 IV.
1906 456 2003 493 pag.
2026 446 2123 483 826.

1255 505 1292 541 3.
1307 507 1527 554 Eoeposz'tz'o
1540 508 1855 556 Metaphysicae
1865 510 2123 556 Aristotelis,

1152 576 1247 603 cum
1278 569 1532 615 allegatione
1565 580 1765 616 passuum
1797 571 1924 608 Scoti.
1947 571 2123 609 Witteb.

108 626 204 663 Ord.
236 626 595 674 Praedicatorum,
640 638 719 665 sec.
763 628 875 665 XIII.
917 629 966 666 de
1000 638 1080 676 quo
1155 627 1273 666 1504.
1306 631 1375 667 fol.

109 690 245 727 multa
273 691 462 737 narrant,
493 690 536 727 et
566 692 721 738 scripta
750 702 908 739 quoque
939 693 1076 739 profe-

105 754 218 801 runt,
250 754 340 790 sine
374 754 623 791 auctoritate
656 754 698 791 et
729 756 828 802 fide,
858 755 966 792 unde
1008 756 1076 791 hic

105 818 313 855 monenda
353 818 518 855 tantum
566 818 748 855 fuerunt.
791 819 895 855 Vide
937 819 1074 855 Jacob.

105 881 248 925 Quetif
273 881 322 917 de
355 881 634 928 scriptoribus
676 881 774 919 Ord.
818 882 1073 919 Praedicato-

103 955 198 981 rum
226 944 330 982 tom.
362 944 393 980 Ι.
424 955 524 992 pag.
556 945 623 982 91.
655 946 873 982 Altamura
904 955 1003 993 pag.
1035 946 1073 983 9.

213 1008 331 1045 Alter
361 1007 489 1054 hujus
521 1009 706 1045 nominis
729 1008 870 1046 Italice
892 1010 1073 1056 scripsit:

103 1072 203 1109 ibid.
235 1082 336 1119 pag.
369 1071 464 1108 857.

157 1135 500 1180 TANGMARUS,
532 1135 609 1172 sub
639 1136 810 1171 initium
844 1136 972 1172 seculi
1000 1135 1072 1172 XI.

102 1198 285 1243 primum
331 1197 591 1244 Presbyter,
632 1198 984 1236 Bibliothecarius
1033 1200 1075 1235 et

99 1259 311 1306 Notarius,
343 1260 489 1306 postea
517 1261 707 1298 Decanus
733 1262 1072 1299 Hildesheimen-

99 1323 176 1369 sis,
205 1322 249 1359 in
280 1322 448 1359 Italiam
479 1324 635 1360 missus
665 1325 716 1360 ad
738 1326 891 1371 Papam
924 1325 966 1362 et
998 1336 1069 1362 va-

97 1386 173 1422 riis
207 1384 395 1432 negotiis
437 1385 682 1432 adhibitus,
725 1389 896 1434 scripsit
932 1389 1071 1427 Vitam

100 1447 145 1487 S.
176 1448 437 1486 Bernmardi
467 1449 670 1496 Episcopi
688 1450 1070 1489 Hildeskez‘mensis

100 1511 274 1558 aequalis
304 1510 348 1547 et
377 1511 576 1558 discipuii
605 1513 685 1559 sui,
712 1512 870 1550 editam
901 1525 925 1551 a
948 1515 1066 1551 Surio

98 1575 138 1612 d.
169 1575 222 1612 20
252 1575 516 1622 NovembriS‚
540 1576 614 1613 sed
632 1577 857 1613 admodum
878 1577 1068 1624 interpo-

98 1638 197 1686 late,
228 1640 378 1676 melius
399 1648 424 1674 a
443 1640 635 1676 Browero
656 1641 700 1676 in
723 1641 938 1679 Sideribus
961 1642 1065 1678 Ger-

98 1704 266 1749 maniae,
298 1703 537 1740 Mabillouio
569 1703 656 1740 Sec.
686 1704 756 1740 VI.
798 1704 1066 1742 Benedictino

96 1767 204 1813 part.
235 1767 266 1803 1.
299 1778 339 1814 p.
370 1767 464 1805 201.
497 1767 540 1804 et
570 1768 779 1805 Leibnitio
803 1769 842 1804 S.
866 1769 914 1804 R.
937 1770 1069 1805 Brun-

95 1831 198 1867 suic.
229 1830 332 1867 tom.
362 1831 393 1866 1.
425 1842 463 1877 p.
496 1831 589 1867 441.
631 1831 746 1868 Adde
777 1832 975 1868 Vossium
1016 1833 1066 1870 de

92 1895 250 1931 Histor.
281 1894 445 1931 Latinis
479 1894 531 1930 Il.
566 1894 631 1930 43.

150 1957 347 2004 TARRA,
380 1957 610 1994 monachus
640 1958 868 2004 Hispanus,
891 1968 970 1995 sec.
991 1959 1062 1995 VI.

93 2020 263 2066 reliquit
291 2020 531 2068 Epistotam
573 2021 628 2058 ad
658 2021 950 2058 Reccarectam
985 2024 1064 2061 Re-

90 2090 183 2129 ,qem
203 2110 214 2129 ,
245 2092 369 2129 quam
399 2093 452 2120 ex
482 2084 630 2121 Codice
663 2085 859 2121 Toletano
904 2087 1064 2123 descri-

92 2144 210 2191 ptam
237 2145 387 2183 habuit
416 2145 653 2183 Cardinalis
683 2147 732 2184 de
758 2148 958 2195 Aguirre,
991 2151 1063 2187 sed

92 2208 154 2245 ita
183 2208 488 2255 depravatam,
530 2210 578 2245 ut
619 2210 692 2246 vix
723 2210 932 2247 sententia
971 2213 1064 2249 elici

92 2272 240 2317 possit.
270 2272 358 2308 Nic.
394 2272 567 2308 Antonii
607 2272 712 2309 Bibl.
755 2274 942 2319 Hispana
980 2275 1064 2311 Ve-

92 2338 162 2373 tus
194 2335 262 2372 IV.
293 2336 332 2373 5.
362 2347 478 2373 num.
511 2337 603 2373 115.

143 2400 303 2438 Petras
333 2399 678 2445 TATERETUS,
715 2401 811 2436 aliis
848 2401 1062 2439 Tartare-

90 2464 178 2509 tus,
207 2462 376 2499 natione
402 2462 566 2506 Gallus,
588 2461 866 2508 Philosophus
890 2463 1061 2500 Schola-

90 2524 235 2562 sticus.
267 2524 369 2571 EJ'us
400 2524 556 2570 scripta
586 2523 683 2559 nota
713 2523 818 2559 mihi
853 2524 951 2560 sunt
994 2534 1061 2561 se-

91 2588 285 2635 quentia:

202 2651 238 2687 1.
269 2651 494 2699 Expositio
525 2651 570 2687 tn
613 2649 859 2688 Sammalas
904 2651 1061 2698 (Logi-

89 2713 225 2761 cales)
257 2715 383 2751 Petri
410 2714 606 2761 Hispani.
639 2714 768 2750 Paris.
800 2724 872 2760 per
899 2715 960 2751 Jo.
982 2716 1061 2751 Bu-

90 2786 167 2824 yer
195 2776 239 2813 et
268 2776 377 2813 Guil.
409 2775 623 2821 Boucher,
658 2775 776 2813 1496.
820 2777 858 2812 4.
902 2778 1059 2814 ibidem

92 2848 164 2885 per
194 2840 306 2886 Mag.
338 2839 467 2875 Andr.
495 2838 664 2875 Bocard.
700 2838 819 2875 1494.
843 2840 880 2874 4.
904 2841 1061 2877 Albiori

92 2901 158 2949 (h.
188 2912 223 2939 e.
255 2901 560 2948 Wittebergae)
593 2902 636 2938 in
667 2903 895 2939 Academia
937 2912 1058 2949 nova,

86 2965 210 3012 ¹iussu
239 2968 282 3004 et
309 2968 506 3013 expensis
536 2966 735 3002 Friderici
759 2966 831 3002 111.
855 2967 1059 3005 Electoris

93 3029 307 3076 Saxoniae,
349 3039 477 3065 suasu
518 3028 686 3065 Martini
728 3030 919 3067 Pollichii
959 3032 1060 3068 Mel-

88 3092 296 3138 lerstadii,
319 3100 390 3138 per
410 3091 718 3137 Wolfgangum
743 3090 914 3138 Stoekel,
940 3092 1056 3130 1504.

90 3153 202 3189 folio.

199 3215 237 3251 2.
279 3216 505 3264 Exposita
546 3224 676 3263 super
724 3218 844 3255 texta
885 3219 1053 3266 Loqtces

88 3277 351 3324 Aristotelis,
381 3288 473 3313 cum
499 3277 824 3323 allegationibus
854 3290 1052 3325 passuum

89 3339 213 3377 Scoti.
245 3339 417 3378 Witteb.
451 3340 495 3377 ut
529 3341 661 3377 modo.
691 3341 898 3379 Particula
928 3342 1052 3389 hujus

1260 695 1297 730 4.
1333 694 1603 737 Quaestiones
1630 699 1811 736 morales
1832 700 1931 736 sunt
1953 701 1996 736 in
2018 700 2122 738 Bibl.

1149 755 1318 793 Domini
1366 758 1415 794 de
1467 758 1665 797 Vauclerc
1709 763 1816 807 apud
1874 762 2121 799 Laudunum

1149 819 1412 856 Montfaucon
1462 820 1568 858 Bibl.
1611 822 1716 859 Bibl.
1759 824 1875 861 MSS.
1919 836 1958 871 p.
2002 825 2119 863 1301.

1149 882 1207 919 De
1239 882 1315 920 hoc
1344 885 1629 932 intelligenda
1660 888 1759 924 sunt
1790 890 1916 927 verba
1955 890 2122 927 Martini

1146 945 1339 982 Pollichii
1388 947 1666 985 Mellerstadii
1702 978 1712 996 ,
1763 961 1888 997 quum
1940 954 2122 999 primum

1147 1009 1325 1047 Lutheri
1355 1020 1592 1049 sermonem
1624 1014 1895 1052 audivisset:
1927 1018 2008 1054 Hic
2041 1028 2126 1055 mo-

1148 1072 1309 1110 nachas
1359 1075 1600 1113 Ecclesiam
1642 1086 1802 1114 omnem
1855 1078 2119 1127 reformabit.

1146 1134 1319 1172 Nttttar
1341 1137 1452 1174 enim
1471 1139 1712 1186 scripturis
1735 1139 2050 1188 Prophetarum
2083 1144 2120 1180 et

1146 1199 1467 1248 Apostolorum,
1512 1203 1551 1240 et
1587 1203 1747 1250 firmas
1793 1207 1856 1243 est
1897 1207 1943 1244 in
1984 1207 2120 1244 zerbis

1152 1260 1332 1309 Christi,
1364 1272 1469 1309 qaae
1510 1273 1627 1302 nemo
1669 1267 1984 1307 Tltomz'staram
2026 1279 2119 1307 cam.

1145 1326 1311 1373 intem-o
1361 1327 1590 1365 Tartareto
1634 1331 1804 1368 evertet.
1860 1331 1962 1367 Vide
2011 1333 2117 1368 Ten—

1142 1386 1316 1424 tzelium
1346 1388 1395 1425 de
1426 1389 1550 1426 initio
1582 1391 1914 1429 Reformationis
1944 1394 2118 1432 Lutheri

1143 1463 1177 1490 c.
1209 1454 1248 1490 3.
1280 1464 1319 1500 p.
1356 1454 1449 1491 156.

1198 1517 1392 1555 TATIUS
1429 1518 1642 1567 Cyritlas,
1674 1520 1900 1558 historicus
1930 1523 2116 1570 tempore

1143 1581 1413 1619 Constantini
1444 1584 1590 1630 Magni
1620 1593 1643 1619 a
1678 1584 1913 1632 Capitolino
1957 1596 2115 1623 memo-

1142 1644 1273 1681 ratus.
1305 1645 1509 1692 (langius.

1198 1709 1502 1756 TATWINUS,
1535 1712 1703 1757 Anglus
1724 1721 1775 1748 ex
1796 1712 1965 1758 Mei-cia,
1998 1713 2117 1749 Ordi—

1142 1772 1208 1807 nis
1241 1772 1280 1808 S.
1312 1772 1529 1809 Benedicti
1559 1773 1785 1810 Monachus
1826 1775 1869 1810 et
1912 1776 2111 1812 Sacerdos

1142 1833 1387 1869 monasterii
1431 1833 1641 1870 Bruidune
1684 1835 1728 1870 In
1769 1835 1948 1882 Mercia,
1992 1837 2113 1882 cujus

1141 1896 1335 1932 meminit
1364 1896 1476 1933 Beda
1506 1898 1615 1934 Hist.
1647 1898 1803 1935 Eccles.
1825 1900 1952 1946 Angl.
1975 1900 2024 1935 V.
2047 1900 2112 1936 23.

1140 1957 1289 1995 deinde
1349 1958 1702 2006 Archiepiscopus
1753 1961 2070 1998 cantuariensis
2104 1991 2113 2007 ,

1141 2020 1246 2058 obiit
1275 2022 1436 2067 eodem,
1469 2032 1547 2068 quo
1580 2022 1706 2068 Beda,
1738 2033 1774 2059 a.
1807 2022 1900 2060 734.
1944 2025 2113 2070 scripsit

1145 2083 1350 2121 Carmina
1381 2085 1421 2122 et
1448 2084 1708 2132 AErtiqmata.
1740 2085 1946 2122 Lelandus
1976 2096 2010 2121 c.
2045 2086 2109 2122 96.

1141 2148 1306 2186 Pitseus
1337 2160 1370 2186 c.
1405 2149 1496 2186 100.

1194 2214 1566 2261 TAVRENTIUS,
1603 2215 1676 2250 alii
1708 2214 1896 2252 scribunt
1945 2215 2110 2253 Taren-

1140 2277 1228 2313 tius
1250 2276 1289 2312 et
1317 2276 1558 2322 Tar-citius,
1580 2277 1719 2312 nescio
1739 2277 1847 2322 quis,
1871 2277 1986 2313 dedit
2006 2278 2111 2324 Ept-

1138 2340 1289 2377 stolam
1302 2339 1355 2375 ad
1370 2340 1585 2376 Ruricium
1607 2339 1946 2376 Lemovieensem
1957 2368 1966 2386 ,
1983 2350 2106 2386 quam

1137 2401 1270 2438 edidit
1301 2401 1497 2438 Canisius
1526 2401 1639 2437 Lect.
1670 2402 1769 2437 Ant.
1799 2401 1900 2438 tom.
1924 2402 1974 2437 ΙΙ.
1999 2404 2105 2449 part.

1138 2464 1176 2499 2.
1208 2474 1247 2510 p.
1280 2463 1372 2500 360.
1404 2464 1445 2500 et
1476 2464 1670 2500 Ruricius
1701 2473 1862 2510 quoque
1894 2464 1945 2500 ad
1969 2465 2106 2510 ipsum

1137 2528 1240 2564 duas
1271 2527 1398 2564 dedit.
1431 2528 1635 2564 Auctores
1664 2528 1860 2564 Historiae
1885 2528 2104 2565 litterari‘ae.

1136 2591 1307 2628 Gallicae
1337 2591 1437 2626 tom.
1470 2590 1542 2625 III.
1574 2602 1612 2637 p.
1655 2591 1720 2627 55.
1764 2593 1902 2638 ipsum
1942 2592 2103 2629 Tam-2·-

1134 2653 1306 2690 ct'amtm
1355 2653 1608 2699 Episcopum
1649 2654 1948 2690 Nivernensem
2004 2664 2095 2691 esse

1135 2714 1389 2760 conjiciunt:
1421 2715 1492 2752 sed
1540 2716 1625 2752 illis
1666 2715 1742 2751 hoc
1785 2716 1951 2762 obstat,
1994 2720 2099 2763 quod

1135 2778 1325 2813 Ruricius
1349 2806 1358 2823 ,
1399 2787 1490 2813 cum
1539 2778 1603 2814 ad'
1635 2778 1884 2824 Episcopum
1927 2780 2069 2816 scribit
2092 2809 2100 2822 ,

1136 2840 1246 2876 hunc
1273 2841 1499 2887 dignitatis
1529 2842 1809 2879 characterem
1833 2852 1994 2889 semper
2027 2845 2100 2880 ad-

1130 2902 1258 2950 Jecit,
1296 2903 1406 2940 hunc
1450 2914 1545 2941 vero
1585 2905 1750 2941 tantum
1795 2906 1914 2941 modo
1959 2906 2099 2943 viram

1135 2967 1406 3016 maqm'ficum
1437 2969 1681 3015 appellavit.

1188 3030 1367 3069 Joamzes
1408 3032 1675 3079 TAXSTON,
1699 3033 1791 3070 vide
1814 3043 1937 3079 supra
1967 3034 2094 3071 Joaa-

1135 3103 1207 3131 aes
1237 3095 1285 3131 de
1317 3094 1460 3131 BURI.

1188 3155 1464 3194 TEBALDUS
1494 3157 1655 3205 anab.
1687 3158 1800 3195 Infra
1829 3159 2093 3196 THEOBAL-

1134 3217 1250 3253 DUS.

1185 3283 1461 3320 TECLANUS
1493 3283 1637 3320 scotus
1669 3284 1834 3321 natione
1866 3287 1908 3322 et
1936 3295 2094 3333 cogno-

1131 3346 1283 3393 mento,
1316 3348 1409 3385 Ord.
1443 3348 1481 3385 S.
1513 3348 1721 3386 Benedicti
1741 3378 1750 3394 ,
1782 3349 2010 3386 monachus
2054 3352 2092 3387 S.

1932 3405 2010 3440 ‘2113
