2517 4009
890 230 895 234 ·
963 215 1258 256 THOMAS

113 293 277 336 Witteb.
297 292 412 341 1538,
430 292 467 331 8.
491 290 606 330 Hunc
627 290 773 331 librum
795 289 969 330 Henrico
989 288 1071 329 VII.

110 357 204 409 Regi
221 355 489 403 dedicaverat,
506 354 599 404 quia
617 365 711 392 vero
732 353 913 393 adulator
928 351 1073 404 aliquis

112 420 185 472 ipsi
212 418 472 465 indicaverat,
508 417 649 456 librum
687 416 767 466 Jam
808 418 946 456 Latine
981 427 1075 455 con-

112 492 276 521 versum
309 491 417 527 esse,
453 480 640 530 quamvis
661 481 759 518 satis
791 480 956 526 misere,
991 479 1074 517 Rex

113 554 262 584 munus
286 547 526 594 aspernatus
564 546 646 588 est,
686 547 726 581 et
763 541 998 593 implacabili
1037 542 1074 579 in

112 607 324 647 Linacrum
372 604 460 644 odio
506 606 668 644 exarsit.
713 606 907 645 Erasmus
947 604 1073 656 Epist.

111 670 254 711 XXVI.
282 669 345 708 14.

165 733 204 772 6.
224 729 454 772 Aristotelis
474 733 660 770 meteora.

164 794 203 835 7.
224 794 343 834 Multa
376 793 515 832 Galeni
538 795 675 832 Latine
698 792 840 841 vertit,
862 791 908 832 a'e
934 795 1075 843 tempe-

111 857 328 903 ramentis,
351 857 397 896 cle
415 858 590 896 sanitate
613 855 775 904 tuenda,
802 855 849 895 de
873 853 1079 907 inaequali

110 920 351 972 intemperie,
377 919 601 960 Methodum
622 918 816 964 medendi,
837 918 884 958 cle
908 922 1076 958 natara-

111 983 216 1026 libns
236 981 510 1037 facultatibus,
535 981 582 1021 de
611 981 802 1033 pulsuum
826 993 915 1022 usu.
952 982 1074 1021 Paris.

110 1059 181 1100 per
201 1047 402 1086 Simonem
422 1046 669 1094 Colinaeum,
688 1044 793 1083 1530
815 1045 864 1083 fol
900 1043 946 1083 (le
967 1044 1074 1082 inae-

109 1108 224 1164 quali
239 1109 468 1162 intemperie
488 1109 672 1155 seorsim,
697 1107 815 1146 Basil.
847 1107 962 1154 1539,
983 1106 1020 1145 8.

163 1172 305 1213 Confer
332 1172 380 1210 de
405 1183 451 1210 eo
475 1171 663 1210 Balaeum
690 1171 857 1209 Centur.
879 1170 984 1218 Vlll,
1009 1168 1071 1207 65.

113 1236 290 1276 Pitseum
311 1245 344 1274 c.
365 1233 458 1273 925.
479 1233 598 1271 Baelii
619 1232 920 1272 Dictionarium.

165 1296 376 1337 THOMAS
415 1294 547 1341 Lirer,
587 1294 939 1343 Ranckwillensis,
974 1295 1074 1333 vixit

112 1371 146 1400 a.
169 1359 272 1399 1200
307 1363 348 1398 et
368 1357 543 1397 omnium
568 1357 791 1408 superioris
812 1357 1075 1397 Alamanniae

117 1421 313 1464 Comitum
334 1417 389 1461 ‘et
424 1422 628 1460 Baronum
667 1419 840 1472 ortyz'nes
888 1422 1073 1472 scripsit,

114 1497 215 1538 quas
236 1490 368 1524 tamen
391 1484 529 1523 multis
551 1483 695 1522 fabulis
721 1484 958 1535 inquinavit.
978 1483 1074 1523 Vide

115 1547 351 1588 Goldastum
386 1547 462 1586 sub
483 1546 603 1586 finem
628 1547 722 1584 tomi
747 1547 792 1585 11.
815 1558 948 1585 rerum
984 1546 1076 1586 Ale-

115 1612 404 1651 mannicarum.
418 1609 638 1650 Chronieon
648 1608 903 1649 Sueeicorum
916 1611 1077 1653 (rectius

115 1672 299 1725 Suevico)
325 1671 608 1713 Germanicum
631 1671 768 1711 Ulmae
790 1671 894 1712 1486
911 1673 1077 1723 impres-

114 1748 203 1777 sum
226 1741 420 1776 memorat
440 1738 628 1776 Maiitaire
649 1740 757 1774 tomo
782 1736 810 1774 Ι.
837 1747 873 1786 p.
902 1735 989 1774 479.

168 1799 371 1840 THOMAS
403 1797 666 1844 Lombardus,
706 1797 799 1837 Ord.
837 1798 1082 1837 Praedicato-

115 1876 227 1914 rum,
265 1864 482 1914 inquisitor
511 1862 858 1911 PedemontanuS,
899 1866 1077 1912 tempore

116 1927 352 1967 Schismatis
371 1930 531 1965 creatus
552 1924 787 1973 Cardinali‘s‚
805 1926 963 1976 scripsit
987 1925 1080 1963 Ser-

116 2001 275 2040 mones,
310 1988 385 2040 qui
403 1989 532 2028 Toleti
571 1989 612 2028 in
645 1988 843 2028 Coenobio
883 1989 921 2027 S.
958 1986 1078 2026 Marci

116 2058 391 2096 asservantur.
402 2054 649 2093 Possevinus
665 2057 772 2092 tomo
789 2053 837 2092 ΙΙ.
853 2052 1079 2104 Apparatus

116 2131 142 2173 p
171 2179 376 2222 THOMAS
418 2178 696 2230 Lovaniensis,
736 2180 829 2220 vide
869 2181 1084 2233 Cantipra—

119 2250 248 2286 tanus.
1005 2261 1009 2264 ·

171 2305 382 2347 THOMAS
403 2304 626 2346 Lambaeus
644 2306 721 2356 vel,
744 2304 896 2357 Lombe,
916 2307 1084 2358 Anqus,

119 2370 422 2414 Carmelitanus
438 2368 480 2408 in
501 2373 708 2408 conventu
729 2370 940 2419 Linnensi,
958 2371 1088 2410 Tbeo-

119 2434 250 2486 logiae
269 2434 416 2472 Doctor
434 2435 474 2470 et
493 2431 697 2470 Professor
712 2431 974 2482 Oxoniensis,
985 2433 1087 2472 obiit

121 2510 155 2538 3.
174 2496 292 2536 1390.
311 2495 485 2547 Scripsit
507 2495 702 2534 Lecturas
729 2494 769 2533 in
786 2496 955 2535 Sacram
980 2497 1087 2536 Scri·

113 2563 305 2614 phiram,
339 2569 460 2610 super
496 2558 735 2608 Mayistrum
771 2559 1083 2610 Sententiarum,

119 2621 476 2676 Determinationes
502 2619 715 2672 Teotoytae,
743 2621 1002 2670 Quaestiones
1022 2634 1084 2661 or-

119 2683 317 2732 dinarias,
337 2683 383 2723 de
409 2683 683 2723 incarnatione
708 2682 837 2733 Verbi,
862 2685 1084 2735 Sermones,

120 2752 261 2788 contra
284 2745 507 2798 Lolhardos
524 2750 560 2786 et
589 2745 816 2798 Wielefitas.
835 2746 1085 2787 Tritbemius

119 2809 170 2850 de
190 2809 372 2861 scriptor.
391 2809 545 2848 Eccles.
562 2820 583 2848 c
618 2808 707 2848 663.
730 2808 928 2848 Lelandus
943 2821 976 2848 c.
993 2810 1082 2849 562.

119 2872 288 2912 Balaeus
321 2872 463 2913 Centu.
502 2872 566 2911 Vl.
602 2872 667 2911 9-1.
711 2871 871 2910 Pitseus
915 2883 949 2911 c.
993 2873 1082 2912 685.

119 2935 226 2974 Petri
254 2933 368 2985 Lucii
390 2934 490 2973 Bibl.
518 2934 787 2974 Carmelitana
811 2946 847 2985 p.
869 2933 935 2972 79.
1015 2941 1018 2943 ’

175 2996 380 3037 THOMAS
400 2995 514 3048 Lyld,
539 3008 559 3035 a
585 2997 729 3035 Balaeo
756 2997 945 3047 corrupte
972 2996 1081 3048 Lyle,

120 3059 213 3100 aliis
236 3058 341 3108 File,
363 3059 514 3106 dictus,
549 3057 723 3108 Anguis,
757 3058 853 3096 Ord.
879 3058 1083 3098 Praedica-

119 3125 269 3168 torum,
287 3121 475 3171 Magister
489 3120 850 3171 cantabrigiensis,
870 3120 1082 3161 Avenionc

121 3193 143 3222 a
160 3182 367 3224 Clemente
387 3181 886 3234 V11.a.1344.Episcopus
903 3183 1082 3224 Ellensis

121 3245 397 3294 constitutuS,
422 3246 527 3285 obiit
551 3257 583 3284 a.
621 3244 735 3283 1361.
758 3245 931 3296 Scripsit
951 3247 1079 3295 Quae-

121 3309 267 3350 stiones
298 3307 568 3359 Theoloqicas,
595 3308 805 3348 Sermones
831 3307 877 3347 cle
907 3311 1077 3361 tempore

123 3376 162 3413 et
178 3371 348 3414 Sanctis.
367 3371 536 3413 Balaeus
555 3371 721 3414 Centur.
742 3371 803 3413 Vl.
824 3371 889 3412 26.
915 3372 1074 3413 Pitseus

2043 214 2120 255 549

1146 301 1179 328 c.
1218 287 1308 329 586.
1342 290 1424 329 Jac.
1449 288 1594 336 Quetif
1624 288 1673 328 de
1702 287 1980 340 Scriptoribns
2016 287 2111 328 Ord.

1147 352 1473 392 Praedicatorum
1510 357 1607 393 tom.
1643 354 1668 392 l.
1708 365 1743 404 p.
1776 352 1871 392 649.
1906 351 2117 392 Altamura

1149 428 1185 467 p.
1213 416 1302 465 139,
1326 416 1415 456 491.

1203 478 1411 518 THOMAS
1447 477 1686 528 Mailorius,
1728 491 1778 518 ex
1814 478 1974 527 Mailor,
2016 478 2113 518 urbe

1149 541 1380 590 Cambriae,
1407 541 1626 590 oriundus,
1647 540 1756 580 vixit
1780 552 1815 580 3.
1838 540 1943 580 1490
1963 539 2114 580 descri-

1148 603 1230 653 psit
1254 602 1353 641 Acta
1388 603 1535 642 Arturi
1557 604 1673 654 Bessis
1689 636 1700 654 ‚
1723 608 1763 643 et
1788 602 1835 642 de
1859 613 1997 642 mensa
2022 603 2109 656 ejus

1150 664 1335 703 rotunda.
1358 665 1520 705 Pitseus
1536 677 1568 704 c.
1594 665 1685 705 894.

1204 727 1415 767 THOMAS
1435 727 1656 777 Malclonus,
1683 740 1703 767 a
1727 729 1854 779 patria
1879 728 1937 767 sic
1960 727 2115 778 dictus,

1150 792 1218 832 ubi
1259 792 1366 831 inter
1398 792 1693 830 Carmelitanos
1729 795 1917 830 versatus
1954 796 2037 840 est,
2076 796 2116 831 et

1149 854 1391 906 dignitatem
1434 855 1584 894 Prioris
1622 859 1866 893 consecutus
1908 855 2015 893 circa
2048 866 2117 894 an—

1151 930 1246 957 num
1272 917 1386 957 1404.
1411 919 1509 968 Ejus
1536 922 1632 957 sunt
1658 916 1853 956 Introitus
1875 916 2115 965 Bibliorum,

1149 982 1320 1021 Lectura
1346 981 1386 1019 iu
1411 980 1607 1031 Genesin,
1636 980 1835 1020 Lectiones
1860 980 1899 1018 z'n
1922 979 2119 1028 Psalmos‚

1148 1046 1370 1091 Sermones,
1383 1043 1454 1084 Col
1458 1043 1621 1084 tationes
1639 1042 1841 1092 solemnes,
1853 1054 1975 1096 super
1987 1044 2030 1083 M
2035 1044 2120 1095 aqi-

1147 1111 1278 1147 strum
1296 1108 1607 1155 Sententiarum,
1628 1106 1983 1146 Determinatz'ones
2003 1106 2118 1145 Theo-

1150 1168 1311 1221 loyz'cae,
1331 1170 1591 1220 Quaestiones
1614 1168 1863 1218 ordinariae,
1887 1167 2123 1218 Qnocllz'beta

1147 1232 1271 1272 Actus
1285 1232 1537 1285 vesperiales.
1556 1233 1758 1274 Lelandus
1773 1244 1805 1272 c.
1829 1231 1918 1271 483.
1939 1232 2113 1272 Balaeus

1148 1295 1311 1334 Centur.
1335 1296 1415 1334 Vll.
1437 1295 1503 1334 27.
1523 1298 1679 1336 Pitseus
1702 1307 1734 1334 o.
1758 1294 1852 1335 735.
1878 1294 1993 1345 Hipp.
2019 1295 2118 1333 Mar-

1150 1358 1265 1396 raccii
1292 1357 1386 1396 Bibl.
1415 1359 1587 1397 Mariana
1613 1364 1720 1397 tomo
1743 1359 1787 1397 ΙΙ.
1811 1370 1846 1408 p.
1873 1356 1964 1396 412.

1203 1419 1409 1459 THOMAS
1446 1418 1492 1459 de
1527 1419 1786 1465 Malumbris,
1809 1420 2117 1469 Cremonensis,

1149 1481 1274 1521 JCtus
1319 1487 1357 1520 et
1403 1483 1571 1522 Senator
1609 1484 1760 1533 patriae
1792 1484 1896 1521 cirea
1935 1494 1971 1521 3.
2008 1483 2113 1523 1350

1149 1544 1310 1595 scripsit
1330 1556 1454 1597 snper
1490 1544 1752 1598 Infortz'atum
1778 1543 1924 1585 Volum.
1946 1545 1982 1583 2.
2000 1556 2122 1596 super

1149 1607 1341 1646 Instituta
1360 1607 1524 1660 reyulas
1545 1608 1767 1662 faciliores,
1803 1608 1850 1648 cle
1882 1607 1994 1648 modo
2026 1607 2120 1648 benc

1150 1669 1320 1709 vivendi.
1369 1671 1481 1710 Arisii
1524 1671 1723 1710 Cremona
1764 1671 1919 1710 literata
1960 1675 2054 1710 tom.
2094 1671 2122 1719 1,

1152 1744 1241 1784 pag.
1270 1732 1362 1772 168.

1205 1795 1416 1835 THOMAS
1453 1796 1501 1836 de
1527 1796 1770 1850 Manfredis,
1816 1797 2119 1847 Cremonensis,

1151 1859 1275 1898 JCtus
1295 1865 1337 1898 et
1358 1859 1489 1898 Judex
1515 1862 1668 1911 patriae
1700 1863 1804 1900 circa
1833 1872 1985 1899 annum
2015 1860 2120 1899 4364

1152 1923 1314 1972 scripsit
1358 1922 1674 1963 Consultatz‘ones
1717 1923 1758 1962 in
1798 1926 1967 1975 utroque
2000 1924 2119 1976 jure,

1153 1984 1269 2023 Arisii
1296 1985 1492 2024 Cremona
1517 1987 1672 2025 literata
1696 1991 1792 2026 tom.
1819 1989 1845 2026 l.
1873 1998 1911 2037 p.
1934 1986 2022 2026 121.

1207 2048 1428 2098 THOMAS,
1455 2049 1810 2102 Mauriynacensis
1836 2050 1993 2099 Abbas,
2020 2051 2125 2090 vixit

1157 2112 1404 2163 temporibus
1422 2113 1461 2152 S.
1479 2114 1682 2153 Bernardi.
1699 2115 1822 2153 Extat
1841 2111 2018 2166 Epistola
2034 2112 2122 2166 ejus

1155 2172 1204 2212 ad
1244 2172 1350 2211 hunc
1390 2175 1538 2224 scripta
1582 2174 1620 2212 in
1658 2174 1926 2213 Miscellaneis
1972 2174 2121 2213 Baluzii

1158 2237 1223 2275 lib.
1246 2237 1308 2275 IV.
1334 2249 1371 2288 p.
1391 2235 1468 2276 459
1493 2237 1531 2275 in
1553 2248 1630 2288 qua
1658 2238 1789 2287 ipsum
1816 2238 2001 2287 consulit,
2027 2237 2124 2288 quid

1154 2299 1227 2338 sibi
1249 2299 1476 2338 faciendum
1499 2300 1562 2348 sit,
1588 2300 1655 2350 qui
1679 2310 1700 2338 3
1723 2301 1869 2350 Legato
1894 2299 2125 2350 Apostolico

1160 2361 1255 2400 sede
1280 2373 1351 2400 sua
1373 2361 1554 2414 dejectus
1578 2365 1702 2401 esset.
1730 2363 1838 2401 Duae
1863 2361 1961 2401 aliae
1983 2366 2127 2402 extant

1163 2426 1199 2463 in
1221 2424 1415 2465 Chronico
1435 2424 1629 2464 Abbatiae
1668 2424 2029 2476 Maurigriacensis.
2063 2425 2125 2465 Li-

1161 2500 1230 2527 ron
1254 2488 1352 2527 Bibl.
1378 2487 1614 2527 Cbartraine
1640 2500 1676 2539 p.
1703 2487 1767 2527 51.

1214 2550 1423 2590 THOMAS
1444 2550 1702 2596 Marthanus,
1723 2551 1964 2602 Spoletinus,
1983 2551 2127 2591 Comes

1160 2613 1260 2653 Galli
1279 2614 1458 2664 Cedulis,
1482 2614 1702 2666 Ampliator
1734 2613 1838 2652 Ann.
1867 2612 1972 2652 1436
2003 2615 2124 2652 castri

1159 2677 1283 2716 Collis
1322 2677 1559 2716 Marcbionis
1599 2677 1639 2716 in
1683 2688 1775 2728 agro
1812 2677 2034 2728 Spoletino,
2078 2680 2119 2715 et

1160 2750 1284 2789 nepos
1299 2739 1472 2778 Thomae
1497 2740 1546 2778 de
1571 2741 1771 2788 Martanis,
1794 2739 1863 2790 qui
1882 2750 1986 2778 anno
2014 2738 2118 2778 1360

1160 2802 1232 2841 fuit
1258 2801 1427 2841 Senator
1450 2802 1571 2841 urbis.
1593 2802 1764 2853 Scripsit
1786 2800 2007 2840 Historiam
2029 2803 2125 2852 Spo-

1159 2871 1369 2911 letinorum
1410 2871 1637 2924 afflictionis
1678 2872 1752 2912 sub
1798 2872 1920 2912 Pirro
1966 2873 2129 2912 Tartari

1162 2933 1371 2973 Tomacelli
1399 2934 1503 2986 litio,
1549 2934 1698 2987 Spoleti
1735 2937 1899 2976 [tectore
1940 2939 1977 2975 et
2015 2936 2124 2976 arcis

1153 2995 1377 3049 praefectO,
1403 2998 1452 3037 ab
1483 3009 1518 3043 a,
1555 2998 1660 3044 1436
1697 3010 1827 3050 usque
1853 2998 1899 3037 ed
1936 3009 1971 3037 a.
2009 2998 2129 3039 1441.

1157 3060 1236 3098 MS.
1254 3064 1317 3097 est
1340 3060 1503 3109 Spoleti,
1529 3060 1760 3112 exemplum
1784 3062 1854 3100 fuit
1878 3071 2000 3111 penes
2028 3061 2127 3101 Lud-

1154 3120 1416 3169 Jacobillum,
1456 3123 1518 3161 cui
1556 3123 1652 3161 baec
1689 3122 1889 3162 debentur
1930 3134 1979 3162 ex
2024 3123 2128 3163 Bibl.

1154 3185 1338 3224 Umbriae
1358 3196 1392 3236 p.
1413 3183 1504 3224 260.

1204 3247 1407 3287 THOMAS
1445 3247 1654 3297 Medicus,
1683 3249 1874 3300 patricius
1912 3250 2093 3290 Venetus
2114 3283 2124 3300 ,

1151 3311 1312 3362 scripsit
1344 3308 1549 3350 Fabellam
1575 3310 1820 3364 Epiroticam
1846 3342 1854 3361 ,
1879 3314 2120 3365 impressam

1150 3374 1254 3415 1483
1277 3373 1493 3414 Gesnerus.
