2517 4009
970 281 1256 323 MONTls
2046 292 2098 333 85

98 347 264 396 etesiae,
293 352 334 387 et
360 348 435 388 alia
464 359 567 399 quae
613 350 794 390 Viconiac
837 352 1054 392 adservan-

98 415 176 449 tur.
206 411 309 450 Haec
336 411 511 449 Joannes
539 411 576 450 le
605 412 719 464 Paige
745 407 788 451 in⁴
813 414 1051 454 Bibliotheca

98 473 505 512 Praemonstratensis
527 473 688 513 Ordinis
711 487 801 527 pag.
825 475 914 515 307.
939 478 1052 516 Vale—

98 535 180 574 rius
207 534 389 574 Andreas
418 546 505 586 pag.
536 537 628 576 692.
656 539 723 588 qui
746 537 792 576 A.
815 538 930 577 4308.
957 550 1048 578 eum

95 597 277 636 floruisse
305 601 519 637 testantur.
550 598 672 638 Addit
701 600 865 639 Vossius
893 612 930 651 p.
962 601 1051 641 794.

94 659 266 711 elogium
312 659 417 700 illius
460 662 705 712 praeclarum
749 667 909 702 exstare
946 663 1049 715 apud

95 721 353 773 Anonymum
383 725 449 774 qui
480 724 737 764 viconienses
759 725 938 765 Annales
957 738 1052 778 sup-

94 785 231 837 plevit.

147 847 170 871 *
195 848 420 888 Monasterii
445 847 693 900 Vigoniensis
723 849 930 890 historiam
976 863 1052 890 non

93 911 289 962 integram
314 910 478 962 quidem
507 913 752 964 Montignius
782 915 945 965 scripsit
983 914 1054 953 sed

93 973 420 1024 supplementum
445 975 725 1014 tantummodo
755 976 804 1014 ab
825 976 902 1015 An.
936 976 1056 1016 4247.

92 1046 223 1086 usque
246 1034 294 1074 ad
319 1045 392 1074 sua
409 1039 615 1086 tempor-33
637 1041 723 1076 tum
746 1038 864 1077 etiam
887 1040 924 1076 in
945 1050 1057 1089 prae-

91 1096 249 1137 cedenti
274 1097 436 1136 historia
471 1098 520 1136 ab
549 1099 636 1138 aliis
660 1100 808 1150 scripta
841 1101 1056 1151 interpola—

94 1160 224 1198 tiones
246 1159 443 1210 quasdam
462 1159 617 1200 adiecit.
643 1162 830 1214 Vulgavit
852 1162 952 1202 haec
973 1174 1058 1201 om-

94 1223 158 1261 nia
178 1223 219 1261 P.
248 1223 424 1260 Martene
460 1226 538 1260 vet.
566 1225 737 1262 Monum.
760 1229 787 1262 t.
813 1225 935 1275 IX.p.
963 1225 1055 1263 296.

145 1283 330 1323 MONTIS
357 1283 500 1323 Sereni
525 1285 774 1335 Chronicon‚
799 1297 918 1337 supra
941 1286 1060 1326 CON-

92 1343 259 1385 RADUS
286 1344 642 1397 Lauterberqensis
669 1352 763 1386 tom.
794 1350 826 1387 4.
857 1361 882 1398 p
913 1349 1003 1388 383.

146 1408 292 1446 Petrus
327 1406 374 1446 de
401 1409 540 1448 MORA
559 1440 570 1456 ,
599 1411 936 1458 Beneventanus,
967 1411 1060 1450 Car-

92 1469 236 1509 dinalis
253 1471 452 1510 Diaconus
473 1471 523 1510 ab
544 1471 592 1511 A.
617 1472 733 1512 4205.
755 1471 804 1511 ad
830 1474 946 1513 4246.
966 1474 1062 1512 scri-

92 1532 174 1582 psit
196 1529 461 1584 Alphabetum
482 1534 569 1572 sive
584 1535 871 1574 Dictionarium
897 1535 940 1573 in
964 1534 1061 1573 Arte

87 1593 417 1644 sermocinandi,
446 1597 760 1648 Manuscriptum
793 1598 829 1635 in
857 1598 976 1636 variis
999 1597 1063 1635 Bi-

93 1656 318 1696 bliothecis.
336 1656 434 1696 Vide
454 1657 659 1698 Oudi-num
678 1664 772 1697 tom.
792 1660 816 1698 2
838 1671 924 1711 pag.
946 1658 1059 1698 4724.

93 1730 182 1770 seq.
203 1722 245 1759 et
267 1719 317 1759 de
342 1719 440 1759 libro
460 1720 728 1760 Decretalium
752 1720 969 1760 Iimocentii
986 1720 1059 1759 ΙΙΙ.

91 1793 163 1833 per
197 1784 402 1822 Muranum
443 1783 608 1823 collecto
637 1784 681 1822 G.
711 1784 928 1835 Josephum
953 1784 1060 1836 Eggs

92 1846 131 1884 in
161 1856 338 1897 purpura
361 1845 477 1885 docta
506 1850 600 1885 tom.
628 1849 663 1887 4.
688 1858 774 1898 pag.
807 1848 896 1887 422.

144 1907 380 1948 Benedictus
391 1908 678 1950 MORANDUS.
698 1911 824 1961 Supra
842 1915 869 1948 t.
883 1912 897 1949 4
923 1922 958 1961 p.
970 1912 984 1950 4
996 1909 1060 1948 92.

146 1970 366 2010 Guilelmus
400 1970 448 2011 de
481 1972 752 2022 MORBEKA‚
788 1972 1053 2012 Brabantinus

92 2033 186 2074 Ord.
214 2033 352 2074 Praed-.
382 2034 602 2074 Clementis
630 2036 692 2075 IV.
723 2040 764 2074 et
791 2035 980 2087 Gregorii.
1005 2037 1053 2076 X.

92 2097 450 2147 Poenitentiarius,
481 2103 521 2137 et
549 2098 693 2138 deinde
722 2098 1056 2150 Archiepiscopus

91 2158 272 2198 Corinthi
296 2161 341 2198 A.
370 2161 484 2200 4280.
510 2162 543 2211 a)
568 2161 795 2213 linguarum
821 2161 993 2200 Graecae
1018 2166 1057 2200 et

90 2219 482 2274 Arabicae-peritus,
506 2228 548 2262 et
571 2223 859 2275 Philosophus,
880 2225 942 2262 cui
975 2223 1058 2264 Wi-

92 2282 165 2323 telo
201 2286 288 2324 sive
319 2286 556 2327 VITELLIO
585 2287 724 2326 dicans
762 2288 1052 2337 perspectivam

91 2358 233 2397 suam,
271 2349 358 2387 sive
387 2348 509 2388 libros
538 2349 677 2389 decem
717 2348 906 2399 Optices‚
948 2348 1055 2387 Veri-

93 2409 185 2448 tatis
226 2413 446 2448 amatorem
488 2416 528 2450 et
570 2410 860 2450 universalium
905 2410 1053 2449 entium

92 2481 230 2510 amore
251 2471 426 2511 studioso
449 2471 672 2511 devinctum
699 2473 809 2512 illum
835 2477 1054 2523 nuncupat.

92 2534 136 2573 In
177 2534 343 2584 gratiam
386 2533 561 2572 Thomae
599 2534 812 2585 Aquinatis
850 2535 897 2572 A.
937 2534 1052 2573 4273.

93 2606 235 2634 omnes
258 2595 379 2634 libros
406 2595 631 2634 Aristotelis
660 2596 708 2635 de
738 2596 888 2635 Graeco
920 2597 956 2633 in
985 2598 1054 2634 La-

95 2659 225 2697 tinum
245 2686 254 2706 ,
280 2657 447 2697 verbum
467 2670 489 2695 e
508 2657 630 2696 verbo
655 2659 911 2697 transtulisse
937 2658 1056 2695 tradi-

94 2725 162 2760 tur
190 2731 272 2772 qua
301 2718 560 2759 translatioae
588 2718 799 2759 scholares
830 2718 961 2757 adhuc
992 2718 1056 2756 ho-

97 2782 240 2823 dierna
275 2781 337 2821 die
373 2785 544 2820 utuntur
573 2781 613 2820 in
641 2780 792 2821 Scholis
808 2813 818 2829 ‚
854 2784 887 2828 a)
930 2782 1056 2831 inquit

96 2851 236 2886 auctor
263 2845 448 2886 Chronici
480 2845 625 2884 Slavici
655 2844 702 2883 ad
734 2844 777 2883 A.
812 2844 928 2883 4279.
966 2844 1059 2882 Ver-

99 2910 148 2948 tit
176 2912 218 2947 et
246 2906 495 2958 Simplicium
525 2908 561 2944 in
592 2906 818 2945 Aristotelis
848 2907 908 2944 lV.
940 2905 1058 2944 libros

97 2970 147 3010 de
172 2969 288 3010 Coelo
306 2998 315 3016 ‚
344 2970 410 3019 qui
441 2980 490 3007 ex
523 2967 710 3006 Guz'lelmi
730 2967 954 3007 MORBETI
985 2967 1056 3005 hoe

99 3036 162 3073 est
198 3029 403 3071 Morbekae
442 3031 564 3068 nostri
604 3031 928 3081 interpretatione
965 3029 1057 3068 editi

100 3099 235 3134 exstat
271 3093 447 3132 Venetiis
478 3091 592 3131 isto.
626 3093 687 3131 fol.
719 3092 867 3131 Deinde
904 3093 1058 3143 Simpli-

99 3159 204 3197 cium
244 3157 282 3194 in
322 3154 643 3206 praedicamenta
681 3155 930 3194 Aristotelis:
973 3160 1055 3193 tuin

104 3217 268 3267 Gabeni,
292 3218 412 3257 libros
440 3221 523 3256 tros
552 3216 601 3256 dc
625 3218 825 3256 alimentis
849 3216 897 3256 ad
923 3218 1057 3256 Rosol-

157 3369 190 3409 ιι)
213 3369 358 3402 lacobus
386 3369 503 3408 Queiir
521 3370 559 3402 dc
585 3369 804 3409 scriptoribus
829 3369 1061 3400 Dominicinis

107 3419 193 3453 ’1.1.
217 3427 293 3459 pag.
317 3419 389 3451 589.

1126 355 1208 394 lum
1238 355 1286 395 de
1316 357 1481 407 Aretio‚
1512 359 1707 399 Medicum
1739 363 2021 414 praecipuum:
2052 371 2092 403 et

1127 416 1411 469 Hippocratem
1436 421 1484 459 de
1513 424 1940 473 prognosticationibus
1969 430 2094 479 aegri-

1132 480 1317 520 tudinum
1349 483 1571 523 secundum
1603 489 1754 524 motum
1785 486 1932 526 Lunae.
1963 488 2093 528 Procli

1135 542 1254 581 etiam
1296 544 1481 584 Platonici
1513 545 1734 598 Philosophi
1764 546 1813 587 de
1842 550 2090 591 Providentia

1134 608 1174 642 et
1213 616 1259 643 eo
1289 606 1392 656 quod
1424 608 1461 645 in
1494 607 1629 647 nobis.
1660 610 1865 661 vulgatum
1895 624 1917 652 a
1947 626 2010 654 me
2047 617 2090 654 T.

1132 666 1239 704 Vlll.
1269 666 1366 705 Bibl.
1402 668 1575 708 Graecae
1612 681 1696 721 pag.
1742 674 1829 712 465.
1869 685 1918 712 ex
1948 675 2091 715 Codice

1134 728 1413 768 Holsteniano:
1444 735 1483 769 ct
1508 731 1649 771 librum
1681 732 1728 771 dc
1758 733 1894 774 decem
1938 737 2092 777 dubita-

1133 790 1306 830 tionibus
1335 792 1439 831 circa
1470 794 1790 844 Providentiam,
1822 803 1860 835 et
1890 799 2010 838 alium
2041 800 2090 839 de

1130 854 1323 893 malorum
1356 855 1629 895 subsistentia.
1663 858 1874 910 Utriusque
1904 867 2089 913 excerpta

1132 915 1221 954 dedi
1253 915 1343 954 ibid.
1375 929 1460 968 pag.
1491 917 1580 956 498.
1613 919 1701 958 502.
1734 931 1814 971 seq.
1847 923 1974 962 Etiam
2015 925 2092 963 ele-

1132 979 1417 1018 mentationem
1447 981 1568 1019 Procli
1596 981 1872 1033 Theologicam
1899 987 1917 1023 a
1945 988 2092 1025 Guilel-

1137 1051 1200 1078 mo
1240 1039 1289 1078 de
1326 1042 1508 1081 Morboka
1539 1044 1677 1081 Latine
1707 1056 1863 1084 versam
1905 1054 2013 1086 notat
2050 1051 2090 1088 il-

1130 1103 1272 1141 lustris
1298 1104 1516 1143 Leibnitius
1541 1110 1634 1143 tom.
1668 1108 1681 1145 4
1714 1107 1979 1158 Epistolarum
2007 1123 2091 1162 pag.

1133 1165 1221 1204 424.
1246 1169 1365 1216 atque
1393 1167 1428 1204 in
1452 1167 1706 1206 Bibliothecis
1727 1170 1897 1220 Galliae,
1927 1172 2091 1223 Angliaie

1127 1231 1166 1265 et
1192 1228 1429 1267 Germaniae,
1460 1229 1589 1269 adhuc
1620 1233 1769 1269 servari
1802 1233 1904 1271 illam
1944 1237 2092 1273 versio-

1137 1300 1225 1327 nem
1256 1291 1410 1327 notavit
1435 1291 1618 1331 Oudinus
1648 1299 1743 1331 tom.
1767 1295 1802 1332 3.
1833 1306 1918 1346 pag.
1942 1297 2027 1335 469.
2051 1303 2091 1335 et

1134 1351 1308 1389 lacobus
1335 1352 1472 1397 Quetif
1492 1357 1585 1391 tomi
1613 1356 1626 1393 4
1659 1367 1746 1406 pag.
1771 1357 1859 1395 390.
1880 1361 1944 1407 qui
1970 1361 2088 1398 etiam

1136 1418 1350 1452 tractatum
1391 1415 1575 1453 Guilelmi
1617 1417 1808 1456 ineditum
1848 1419 1894 1457 cle
1930 1426 2018 1459 urti-
2055 1425 2093 1460 et

1136 1474 1300 1512 scientia
1334 1475 1586 1515 Geomantiae
1615 1485 1910 1519 commemorat.

1189 1537 1360 1576 Joatmes
1389 1538 1677 1587 MORELLUS,
1710 1542 1933 1582 Canonicus
1965 1545 2091 1591 Regu-

1135 1599 1230 1637 laris
1254 1600 1291 1638 S.
1324 1600 1501 1651 Dionysii
1531 1602 1766 1651 Remensis,
1793 1606 1960 1655 scriptor
1988 1594 2092 1645 Vitae

1135 1662 1174 1700 S.
1197 1661 1402 1701 Erminiae
1422 1664 1553 1702 varias
1576 1665 1748 1702 visiones
1773 1670 1814 1703 ct
1831 1669 2093 1718 apparitiones

1134 1723 1184 1763 A.
1210 1725 1326 1763 4395.
1359 1725 1408 1764 1111
1441 1726 1564 1765 factas
1594 1727 1783 1766 referens.
1811 1728 1974 1768 Joannis
1998 1732 2093 1770 Ger-

1135 1788 1244 1825 sonis
1274 1787 1322 1825 de
1352 1787 1413 1826 illa
1441 1788 1634 1839 judicium
1665 1800 1710 1828 ac
1740 1801 1908 1830 censura
1947 1793 2091 1844 legitur

1133 1853 1229 1887 tom.
1272 1851 1305 1888 4.
1337 1849 1435 1901 Opp.
1466 1850 1558 1889 edit.
1590 1862 1717 1890 novae
1747 1864 1834 1903 pag.
1873 1855 1934 1894 83.
1974 1861 2093 1906 atque

1136 1912 1224 1950 ideo
1264 1913 1411 1951 More-lli
1451 1913 1522 1952 hoc
1560 1914 1643 1952 loco
1681 1917 1919 1955 mentionem
1965 1918 2091 1956 facere

1131 1975 1240 2013 volui
1285 1986 1510 2025 quanquam
1548 1976 1695 2015 Gallice
1735 1976 1797 2015 ille
1835 1989 1910 2016 non
1955 1979 2089 2018 Latine.

1132 2038 1352 2087 scripserit.

1188 2098 1286 2138 Otho
1310 2099 1515 2140 MORENA
1534 2133 1544 2150 ,
1571 2100 1732 2140 Lothari
1764 2103 1826 2141 lll.
1858 2108 1897 2141 et
1921 2103 2088 2143 Conradi

1132 2162 1177 2200 ll.
1200 2163 1317 2212 Regis
1344 2164 1514 2214 Legatus
1539 2164 1696 2215 scripsit
1719 2164 1934 2204 Historiam
1953 2178 2088 2205 rerum

1126 2224 1397 2264 Laudensinm
1425 2227 1489 2274 (in
1520 2227 1672 2265 Ducatu
1700 2227 2003 2275 Mediolanensi)
2028 2231 2090 2267 cui

1137 2287 1320 2326 ultimam
1360 2299 1521 2326 manum
1562 2288 1713 2326 addidit
1748 2290 1876 2336 filius,
1913 2290 2090 2330 Acerbus

1129 2349 1351 2389 MORENA.
1385 2351 1426 2388 In
1460 2349 1533 2388 hac
1565 2349 1725 2389 historia
1754 2352 2001 2391 illustrantur
2025 2364 2088 2391 res

1128 2421 1264 2462 gestae
1313 2413 1334 2450 a
1366 2411 1562 2450 Friderico
1606 2413 1632 2450 l.
1677 2413 1917 2463 Imperatore
1954 2415 2002 2452 ab
2044 2415 2086 2452 A.

1131 2473 1248 2512 4453.
1276 2474 1325 2512 ad
1363 2474 1476 2512 4468.
1507 2475 1613 2511 [lanc
1643 2475 1795 2524 primus
1824 2475 1942 2512 edidit
1968 2480 2086 2524 atque

1130 2534 1299 2573 eruditis
1330 2537 1434 2573 notis
1465 2535 1679 2574 illustravit
1708 2536 1812 2574 Felix
1843 2536 1985 2580 Osins,
2011 2538 2086 2574 Me-

1130 2595 1395 2643 diolanensis‚
1436 2597 1636 2634 Professor
1666 2598 1904 2644 Patavinus‚
1946 2599 2083 2636 Venet-

1132 2657 1246 2695 4639.
1288 2658 1349 2695 fol.
1392 2658 1492 2696 Cum
1525 2658 1662 2695 iisdem
1698 2669 1834 2696 recusa
1867 2659 2011 2710 legitur
2046 2662 2082 2698 in

1133 2723 1237 2756 tomo
1269 2721 1384 2757 tertio
1414 2719 1588 2757 thesauri
1618 2719 1910 2770 Antiquitatum
1951 2722 2082 2760 ltaliae

1131 2780 1339 2819 Graeviani
1359 2811 1368 2827 ,
1393 2786 1432 2818 et
1462 2782 1547 2818 sine
1578 2782 1653 2819 illis
1679 2784 1782 2819 notis
1808 2784 1842 2820 in
1875 2788 1979 2821 tomo
2008 2786 2085 2835 pri-

1134 2854 1196 2881 mo
1239 2844 1477 2894 scriptorum
1520 2845 1872 2883 Brunsvicensium
1919 2846 2082 2884 illustris

1136 2907 1315 2944 Leibnitii
1338 2918 1422 2957 pag.
1447 2907 1535 2944 806.
1556 2907 1733 2956 Denique
1751 2906 1906 2945 diversa
1930 2909 1964 2945 in
1984 2909 2082 2947 mul-

1134 2971 1185 3007 tis
1221 2981 1268 3007 ex
1309 2969 1431 3006 Codd.
1473 2969 1734 3007 Bibliothecae
1779 2971 2081 3012 .t1111›rosian.i‹=,

1133 3043 1223 3069 cum
1262 3030 1432 3069 editione
1469 3031 1611 3069 osiana
1649 3043 1695 3069 ex
1727 3031 1893 3068 adverso
1932 3035 2080 3082 posita,

1132 3099 1171 3132 et
1203 3096 1239 3131 in
1270 3095 1349 3132 Osii
1382 3093 1718 3146 notarunrlocuin
1743 3093 1941 3142 adjunctis
1967 3098 2081 3132 novis

1131 3157 1374 3195 celeberrimi
1413 3155 1572 3204 josephi
1612 3155 1769 3192 Antonii
1811 3157 1939 3198 Saxii.
1986 3159 2078 3196 Bibl.

1131 3217 1413 3256 Ambrosmnao
1444 3217 1653 3267 praetecti,
1683 3221 1722 3253 et
1753 3218 1948 3267 Anonymi
1987 3220 2076 3258 Ord.

1191 3368 1225 3401 l»)
1245 3370 1278 3398 ln
1305 3368 1437 3407 Erpoldi
1457 3368 1691 3408 Liuilenbrogii
1710 3372 1928 3409 scriptoribus
1945 3374 2082 3412 Septen-

1126 3418 1326 3450 trionnlibus
1352 3428 1426 3459 pag.
1451 3417 1523 3450 2206.
1548 3419 1627 3452 edit.
1651 3417 1668 3449 a
1693 3427 1744 3450 mc
1768 3424 1912 3451 curatae.
