2517 4009
921 202 950 240 P
973 202 1004 241 R
1025 202 1060 242 Ο
1080 203 1106 241 S
1126 205 1154 243 P
1174 205 1208 244 E
1232 205 1262 242 R

62 276 126 311 «ut
174 273 367 323 Prospero
411 269 629 309 adiudicari
673 275 795 321 queat
817 304 821 315 ,
861 274 1050 322 quamvis

15 361 20 366 -
68 324 280 385 ¹quaedam
307 332 412 371 illius
439 331 608 382 phrases
623 342 716 371 cum
740 334 932 384 Prospero
956 346 1050 373 con-

0 410 18 434 :s
78 396 256 434 veniant.
304 395 402 434 Nam
450 393 674 433 doctrinam
719 396 1048 447 pelagianorum,

0 470 16 497 t.
77 460 217 496 contra
246 467 367 507 quam
399 455 464 494 ille
495 462 774 506 pugnaverat,
796 460 1047 498 statuminat.

10 547 38 555 ..
78 519 330 570 Quapropter
382 517 553 556 fortasse
597 518 646 556 ab
691 520 792 570 ipsis
835 520 1048 559 haereticis

0 588 14 624 Γ,
78 582 215 620 statim
246 584 337 631 post
366 579 540 618 Carmen
572 579 622 618 de
654 581 821 632 ingratis
848 583 1047 621 insertum

8 673 15 678 .
77 647 142 682 est
159 672 169 692 ,
197 646 242 682 ut
265 641 490 681 doctrinam
515 644 757 681 contrariam
785 644 861 682 sub
887 646 1047 683 nomine

10 743 13 751 ,
77 705 259 756 Prosperi
287 704 502 755 gratiorem
534 704 725 742 facerent.
769 705 936 744 Videtur
978 717 1047 745 au-

0 791 11 814 ..
54 752 158 806 ftem
189 767 239 806 ab
268 767 344 806 alio
386 765 560 817 quodam
590 767 695 805 circa
726 766 801 806 An.
834 769 921 807 446.
954 779 1047 806 con-

74 830 226 869 fectum
265 839 370 868 esse.
416 830 558 868 Narrat
588 829 696 867 enim
742 829 887 868 abhinc
927 831 1046 869 annis

0 873 11 938 »ἶ
73 891 213 931 decem
242 891 412 931 Galliam
443 902 464 929 a
509 890 702 930 Vandalis
731 895 772 930 et
801 892 914 930 Getis
952 903 1044 931 esse

75 957 299 1002 vastatam,
330 965 367 992 v,
399 953 464 992 33.
496 954 601 991 vites
629 965 791 1004 quoque
822 965 914 993 cum
946 955 1045 993 oleis

72 1016 254 1067 periisse,
279 1026 316 1053 v.
338 1015 400 1053 30.
423 1014 532 1065 quod
550 1015 589 1052 in
612 1016 861 1054 Provinciam
887 1015 1043 1065 melius,

2 1115 8 1119 .
73 1089 195 1129 quam
221 1078 478 1129 Aquitaniam
499 1077 619 1116 cadit.
643 1079 731 1116 Jam
761 1089 856 1116 vero
879 1079 1046 1129 Prosper

0 1178 10 1191 Ι,
73 1140 150 1178 An.
177 1140 267 1179 446.
289 1140 360 1177 vix
387 1140 448 1179 48.
474 1144 544 1178 aut
568 1139 632 1179 20.
658 1151 787 1178 annos
815 1145 934 1179 natus
954 1151 1045 1178 esse

49 1202 214 1252 potuit.
246 1200 496 1240 Benedictini
527 1201 629 1240 Galli
673 1200 892 1240 Auctorem
924 1202 1046 1251 hujus

0 1304 3 1308 ,
72 1264 274 1303 Carminis
322 1274 572 1313 anonymum
618 1263 806 1311 faciunt,
852 1264 1046 1314 Prospero

3 1375 5 1379 ι
71 1327 346 1376 anteriorem,

398 1326 515 1376 eique
569 1325 690 1364 simul
738 1325 1044 1365 Confessionem

73 1387 190 1425 modo
222 1392 485 1426 memoratam
517 1387 714 1426 tribuunt.
749 1387 845 1425 Vide
875 1392 972 1426 tom.
999 1389 1045 1427 ΙΙ.

13 1461 16 1468 ’
73 1450 270 1488 Historiae
301 1449 358 1487 lit.
390 1449 565 1487 Gallicae
596 1459 685 1498 pag.
719 1448 783 1486 76.

129 1510 165 1550 [ι.
198 1511 254 1549 De
284 1511 488 1550 vocatione
514 1510 692 1561 yentium
722 1508 821 1549 libri
856 1511 910 1548 II.
941 1522 1044 1561 quos

0 1618 4 1623 ,
73 1573 242 1613 Codices
272 1574 382 1614 MSS.
411 1572 649 1619 Ambrosio,
681 1573 850 1612 Vossius
882 1572 1045 1620 Hilario,

71 1636 270 1687 Erasmus
299 1635 497 1676 Eucherio
540 1633 827 1685 Lugdunensi,
859 1635 922 1674 alii
954 1634 1056 1673 Pro-'

70 1709 191 1748 spero
221 1697 516 1744 Aurelianensi,
540 1696 605 1735 alii
627 1695 722 1734 Afro
747 1696 921 1746 cuidam,
942 1697 1047 1744 Que-

71 1760 232 1799 snellus
274 1759 450 1809 denique
492 1759 612 1797 Leoni
643 1760 690 1797 Μ.
724 1759 918 1799 tribuunt.
950 1762 1043 1799 Pro-

70 1823 175 1873 speri
219 1833 296 1861 non
342 1832 433 1860 esse
463 1820 603 1871 ajunt,
635 1822 729 1871 quia
761 1833 892 1872 neque
923 1823 1042 1862 stilus

65 1885 285 1932 convenit,
305 1885 372 1934 qui
397 1884 542 1922 cultior
571 1887 658 1932 est,
688 1895 808 1934 quam
841 1885 1040 1935 Prosperi,

68 1957 200 1995 neque
247 1945 447 1995 dogmata.
478 1944 577 1984 Vide
623 1950 829 1983 auctorem
861 1946 970 1984 vitae
1000 1952 1040 1984 et

67 2007 167 2047 Bibl.
199 2006 293 2045 hist.
324 2006 488 2045 Galliae.
517 2005 595 2045 Sed
623 2006 718 2044 mihi
751 2006 848 2045 baec
892 2008 1037 2047 Critica

67 2069 238 2107 nimium
264 2072 405 2119 arguta
430 2079 521 2107 esse
546 2067 719 2107 videtur·
745 2067 847 2113 Quid
871 2069 902 2106 si
929 2071 1035 2107 enim

67 2132 238 2181 Prosper
262 2130 360 2169 haec
380 2129 515 2180 junior
532 2128 798 2181 scripsisset?
814 2132 915 2170 Tum
940 2142 1038 2169 sane

65 2193 115 2231 de
145 2192 237 2231 stilo
270 2193 396 2244 magis
425 2192 604 2232 laborare
628 2194 770 2244 potuit,
788 2197 829 2231 et
853 2197 950 2232 tunc
972 2204 1039 2243 sy-

65 2260 197 2294 stema
225 2254 571 2306 Augustinianum
597 2253 646 2293 de
677 2255 829 2304 gratia,
861 2259 902 2292 et
934 2266 1036 2304 quae

64 2316 145 2355 huc
175 2320 390 2367 spectant,
422 2316 600 2355 nondum
632 2320 713 2355 tam
753 2320 939 2355 accurate
970 2316 1038 2355 ha-

63 2377 151 2416 buit
178 2380 399 2428 cognitum.
423 2379 569 2416 Notum
592 2383 668 2424 est,
693 2378 843 2416 multos
873 2382 1038 2416 senten-

64 2441 168 2488 tias,
205 2451 308 2490 quas
347 2437 602 2490 juvenilibus
643 2440 761 2477 annis
803 2440 1038 2489 elegerant,

65 2505 203 2552 postea
221 2500 464 2539 deseruisse.
478 2499 892 2550 VossiusProsperum
910 2513 1038 2551 quen-

65 2563 158 2602 dam
189 2562 523 2601 Aurelianensem
556 2562 748 2612 protulit,
779 2561 897 2611 cujus
927 2562 1037 2600 Sido-

64 2626 156 2663 nius
186 2624 427 2675 Apollinaris
452 2625 578 2674 Epist.
606 2624 720 2672 VIII,
748 2625 808 2662 45.
837 2625 1035 2672 meminit,

62 2688 213 2738 quique
243 2686 403 2725 duobus
427 2686 616 2726 Conciliis
638 2686 832 2724 interfuit.
858 2687 1036 2735 Respon-

61 2749 130 2788 det
158 2752 293 2787 autem
319 2748 565 2794 Quesnellus
587 2747 686 2786 diss.
711 2747 758 2786 ad
783 2747 912 2797 Opera
940 2748 1036 2785 Leo-

63 2811 127 2848 nis
157 2820 245 2860 pag.
277 2809 366 2847 363.
398 2809 506 2848 hunc
536 2811 776 2860 Prosperum
809 2821 886 2847 non
910 2810 1035 2848 fuisse

63 2877 145 2912 tam
177 2871 340 2910 doctum
370 2881 416 2908 ac
447 2871 692 2921 facundum,
723 2876 863 2922 utpote
890 2873 958 2921 qui
978 2872 1036 2910 Si-

63 2932 423 2984 doniiApollinaris
437 2933 576 2972 stilum
596 2933 852 2973 emendicare
871 2937 1036 2972 coactus

63 3001 129 3035 est
157 2995 204 3034 ad
238 2995 362 3032 vitam
396 2995 434 3032 S.
466 2995 609 3032 Aniani
642 2995 965 3034 describendam.

118 3059 154 3096 5.
186 3053 371 3106 Epistola
400 3054 455 3093 ad
494 3055 787 3095 Demetriadem
817 3056 1033 3107 virqinem,

65 3129 168 3170 quae
197 3121 262 3156 est
292 3115 533 3155 Eoehortatio
562 3115 617 3154 ad
645 3116 921 3155 humilitatem.
957 3118 1035 3156 Sti-

63 3182 128 3221 lus
156 3191 248 3219 cum
281 3178 394 3217 libris
423 3177 473 3217 de
497 3179 707 3216 vocatione
734 3181 915 3229 gentium
941 3189 1035 3216 con-

121 3331 153 3368 a)
178 3332 208 3360 ls
227 3329 350 3360 librum
369 3328 459 3360 hun«.-
478 3327 572 3358 valde
591 3326 800 3358 commendat
829 3336 856 3358 c.
882 3328 913 3357 ε».
936 3325 1038 3356 libelli

2019 214 2091 252 321

1125 276 1250 313 venit.
1284 275 1481 328 Prosperi·
1506 290 1596 319 esse
1619 283 1827 320 contendit
1852 281 2096 332 Antelmius,

1124 337 1264 377 Leonis
1293 339 1350 377 M.
1388 342 1633 386 Quesnellus
1663 345 1767 383 Diss.
1801 346 1836 384 4.
1868 357 1905 397 p.
1936 345 2027 385 250.
2055 351 2096 385 et

1125 399 1216 437 Diss
1262 401 1326 439 IV.

1179 463 1214 499 6.
1244 462 1514 504 Auctorz'tates
1537 465 1768 520 Pontificum
1791 470 1838 510 de
1860 470 1999 522 qratia
2024 470 2100 509 Dei

1124 527 1163 562 ec
1189 523 1312 563 libero
1342 526 1529 568 arbitrio,
1554 531 1595 568 In
1618 532 1861 573 editionibus
1897 533 2096 584 prioribus

1126 597 1202 624 non
1236 587 1448 629 habentur.
1474 591 1586 631 Adde
1608 594 1831 635 Fabricium
1855 597 1953 635 Bibl.
1975 597 2097 636 Grae-

1123 658 1193 686 cae
1223 650 1307 688 Vol.
1339 652 1407 689 XI.
1441 664 1526 702 pag.
1560 655 1650 693 397.

1179 709 1214 748 7.
1246 711 1428 764 Epistola
1457 715 1513 753 acl
1542 715 1783 757 Flavianum
1813 719 1946 771 Episc.
1976 721 2092 761 CPol.

1124 773 1265 811 Leonis
1294 777 1341 813 M.
1373 782 1460 823 est,
1492 778 1561 816 sed
1587 791 1607 818 a
1630 781 1872 830 quibusdam
1899 785 2092 834 Prospero

1121 835 1378 876 adscribitur.
1408 839 1506 877 Vide
1531 851 1652 892 supra
1677 847 1772 881 tom.
1800 845 1850 882 IV
1889 856 1976 895 pag.
2001 845 2093 885 538.

1119 901 1160 934 et
1190 898 1488 939 Tillemontium
1522 906 1616 941 tom.
1649 905 1754 943 XVI.
1784 917 1870 955 pag.
1901 907 1966 945 25.
2006 918 2091 957 seq.

1174 961 1209 998 8.
1242 960 1422 1012 Epistola
1452 963 1508 1002 acl
1528 964 1799 1016 Auqustinum
1829 968 1878 1006 de
1910 968 2092 1019 reliquiis

1121 1022 1353 1072 l'elagianae
1379 1023 1619 1075 haereseos,
1647 1028 1684 1066 in
1711 1030 1901 1080 operibus
1921 1031 2094 1070 Cassan-

1120 1084 1179 1121 dri
1209 1095 1297 1136 pag.
1330 1085 1420 1125 640.

1410 1148 1485 1187 III.
1524 1150 1798 1202 Supposititia.

1177 1211 1213 1247 l.
1250 1209 1306 1247 De
1347 1210 1431 1249 vita
1475 1213 1809 1264 contemplativa,
1856 1217 1962 1267 quod
2006 1217 2088 1268 jam

1121 1271 1256 1309 seculo
1301 1273 1368 1311 IX.
1414 1272 1641 1325 Ansegisus
1688 1281 1730 1315 et
1776 1277 2091 1331 Chrodegangus

1121 1336 1314 1382 tanquam
1346 1345 1448 1384 opus
1479 1337 1660 1387 Prosperi
1691 1341 1816 1377 nostri
1856 1341 2090 1390 adducunt,

1122 1394 1361 1434 Sirmondus
1404 1402 1540 1436 autem
1587 1402 1830 1440 testimoniis
1874 1404 2011 1442 Isidori
2050 1409 2090 1443 et

1120 1455 1315 1495 Gennadii
1339 1458 1540 1498 adductus
1561 1460 1718 1500 Juliano
1739 1465 1918 1503 Pomerio
1936 1467 2089 1505 tribuit.

1119 1517 1218 1556 Vide
1249 1519 1474 1560 Fabricium
1507 1528 1692 1562 nostrum
1725 1536 1845 1575 supra
1887 1531 1914 1564 t.
1958 1528 2020 1565 IV.
2052 1540 2087 1578 p.

1121 1578 1211 1618 ἶι76.
1244 1581 1393 1619 Prodiit
1423 1584 1509 1622 sine
1555 1587 1758 1625 mentione
1789 1587 1861 1625 loci
1902 1589 2018 1627 ⁴486.
2050 1594 2091 1627 et

1121 1653 1283 1681 rursum
1316 1644 1435 1683 4487.
1466 1647 1508 1683 it.
1538 1648 1734 1696 Taurini,
1766 1650 1853 1688 sine
1885 1652 2089 1689 mentione

1119 1702 1213 1742 anni
1232 1734 1241 1751 ,
1272 1704 1308 1744 [ι.

1171 1766 1206 1804 2.
1238 1767 1295 1805 De
1317 1768 1532 1819 promissis
1561 1774 1599 1808 et
1621 1772 1967 1822 praedictionibus
2002 1776 2085 1814 Dei.

1117 1828 1192 1867 hoc
1220 1841 1321 1881 opus
1352 1832 1617 1872 Cassiodorus
1648 1836 1781 1874 Instit.
1828 1836 1953 1875 divin.
1984 1848 2018 1875 c.
2051 1840 2086 1876 4.

1116 1891 1192 1930 sub
1222 1895 1384 1932 nomine
1415 1896 1596 1946 Prosperi
1626 1898 1753 1947 citat,
1784 1911 1905 1949 quem
1931 1912 2009 1939 sec.
2037 1903 2084 1939 X.

1116 1955 1302 2005 sequitur
1339 1956 1566 2006 Notkerus,
1596 1960 1632 2008 a)
1675 1964 1716 1998 et
1760 1965 1895 1999 tamen
1945 1963 2087 2001 nolunt

1115 2017 1297 2067 Prosperi
1327 2029 1444 2066 esse,
1476 2022 1568 2069 quia
1600 2021 1719 2061 stilus
1748 2023 1797 2061 ab
1828 2023 1922 2062 Afro
1958 2025 2087 2074 profe-

1113 2082 1225 2117 ctum
1256 2080 1455 2125 ostendat.

1169 2141 1205 2179 3.
1239 2141 1462 2181 Chronicon
1508 2144 1664 2185 Tironis
1708 2147 1898 2199 Prosperi
1928 2149 2082 2188 nomine

1114 2200 1287 2251 editum,
1318 2204 1367 2243 de
1396 2218 1476 2256 quo
1502 2206 1585 2256 jam
1613 2211 1800 2259 superius
1825 2209 1978 2249 dictum
2005 2216 2081 2250 est.

1169 2266 1204 2303 4.
1237 2267 1320 2304 Huc
1352 2269 1556 2317 pertinent
1587 2271 1707 2308 etiam
1741 2271 1804 2310 illa
1825 2303 1836 2319 ‚
1869 2284 1971 2322 quae
2002 2276 2086 2312 Tri-

1114 2326 1316 2378 themius,
1346 2335 1387 2368 et
1416 2335 1510 2368 ante
1556 2331 1666 2370 illum
1700 2344 1844 2381 nemo,
1891 2336 2084 2385 Prospero

1113 2388 1330 2439 adscribit,
1361 2390 1562 2443 Epistolae
1591 2393 1646 2432 acl
1673 2393 1876 2444 diversos,
1905 2395 1952 2434 de
1981 2396 2084 2436 viris

1114 2449 1368 2502 illustribus,
1399 2458 1438 2492 ec
1464 2455 1512 2493 de
1543 2456 1670 2494 Roma
1701 2461 1830 2507 capta.

1167 2513 1296 2564 Opera
1322 2517 1505 2566 Prosperi
1535 2529 1613 2556 non
1646 2519 1765 2557 simul
1813 2521 1950 2558 statim
1987 2526 2082 2558 sunt

1113 2575 1217 2614 edita
1232 2607 1243 2624 ,
1270 2577 1340 2615 sed
1362 2580 1608 2617 successive.
1631 2580 1821 2618 Collectio
1842 2581 1968 2629 prima
1993 2593 2082 2630 pro-

1111 2636 1184 2674 diit
1212 2639 1333 2676 Paris.
1368 2640 1483 2678 ⁴533.
1516 2641 1579 2679 46.
1610 2652 1713 2689 quae
1739 2645 1896 2679 tantum
1922 2642 2082 2692 Episto-

1112 2698 1190 2736 lam
1236 2699 1284 2737 ad
1330 2701 1548 2747 Rufinum,
1590 2705 1631 2739 et
1671 2702 1987 2751 Responsionem
2030 2703 2079 2742 ad

1111 2760 1264 2812 objecta
1296 2761 1573 2801 Genuensium
1603 2764 1796 2802 continet.
1830 2763 1965 2803 Altera
2009 2767 2079 2804 Pa-

1111 2825 1232 2862 risina
1265 2825 1381 2863 4538.
1409 2823 1447 2863 8.
1478 2828 1635 2874 praeter
1665 2828 1870 2876 superiora
1914 2827 2078 2866 exhibet

1110 2896 1211 2936 opus
1259 2891 1397 2925 contra
1441 2887 1709 2935 Collatorem,
1750 2888 2076 2938 Epigrammata,

1110 2948 1314 2998 Epistolas
1344 2948 1494 2987 Aurelii
1525 2949 1871 2999 Carthaginiensis
1901 2956 1941 2988 et
1979 2952 2078 2990 Coe-

1111 3011 1246 3048 lestini
1276 3012 1430 3061 Papae,
1461 3022 1535 3049 nec
1567 3022 1645 3049 non
1676 3011 1950 3050 Auctoritates
1980 3013 2079 3051 Pon-

1111 3072 1276 3111 tificum.
1310 3072 1491 3123 Lugduni
1526 3073 1639 3111 4539.
1667 3073 1729 3111 fol.
1757 3074 1845 3112 Seb.
1871 3072 2077 3124 Gryphius

1110 3133 1262 3173 addidit
1291 3135 1461 3172 Carmen
1491 3139 1629 3172 contra
1665 3135 1867 3185 ingratos,
1899 3136 2077 3186 Respon-

1109 3197 1244 3233 sionos
1274 3195 1320 3233 ad
1366 3195 1610 3244 objectiones
1654 3195 1859 3235 Gallorum
1897 3202 1938 3235 et
1982 3198 2075 3237 Vin-

1101 3328 1138 3358 de
1155 3327 1240 3356 Viris
1255 3327 1373 3358 illustr.
1389 3335 1486 3366 supra
1504 3327 1549 3359 lib
1576 3329 1637 3358 xv.
1652 3336 1670 3358 a
1686 3327 1836 3361 Fabricio
1850 3331 1970 3368 edium
2005 3329 2078 3361 ⁶290.

1702 3399 1773 3435 ¹92²
