2533 4009
447 209 524 247 tto

444 289 534 327 qam
556 276 672 315 edidit
696 274 793 312 Frid.
814 271 1129 318 Lindenbrogius
1147 271 1270 320 primo
1287 282 1398 320 sepa-

444 340 558 375 ratim
582 337 762 377 Parisiis.
790 326 901 370 4692.
930 332 964 368 t.
998 329 1141 368 deinde
1181 331 1217 368 in
1255 331 1397 369 Codice

448 402 590 444 Legum
617 397 829 435 Veterum.
856 391 1032 430 Francos.
1058 391 1172 429 4643.
1195 383 1258 429 iol.
1279 396 1319 429 et
1348 403 1395 430 ex

445 446 515 496 liae
536 457 704 494 editione
733 452 947 490 Gnldastus
976 457 1083 489 tomo
1107 453 1169 490 111.
1196 452 1397 491 Constitu-

443 521 590 555 tionum
618 514 895 563 lmperialium.
922 514 1039 550 Porro
1055 524 1142 551 eam
1168 512 1277 551 dedit
1311 514 1398 552 Hie-

441 586 631 626 ronymus
659 575 874 623 Bignonius
904 585 950 612 ex
977 574 1221 624 autographo
1249 574 1394 612 Pitlioei

439 649 528 676 cum
549 636 748 674 Glossario
771 635 895 678 411435,
919 640 957 673 et
975 636 1298 675 annotationibus
1313 637 1397 674 suis

440 698 711 746 l³nrniulisque
743 696 916 734 Marcultl
942 695 1087 735 additis
1104 728 1113 743 ‚
1139 699 1258 736 Paris.
1280 699 1397 737 4665.

438 763 471 797 8.
499 760 686 808 Sequitur
716 758 944 808 Stephanus
968 758 1178 805 Baluzius,
1201 762 1267 809 qui
1306 771 1397 799 ean-

435 823 524 859 dem
551 823 652 858 inter
677 819 918 870 Capitularia
962 821 1112 869 Regum
1158 823 1397 861 Francorum

436 883 582 928 edidit,
611 893 702 921 cum
736 882 919 921 undecim
945 882 1147 921 codicibus
1169 884 1399 934 antiquissi-

435 945 510 982 mis
533 943 735 982 collatam.
758 943 895 993 Neque
916 944 1162 982 omittendus
1187 949 1249 982 est
1274 945 1400 983 Gode—

434 1005 559 1044 fridus
605 1005 895 1051 WendelinuS,
935 1006 1003 1054 qui
1042 1016 1061 1043 a
1101 1007 1212 1043 Joan.
1255 1007 1397 1044 Jacobo

434 1068 631 1107 Chillletio
657 1068 871 1113 incitatus,
902 1066 1116 1105 editionem
1143 1067 1396 1106 lleroldinam

434 1130 510 1168 liue
556 1139 683 1178 usque
720 1130 908 1166 omissam
954 1130 1183 1177 revocavit,
1228 1140 1397 1180 eamque

429 1203 519 1229 eum
541 1191 740 1229 Glossario
762 1201 835 1228 suo
856 1194 895 1227 et
920 1189 1203 1228 dissertatione
1249 1190 1298 1228 de
1331 1202 1398 1229 na-

433 1253 497 1291 tali
515 1253 596 1290 solo
614 1254 759 1301 Legum
779 1251 1268 1301 salicarumAntwei-piae
1281 1254 1294 1291 4
1307 1251 1395 1290 649.

433 1316 466 1352 4.
490 1316 525 1352 in
553 1315 679 1352 lucem
707 1313 905 1364 produxit.
933 1313 1106 1352 Palmam
1135 1314 1299 1364 reliquis
1315 1325 1399 1352 orn-

432 1377 548 1414 nibus
572 1377 790 1426 praeripuit
829 1377 887 1412 Jo.
925 1375 1118 1425 Georgius
1162 1375 1397 1424 Eecardus,

434 1441 501 1488 qui
527 1439 675 1488 aliquot
701 1437 911 1476 Codicibus
935 1436 1037 1475 MSS.
1067 1448 1189 1484 usus,
1221 1437 1292 1475 has
1330 1439 1399 1474 Le-

437 1512 507 1548 ges
530 1500 661 1538 denuo
686 1499 761 1537 sub
789 1498 972 1537 incudem
999 1500 1228 1545 revocavit,
1267 1500 1399 1536 varias

439 1573 577 1600 earum
598 1561 792 1599 editiones
809 1566 847 1598 et
864 1559 1020 1599 codices
1037 1560 1202 1598 sollicite
1218 1561 1398 1608 contulit,

439 1629 478 1661 et
504 1624 797 1662 Commentario
815 1627 877 1661 sat
894 1622 1097 1660 luculento
1115 1622 1342 1668 illustravit,
1360 1625 1396 1660 in

438 1697 516 1735 quo
538 1687 745 1735 praecipue.
768 1695 887 1722 voces
907 1684 1154 1734 germanicas
1169 1685 1399 1734 etymologi-

439 1758 484 1783 ee
518 1746 714 1793 illustrat3
739 1757 816 1795 qua
842 1747 879 1782 in
907 1756 947 1782 re
970 1744 1140 1783 multum
1169 1755 1264 1782 sane
1289 1756 1400 1795 prac—

437 1810 558 1856 stitit‚
580 1810 610 1846 si
630 1808 825 1857 quaedam
848 1808 1025 1856 excipias
1042 1838 1052 1854 ‚
1094 1808 1130 1844 in
1170 1806 1317 1857 quibus
1355 1818 1398 1845 se

436 1872 565 1921 paullo
589 1870 836 1908 audaciorem
861 1869 1035 1908 exbibet.
1060 1870 1110 1907 Et
1134 1869 1224 1907 huic
1258 1869 1396 1907 Eccar-

437 1931 486 1970 do
508 1931 675 1969 debetur
699 1932 837 1968 notitia
872 1930 1090 1969 editionum
1111 1961 1122 1978 ,
1162 1942 1280 1980 quam
1322 1930 1398 1969 buc

438 2004 565 2043 usque
590 1993 717 2031 attuli.
739 1993 880 2031 Editus
905 1997 968 2030 est
1005 1992 1114 2030 liber.
1153 1992 1395 2030 Francofurti

437 2060 477 2091 et
505 2056 668 2104 Lipsae,
695 2054 897 2093 sumtibns
921 2054 1065 2092 Nicolai
1092 2054 1285 2092 Foersteri
1303 2084 1313 2101 ,
1339 2055 1400 2091 Bi—

435 2116 625 2166 bliopolae
653 2115 958 2163 {lannoverani,
999 2115 1113 2155 4720.
1153 2116 1215 2154 fol.
1253 2115 1395 2155 Addita

438 2183 532 2216 sunt
556 2178 606 2215 ab
628 2177 805 2216 Eecardo
836 2178 943 2215 varia
967 2190 973 2214 :
1007 2179 1042 2216 4.
1071 2176 1298 2216 Addiliones
1327 2189 1399 2216 va-

437 2251 523 2277 rme
552 2239 597 2277 ad
639 2238 740 2276 hanc
785 2237 932 2289 Legem
973 2239 1089 2276 annis
1134 2239 1398 2288 sequentibus

435 2314 454 2338 a
488 2300 684 2339 Ludovico
715 2301 804 2346 Pio,
835 2300 969 2349 Pipino
999 2304 1039 2336 et
1059 2299 1239 2338 Guidone.
1264 2301 1398 2339 Italiae

438 2363 620 2413 regibus,
650 2360 891 2409 ottonibus,
922 2362 1101 2400 llenricis
1140 2365 1181 2399 et
1223 2362 1311 2400 aliis
1347 2362 1401 2400 fa-

436 2430 541 2462 ctae.
567 2435 604 2473 p.
637 2424 724 2462 483.
755 2423 793 2461 2.
824 2424 910 2462 Leoe
942 2423 1259 2473 Ripuariorum,
1305 2434 1397 2462 cum

436 2484 706 2523 additionibus
735 2484 863 2522 Caroli
895 2486 942 2523 M.
975 2497 1008 2535 p.
1039 2485 1130 2523 204.
1163 2485 1200 2522 3.
1225 2485 1396 2523 Formu-

437 2545 496 2583 lae
525 2545 733 2596 antiquae,
759 2557 861 2595 quas
903 2546 1153 2584 Mabillonius
1194 2545 1399 2585 Alsacz‘cas

438 2612 576 2653 vocat,
606 2607 811 2646 Eccardus
840 2606 1120 2657 Sariyallenses
1153 2608 1335 2656 mavult,
1362 2621 1398 2659 p.

438 2670 529 2707 232.
559 2670 591 2706 4.
623 2669 719 2707 God.
742 2670 844 2708 Guil.
864 2670 1041 2707 Leibnitii
1058 2669 1216 2709 dissert.
1242 2669 1288 2708 de
1314 2670 1402 2709 Ori-

435 2731 523 2780 {Jine
554 2732 805 2768 Francorum
827 2761 834 2778 ,
857 2742 947 2768 cum
974 2732 1304 2770 annotationibus
1328 2733 1401 2771 Ec-

438 2793 543 2830 ‹tardi
565 2822 572 2840 ,
604 2804 640 2842 p.
669 2791 758 2830 2⁷⁴7.
778 2793 812 2830 5.
831 2790 1003 2830 Annales
1024 2792 1215 2830 Francici
1232 2804 1251 2831 a
1271 2793 1401 2831 Theo-

439 2853 569 2891 derico
598 2855 788 2892 Ruinarto
817 2853 985 2891 confecti
1017 2857 1057 2889 et
1091 2853 1280 2903 Gregorio
1323 2856 1400 2893 Tu-

442 2916 596 2952 ronensi
627 2914 774 2962 additi,
807 2927 844 2965 p.
881 2915 970 2952 265.
1013 2914 1049 2951 6.
1096 2914 1400 2953 Ememlcttiones

443 2976 479 3012 in
498 2975 645 3026 otfridi
662 2975 945 3027 Paraphrasz‘n
961 2974 1280 3026 Evanyeliorum,
1300 2988 1400 3026 quas

441 3049 487 3074 vx
518 3037 658 3076 Codice
688 3039 876 3077 Vaticano
920 3039 1133 3088 exscripsit
1180 3038 1400 3077 Fridericus

443 3097 669 3147 llostgaard.
699 3099 874 3137 Tandem
907 3104 1152 3149 postremum
1187 3101 1310 3149 Leges
1334 3100 1402 3138 Sa-

446 3157 538 3194 licas
566 3159 687 3197 edidit
732 3163 871 3200 Petrus
914 3161 1130 3211 Georgiscli
1178 3163 1213 3198 in
1259 3161 1400 3200 Codice.

448 3217 591 3263 Legum
623 3221 834 3269 voti-rum,
868 3223 984 3261 llalae
1028 3224 1138 3260 17:39.
1187 3223 1221 3259 4.
1267 3223 1400 3272 Neque.

450 3276 508 3311 1¹¹(
552 3279 705 3316 Silvitliu
737 3283 1049 3330 praetereundus
1079 3289 1139 3321 est
1171 3287 1234 3324 Vir
1268 3284 1399 3322 Geloi».

1242 201 1627 240 SALICETO

1472 271 1526 307 Jo.
1570 271 1806 310 Guilielmus
1852 273 2103 314 normannus
2128 304 2135 322 ,
2177 286 2295 325 quem
2347 277 2425 315 fata

1472 331 1584 369 nobis
1615 343 1742 380 nuper
1770 333 1983 374 admodum
2010 341 2165 375 mature
2181 338 2428 386 eripuerunt.

1473 393 1510 430 15
1540 392 1648 431 libris
1677 392 1833 432 duobus
1851 394 2180 436 Observationum
2196 397 2313 436 Juris
2331 397 2429 436 Ger-

1471 452 1641 502 manici,
1673 455 1776 503 Lips.
1807 454 1921 493 4738.
1953 458 1990 494 8.
2020 457 2154 505 editis,
2186 460 2295 497 varia
2333 469 2430 508 quo-

1471 525 1549 564 que.
1581 514 1696 564 Legis
1725 515 1875 554 Salicae
1904 517 1987 556 loca
2015 529 2061 556 ex
2094 519 2226 569 lingua
2267 519 2431 558 Germa—

1473 576 1559 613 nica
1591 575 1757 614 feliciter
1786 577 2014 626 explicavit.

1525 636 1545 658 *¹
1574 637 1772 675 Omissam
1807 637 1868 675 hic
1897 648 1986 676 esse
2011 638 2320 691 descriptionem
2350 642 2431 681 edi-

1473 698 1590 735 tionis
1618 698 1731 747 Legis
1761 698 1913 736 Salieae
1934 709 1955 736 a
1978 698 2035 737 Jo.
2059 700 2252 741 Schiltero
2281 703 2431 754 Argen-

1474 760 1661 797 toratensi
1692 763 1877 809 paratae,
1907 770 2026 809 quam
2058 762 2117 799 vir
2146 762 2245 802 alter
2285 764 2429 803 doetus

1474 820 1628 869 perlicit
1652 849 1660 865 ‚
1689 820 1862 859 Joannes
1891 821 2027 860 Rikius
2064 823 2303 872 praefat-ione
2346 824 2432 864 illu-

1474 882 1621 918 stravit
1650 886 1690 919 et
1719 882 1776 919 J0.
1803 882 1944 932 Georg.
1965 882 2178 922 Scherzius
2203 885 2240 922 in
2265 884 2431 924 Univer-

1474 943 1592 979 sitate
1617 941 1945 992 Argentoratensi
1972 944 2170 994 professor
2194 946 2362 985 inseruit
2392 947 2428 984 in

1474 1003 1552 1041 vol.
1585 1004 1631 1041 ll.
1660 1004 1765 1042 Thes
1807 1006 1990 1054 antiquit.
2020 1005 2326 1044 Teutonicarum
2366 1007 2430 1046 Ul-

1474 1076 1562 1103 mae
1589 1065 1702 1104 ⁴727.
1730 1066 1794 1104 fol.
1824 1067 2024 1117 Expressa
2050 1072 2113 1106 est
2132 1067 2252 1106 editio
2277 1068 2352 1107 ista
2380 1068 2427 1107 ad

1474 1128 1680 1166 vetustiss.
1710 1128 1805 1166 Cod.
1830 1129 2012 1179 Regium,
2030 1133 2114 1168 tum
2132 1128 2335 1169 adduntur
2362 1140 2431 1169 va-

1472 1190 1621 1227 riantes
1636 1199 1685 1227 ex
1709 1189 1880 1228 editione
1902 1189 2068 1228 Heroldi
2089 1195 2130 1229 et
2149 1190 2296 1230 codicis
2311 1191 2430 1230 Guel-

1473 1250 1724 1300 plierbytani.
1745 1251 2019 1291 Subiieiuntur
2040 1253 2112 1290 viri
2131 1252 2338 1292 cuiusdam
2362 1252 2430 1291 do-

1472 1313 1522 1350 cti
1554 1311 1844 1351 adnotationes.
1874 1313 2062 1352 Succedit
2091 1313 2154 1353 lex
2202 1314 2328 1353 Salica
2371 1325 2431 1352 re-

1473 1375 1625 1411 centior
1655 1374 1866 1413 emendata
1893 1381 1932 1413 et
1962 1376 2208 1425 promulgata
2241 1375 2359 1427 jussu
2390 1379 2431 1413 et

1473 1435 1715 1474 authoritate
1740 1437 1867 1475 Caroli
1898 1438 1944 1475 M.
1980 1449 2013 1476 c.
2051 1448 2089 1475 n.
2121 1438 2317 1476 Francisci
2355 1438 2428 1487 Py-

1474 1496 1592 1540 thoei,
1610 1497 1844 1547 Hieronymi
1875 1499 2053 1549 Bignonii
2082 1503 2123 1538 et
2151 1498 2289 1550 Steph.
2313 1499 2428 1538 Balu-

1475 1558 1529 1594 tii.
1557 1559 1664 1596 Hanc
1691 1559 1875 1608 equidem
1904 1559 2117 1598 editionem
2141 1563 2276 1611 utpote
2299 1560 2432 1611 splen—

1475 1618 1606 1658 didam
1629 1624 1669 1658 et
1693 1625 1933 1669 accuratam,
1958 1622 2208 1670 praeteriisse
2228 1622 2391 1672 pigeret.
2411 1620 2431 1644 *

1526 1680 1547 1702 *
1584 1680 1915 1720 Bartholomaeus
1958 1683 2013 1720 De
2057 1681 2306 1722 SALICETO
2349 1683 2365 1731 (
2377 1683 2430 1721 De

1472 1751 1550 1788 quo
1595 1741 1657 1780 bic
1706 1747 1890 1782 acturum
1921 1754 2010 1782 sese
2041 1744 2434 1795 Fabricius'spopon-

1473 1801 1587 1840 derat
1616 1814 1689 1841 nec
1720 1804 1838 1842 fidem
1870 1806 1960 1843 eius
1989 1805 2142 1843 exolvit
2170 1805 2313 1844 author
2341 1816 2435 1856 sup-

1476 1865 1696 1914 plementi)
1725 1868 2040 1905 Bonononiensis
2069 1865 2249 1905 Richardi
2276 1867 2434 1906 Saliceti

1469 1925 1570 1975 juris
1611 1929 1788 1966 scientia.
1818 1933 1948 1966 aetate
1993 1939 2065 1967 sua
2109 1929 2205 1967 clari
2234 1940 2281 1968 ex
2314 1929 2434 1967 fratre

1475 1998 1597 2036 nepos
1632 1988 1680 2025 ob
1717 1990 1962 2027 eminentem
1987 1988 2090 2038 juris
2110 1990 2317 2029 scientiam
2348 1990 2435 2028 Mo-

1472 2048 1624 2087 narcka
1635 2049 1748 2100 juris
1769 2051 1993 2102 appellatus
2017 2051 2151 2090 docuit
2171 2053 2340 2100 Patavii,
2366 2053 2435 2091 Pa-

1471 2110 1572 2148 duae
1602 2115 1643 2149 et
1673 2113 1896 2160 Bononiae,
1927 2112 2153 2162 authorque
2178 2113 2252 2151 fuit
2277 2116 2320 2151 ut
2345 2114 2436 2151 Fer-

1473 2172 1597 2210 rariae
1636 2171 1737 2222 juris
1768 2173 1902 2212 schola
1933 2173 2087 2223 publica
2126 2173 2433 2221 institueretur,

1474 2234 1510 2270 in
1536 2245 1613 2283 qua
1642 2240 1682 2273 et
1711 2235 1857 2274 docuit.
1901 2235 2008 2274 Obiit
2038 2235 2113 2274 An.
2145 2236 2248 2276 4442
2276 2235 2339 2274 die
2369 2236 2432 2274 28.

1475 2296 1715 2335 Decembris.
1734 2297 1940 2335 Videndus
1959 2297 2187 2336 pancirolus
2204 2297 2257 2335 De
2272 2297 2320 2336 cl.
2343 2299 2432 2348 Leg.

1475 2357 1638 2407 interpr.
1672 2359 1711 2396 L.
1745 2360 1792 2397 11.
1821 2371 1855 2397 c.
1884 2359 1949 2397 78.
1983 2359 2150 2409 Scripsit
2193 2358 2438 2398 Commentar-

1473 2418 1557 2456 rios
1582 2419 1622 2456 z'n
1649 2419 1818 2458 codicem
1837 2419 2060 2459 Justz‘niani
2075 2421 2138 2459 cui
2163 2421 2270 2471 operi
2300 2419 2437 2460 solidis

1477 2481 1539 2518 48.
1583 2483 1699 2520 annis
1746 2483 1937 2521 incubuit.
1984 2482 2130 2521 Prodiit
2160 2482 2337 2521 Mutinae
2372 2493 2435 2520 an.

1479 2541 1581 2580 4475
1612 2547 1652 2580 et
1682 2543 1798 2582 4476.
1829 2545 1968 2583 Venet.
2003 2544 2105 2582 4483
2136 2543 2302 2594 Scripsit
2337 2545 2437 2594 pari-

1474 2610 1534 2643 ter
1571 2609 1611 2642 et
1650 2606 1690 2644 in
1724 2606 1926 2656 Diqeslum
1975 2609 2088 2646 velus
2120 2607 2275 2646 Brixiae
2319 2606 2436 2645 4499.

1477 2666 1789 2707 Consultalz'ones
1832 2668 1975 2706 varias
2018 2668 2114 2706 Ven.
2160 2667 2275 2706 4478.
2320 2667 2344 2705 f.
2391 2668 2432 2705 ln

1474 2729 1718 2768 Collectione
1744 2730 1894 2768 Veneta
1926 2730 2034 2768 Zileti
2065 2734 2091 2767 t.
2121 2728 2158 2767 6.
2189 2741 2225 2780 p.
2256 2730 2295 2768 2.
2323 2732 2436 2767 extat

1474 2791 1711 2840 opuseulum
1738 2792 1825 2830 eius
1845 2791 1893 2830 de
1915 2802 2030 2829 mora
2052 2795 2091 2829 et
2110 2791 2194 2830 eius
2217 2788 2432 2841 effectibus.

1472 2855 1571 2893 Eius
1599 2852 1646 2891 de
1675 2863 1753 2891 usu
1782 2851 1952 2891 Feudor.
1980 2853 2124 2892 librum
2151 2863 2275 2891 unum
2300 2850 2435 2890 laudat

1475 2914 1719 2953 Trithemius
1748 2914 1797 2952 de
1827 2915 1970 2964 Script.
2000 2914 2106 2953 Eccl.
2138 2926 2174 2964 p.
2215 2914 2292 2952 335
2334 2913 2433 2952 Eius

1475 2977 1667 3026 ltepctitio
1692 2978 1730 3014 L.
1753 2975 1882 3016 Semel
1905 2987 2018 3013 mora
2042 2976 2078 3014 is.
2101 2976 2166 3015 50.
2191 2974 2333 3026 prodiit
2363 2974 2431 3012 Se-

1478 3040 1538 3076 nis
1560 3049 1627 3088 per
1653 3039 1864 3077 llenricum
1889 3039 2072 3077 llaeolem
2097 3038 2212 3077 4495.
2231 3038 2272 3075 Β.
2298 3035 2347 3074 de
2364 3036 2432 3074 Sa—

1472 3099 1587 3137 liceto
1619 3098 1835 3139 Consilium
1863 3110 1950 3151 sup.
1977 3098 2080 3150 facto
2109 3096 2341 3138 Scitis-matis
2355 3108 2430 3148 pro

1479 3159 1634 3198 lsi-bano
1679 3163 1740 3199 Vl.
1770 3165 1881 3199 extat
1913 3163 1948 3198 in
1988 3161 2063 3200 MS.
2097 3159 2189 3198 Cod.
2233 3159 2428 3197 Feliniano

1475 3223 1564 3259 224.
1596 3221 1772 3261 Consilia
1797 3224 1934 3272 Papiae
1960 3223 2075 3261 4489.
2105 3219 2358 3271 Repetitiones
2386 3217 2424 3253 in

1480 3283 1653 3322 sumsisse
1683 3283 1799 3322 Bitlilt'
1823 3286 1962 3336 Papiae
1989 3284 2100 3323 4489.
2129 3282 2149 3305 '⁹‘
