2533 4009
430 232 507 271 330

399 294 579 340 scribit:
612 297 667 345 Eg(

420 363 479 399 nis
521 356 721 408 aliquoties
775 347 1002 386 demoratus
1043 340 1143 381 sim.
1170 347 1378 388 nwzquam

419 419 591 470 comperi
616 415 716 453 duas
739 420 820 448 esse
842 404 1023 445 Sidonos.
1045 410 1167 439 unam
1192 407 1378 448 maynum

420 487 456 520 et
482 480 599 518 aliam
644 482 843 525 parvam;
872 468 1064 518 quantum
1095 460 1147 498 act
1179 464 1381 498 terrenum

415 541 582 592 pertinet
606 536 743 573 locum.
768 528 982 569 Monachus
1012 537 1045 564 a.
1077 524 1166 561 810.
1198 520 1382 559 Schoiam

422 600 655 646 fuldensem
686 593 864 643 aperuit,
898 595 992 627 tunc
1035 584 1225 634 temporis
1269 582 1383 630 longe

417 658 727 699 celeberrimam.
759 653 890 691 Abbas
934 649 1063 687 factus
1093 645 1249 687 a.·82.2.
1297 653 1381 680 mo-

420 720 635 758 nasterium
681 727 751 766 per
779 723 905 752 annos
935 711 1022 749 XX.
1067 708 1196 755 rexit,
1226 710 1266 744 et
1296 706 1386 742 Pro-

421 783 630 820 fossionem
662 779 889 827 Scripturae
920 774 1062 811 Sacrae
1093 769 1163 808 sibi
1205 778 1386 806 reserva-

420 844 489 880 vit.
515 841 600 879 Vid.
619 836 837 889 Magno-aldi
861 833 1090 884 Ziegelbaur
1115 831 1384 879 Conspectum

419 905 473 942 rei
501 902 696 941 literariae
727 899 819 938 Ord.
871 898 908 936 S.
963 892 1197 939 Benedicti,
1226 894 1326 940 part.
1359 889 1389 926 1.

418 977 503 1017 pag.
537 964 597 1003 44.
630 965 690 1002 45.
727 962 791 1000 81.
823 971 943 1009 seqq.

473 1028 609 1064 Postea
653 1032 852 1061 consensu
888 1019 1052 1059 Abbatis
1093 1019 1134 1056 et.
1178 1011 1388 1052 Monacho-

421 1100 508 1128 rum
532 1090 750 1126 'montanus
778 1082 911 1135 factus
941 1083 1022 1128 esc,
1054 1081 1170 1129 prout
1201 1076 1299 1114 Acta
1320 1086 1390 1113 ve-

422 1157 503 1189 tera
534 1150 734 1188 Abbotum
765 1145 1024 1184 Fuldensium
1071 1139 1216 1178 docent
1246 1140 1283 1176 in
1314 1137 1389 1176 Ac-

423 1214 475 1250 tis
506 1211 573 1251 SS.
605 1209 700 1248 Ord.
731 1209 770 1246 S.
800 1204 946 1245 Bened.
979 1213 1059 1241 sec.
1103 1201 1166 1239 lV.
1211 1203 1312 1250 part.
1341 1199 1388 1237 il.

421 1284 509 1324 pag.
538 1272 601 1310 29.
632 1271 671 1309 h.
701 1281 735 1308 e.
767 1273 810 1307 ut
831 1266 1006 1316 explicat
1035 1262 1303 1309 Mabillonius,
1330 1271 1390 1298 ro-

423 1335 561 1373 clusus
591 1335 629 1370 in
675 1330 783 1371 Cella
804 1360 814 1376 ‚
845 1338 947 1378 quae
979 1327 1016 1364 in
1049 1328 1184 1363 monte
1214 1323 1252 1361 S.
1285 1323 1387 1360 Petri

425 1397 499 1434 sita
531 1399 639 1441 erat,
670 1391 880 1431 duodecim
912 1387 1052 1426 stadiis
1081 1397 1103 1424 a
1137 1384 1389 1430 monasterio,

425 1458 550 1496 donec
593 1456 723 1494 factus
765 1457 827 1490 est.
869 1451 1091 1500 Episcopus
1134 1446 1391 1495 moguntinus

425 1531 462 1558 a.
490 1518 578 1557 847.
608 1517 704 1555 obiit
727 1526 761 1553 a.
791 1513 881 1551 8:¹36.
912 1511 1014 1549 Ossa
1043 1509 1131 1558 ejus
1161 1507 1210 1546 ab
1254 1505 1392 1544 Alber-

425 1587 466 1618 to
495 1579 678 1629 Areliiep.
711 1576 940 1626 Moguntino
986 1577 1026 1610 et
1063 1569 1269 1612 ,cardinali
1311 1578 1389 1605 sec.

426 1642 528 1681 XVI.
560 1641 695 1680 Halani
726 1638 918 1676 translata
949 1639 1057 1672 sunt.

481 1705 609 1741 vitam
641 1701 728 1750 ejus
758 1699 917 1748 scripsit
948 1694 1140 1734 {ludolfus
1180 1692 1391 1741 Presbyter

426 1771 465 1803 et
494 1763 738 1814 discipulus,
770 1765 810 1797 et
840 1763 977 1809 postea
1020 1757 1078 1794 Jo.
1117 1754 1387 1801 Trithemius,

426 1837 527 1877 quae
557 1825 658 1863 duae
683 1834 759 1861 una
785 1832 877 1859 cum
903 1817 1199 1858 Commentario
1225 1815 1385 1865 praevio

428 1889 526 1928 [iod.
557 1885 793 1927 llenschenii
825 1883 1022 1921 habentur
1053 1881 1089 1917 in
1135 1879 1246 1916 Actis
1289 1877 1387 1914 San-

672 306 691 330 0
734 288 915 341 quidem,
946 292 1035 320 cum
1066 281 1105 316 in
1135 277 1228 315 locis
1267 274 1378 314 Siclo-

429 1955 583 1989 ctorum
616 1954 709 1986 tom.
736 1948 761 1985 1.
788 1945 899 1983 Febr.
921 1955 1005 1994 pag.
1024 1941 1111 1980 542.
1133 1939 1223 1978 522.
1239 1943 1279 1976 et
1297 1937 1385 1976 500.

428 2012 621 2051 liudolfus
651 2010 760 2048 solus
790 2005 891 2057 apud
938 2003 1206 2043 Mabillonium
1251 2000 1386 2039 seculo

426 2073 683 2113 Benedictino
713 2071 776 2109 lV.
807 2072 905 2119 part.
939 2068 983 2104 ΙΙ.
1015 2077 1051 2115 p.
1083 2065 1118 2102 2.
1150 2073 1242 2102 cum
1266 2061 1386 2110 liujus

426 2136 562 2185 Elogio
588 2145 623 2184 p.
650 2133 714 2170 20.
745 2131 888 2171 Confer
911 2129 1029 2167 etiam
1060 2125 1386 2164 Dissertationem

426 2201 484 2235 Jo.
517 2199 653 2235 Franc.
683 2193 830 2232 Buddei
861 2191 908 2229 de
949 2190 1022 2227 hoc
1052 2188 1237 2233 Rabano,
1267 2187 1388 2223 lenae

429 2272 463 2296 a.
512 2257 622 2295 4724.
668 2255 868 2299 habitam,
919 2249 1207 2294 Mabillonium‚
1238 2246 1389 2284 Trithe-

428 2322 577 2365 miuin,
609 2320 808 2357 Ser-arium
841 2314 938 2352 libro
969 2313 1030 2349 IV.
1063 2320 1197 2348 rerum
1228 2309 1390 2356 Mogon-

430 2382 679 2427 tinensium.
709 2384 750 2416 et
778 2378 847 2415 Ge.
877 2373 1101 2414 Mackenzie
1143 2371 1191 2409 de
1225 2368 1393 2408 eruditis

431 2445 584 2489 Scotis‚
616 2441 693 2479 vol.
725 2441 754 2478 I.
785 2450 822 2488 p.
852 2439 915 2476 84.
946 2447 1057 2485 seqq.
1084 2433 1249 2472 Galliam
1281 2431 1395 2469 Chri-

430 2506 598 2543 stianam
631 2507 727 2540 tom.
756 2502 786 2539 V
817 2511 906 2550 pag.
942 2498 1029 2536 446.
1078 2497 1176 2534 Hist.
1222 2493 1393 2532 literaire

429 2567 477 2604 de
508 2567 543 2603 la
573 2566 720 2603 France
750 2568 777 2601 t.
810 2561 843 2598 V
875 2573 912 2611 p.
945 2561 1031 2598 454.

467 2628 635 2677 'Scripta
664 2625 753 2675 ejus
781 2622 919 2662 ordine
950 2620 1226 2669 chronologico
1257 2627 1393 2656 recen-

434 2689 635 2735 sebimus,
688 2685 986 2725 Henschenium
1031 2687 1072 2720 et
1116 2679 1391 2718 Mabillonium

434 2750 558 2788 duces
595 2753 748 2794 secuti,
782 2751 908 2784 tomos
937 2748 1074 2782 autem
1104 2742 1291 2780 editionis
1320 2739 1394 2777 Co-

435 2811 624 2849 loniensis
670 2807 784 2848 4627.
817 2806 934 2845 simul
966 2805 1224 2856 adjicientes:
1254 2801 1395 2840 asteri-

437 2882 502 2910 sco
538 2873 700 2922 insuper
746 2870 810 2908 illa
854 2871 1061 2914 notantes,
1091 2876 1192 2914 quae
1234 2865 1271 2901 in
1320 2863 1393 2900 hac

443 2932 613 2971 editione
642 2932 866 2972 Colvenerii
899 2930 1069 2979 primum
1096 2925 1340 2977 prodierunt.

490 2996 523 3031 4.
556 2995 610 3031 De
635 2991 822 3032 laudibus
847 2993 1018 3031 Sanctae
1034 2987 1207 3034 Crucis,
1238 2997 1273 3024 a.
1303 2985 1395 3022 845.

440 3054 466 3090 1.
486 3066 520 3103 p.
542 3055 631 3092 273.
651 3055 884 3093 l’rodierunt
901 3052 1067 3090 seorsim
1091 3049 1261 3088 Phorcae
1278 3055 1397 3095 opera

440 3114 519 3151 Jac.
552 3116 846 3166 Wirnpbelingii
867 3146 876 3162 ,
908 3125 977 3164 per
1000 3112 1193 3151 Thomam
1223 3106 1396 3147 Anshel-

444 3185 578 3221 mum,
616 3178 727 3215 1501.
760 3177 825 3214 fol.
855 3177 1060 3226 Augustae
1090 3170 1240 3210 Vindel.
1274 3168 1390 3208 ⁴605.

445 3237 480 3268 ot
513 3244 602 3273 curn
639 3238 823 3275 Tractatu
854 3239 910 3274 Jo.
943 3235 1096 3273 Valent.
1126 3231 1318 3272 Merbitzii
1348 3228 1396 3267 dc

450 3294 645 3332 Varietate
672 3297 778 3333 faciei
807 3298 1028 3341 numanae,
1064 3293 1199 3333 Dresd.
1224 3291 1336 3332 4676.
1364 3292 1396 3328 l..

1248 202 1591 243 RABANUS

1507 273 1544 310 2.
1574 273 1628 311 De
1656 274 1896 313 Institutione
1922 274 2110 315 Clericali
2124 308 2133 323 ,
2159 287 2192 314 a.
2225 277 2317 315 8192
2344 277 2407 316 Vl.

1454 345 1491 384 p.
1524 335 1558 372 4.
1590 334 1775 373 Coloniae
1807 336 1922 375 4532.
1947 339 1983 374 in
2008 338 2107 376 Bibl.
2137 339 2203 376 PP.
2235 339 2411 378 Parisina

1456 397 1669 445 posteriore
1713 400 1812 434 tom.
1848 398 1896 435 X.
1939 400 2030 437 559.
2075 400 2110 436 in
2143 399 2410 449 Scriptoribus

1453 456 1676 494 Melchioris
1705 456 1884 505 llittorpii
1915 457 1964 495 de
1992 458 2140 496 divinis
2169 459 2312 497 officiis
2336 459 2412 497 Go-

1457 518 1534 555 lon.
1583 518 1696 556 4568.
1726 518 1836 555 Rom.
1869 517 1984 557 4594.
2027 520 2195 558 Carmen
2234 519 2282 559 ad
2320 518 2413 558 Hei-

1461 579 1630 618 stulfum
1662 578 2012 629 Archiepisoopnm
2045 579 2106 617 his
2135 580 2245 620 libris
2273 579 2415 630 adjun-

1459 646 1569 680 ctum
1587 640 1710 679 edidit
1728 640 1915 679 Baluzius
1931 640 2078 678 Miscell
2109 641 2173 680 lib.
2191 642 2253 680 lV.
2270 654 2306 692 p.
2324 643 2414 682 553.

1513 703 1548 740 3.
1581 702 1791 742 Commeat.
1813 701 1853 739 in
1877 700 2118 740 Matthaeum
2134 732 2145 750 ,
2167 713 2202 741 a.
2231 703 2321 742 822.
2352 714 2417 742 se-

1460 765 1636 804 cundum
1666 764 1949 803 Mabillonium.
1981 763 2024 801 V.
2058 774 2094 813 p.
2131 763 2165 801 1.
2195 762 2230 812 ³¹⁵)
2260 764 2306 801 In
2332 764 2419 815 qui-

1462 826 1532 864 bus
1548 825 1851 873 advertendum,
1874 826 1928 863 ait
1948 823 2210 863 Colvenerius
2228 855 2237 875 ‚
2257 823 2298 863 in
2317 823 2418 863 libro

1465 889 1547 926 VII.
1578 899 1662 939 cap.
1692 888 1758 928 26.
1789 891 1825 925 el
1848 885 1913 925 lib.
1943 886 2046 924 VIII.
2073 897 2159 937 cap.
2188 886 2254 928 26.
2285 889 2324 925 et
2348 887 2415 927 28.

1461 949 1655 1000 quaedam
1692 948 1848 995 deesse,
1888 948 1949 986 uti
1983 946 2126 986 ibidem
2165 947 2206 986 in
2241 947 2421 998 maryine

1465 1012 1700 1060 denotatur,
1726 1023 1830 1063 quae
1848 1009 1895 1049 ob
1920 1010 2088 1049 militum
2113 1008 2422 1049 Halberstaden-

1463 1075 1566 1112 sium
1592 1072 1837 1112 insolentiam
1854 1104 1863 1119 ,
1896 1071 2058 1124 Ursellis
2083 1071 2124 1110 in
2146 1070 2420 1124 Archiepisco-

1459 1138 1559 1187 patu
1598 1135 1847 1184 Moyunstno,
1886 1132 1954 1173 ubi
1984 1132 2048 1171 ille
2081 1133 2220 1172 Tomus
2255 1134 2293 1172 V.
2319 1143 2421 1171 anno

1465 1198 1582 1239 4622.
1614 1195 1852 1244 cudebatur,
1877 1194 2080 1248 deperdita
2102 1197 2205 1233 sunt.

1517 1259 1555 1298 Ιι.
1585 1257 1779 1297 Homiliae
1807 1260 1850 1296 V.
1882 1271 1918 1309 p.
1948 1257 2040 1297 580.
2069 1255 2103 1306 *ἢ

1518 1322 1773 1372 Sequuntur,
1804 1332 1906 1370 quuo
1936 1320 1984 1359 ab
2025 1320 2110 1370 ipso
2154 1320 2232 1358 iam
2270 1317 2424 1357 Abbate

1465 1385 1611 1433 scripta
1642 1387 1763 1422 sunt:

1520 1447 1555 1484 5.
1588 1445 1800 1484 Comment.
1832 1444 1877 1482 In
1917 1441 2253 1490 Pentateuchum3
2283 1441 2421 1492 implet

1465 1512 1617 1545 tomum
1651 1509 1696 1545 11.
1723 1508 1948 1556 integrum:
1980 1510 2073 1544 ante
2105 1507 2326 1556 impressus
2350 1504 2424 1542 Co-

1466 1569 1541 1607 lon.
1588 1568 1702 1608 4632.
1748 1569 1786 1605 8.
1827 1568 1959 1606 Editio
1988 1568 2280 1606 Colveneriana
2311 1565 2421 1605 addit

1466 1631 1677 1681 Epitomen
1705 1630 2092 1668 Commentariorum
2119 1640 2155 1666 in
2178 1627 2394 1667 Leviticum
2415 1656 2422 1675 ,

1465 1696 1626 1730 auctore
1657 1691 1797 1730 Strabo
1826 1690 1973 1729 Rabani
2005 1689 2228 1740 discipulo,
2262 1701 2296 1739 p.
2328 1690 2420 1728 296.

1515 1755 1550 1791 6.
1578 1754 1623 1790 In
1645 1753 1824 1799 Josuam,
1839 1763 1859 1790 a
1882 1751 1972 1790 834.
1999 1751 2201 1801 Epist-olae
2225 1749 2427 1789 dedicato-

1461 1817 1541 1855 riae
1566 1815 1834 1863 fragmentum
1860 1812 1970 1851 dedit
1996 1811 2302 1858 Henschenius,
2326 1812 2427 1850 inte-

1460 1887 1568 1928 gram
1615 1869 1862 1913 Mabillonius
1892 1885 1930 1924 p.
1959 1872 2023 1912 ῐι4.
2054 1874 2143 1924 Ipse
2172 1873 2427 1912 Commenta-

1464 1940 1546 1977 rius
1577 1936 1750 1974 nondum
1775 1935 1929 1986 prodiit.

1516 1999 1551 2037 7.
1584 1999 1628 2035 [η
1651 1997 1811 2036 ,Ιαάῐσεε
1835 2001 1874 2035 et
1895 1995 2009 2035 Ruth.
2034 1995 2099 2034 ΙΙΙ,
2122 2007 2159 2046 p.
2187 1997 2221 2034 4.
2251 1994 2284 2034 *2
2311 1995 2374 2034 36.
2400 1994 2422 2019 *⁶

1509 2061 1543 2098 8.
1577 2060 1621 2097 In
1650 2058 1773 2097 libros
1810 2060 1953 2109 Reyum
1997 2060 2033 2096 et
2071 2055 2417 2108 Paralipomenon.

1464 2123 1527 2161 111.
1555 2133 1588 2171 p.
1621 2121 1683 2160 45.
1718 2120 1735 2143 ¹⁶
1769 2121 1857 2159 445.
1884 2119 1915 2155 *ε

1517 2187 1552 2223 9.
1586 2185 1631 2222 In
1659 2184 1810 2223 Judith.
1856 2187 1891 2222 el
1923 2182 2084 2223 Esther.
2113 2184 2177 2222 ΙΙΙ.
2207 2195 2244 2234 p.
2274 2181 2365 2222 243.
2405 2182 2427 2205 *

1467 2248 1556 2287 279.
1602 2249 1623 2270 *³
1654 2249 1732 2286 Hos
1762 2247 1940 2285 ineditos
1971 2250 2086 2285 vocat
2115 2245 2361 2285 Mabillonius
2390 2256 2428 2295 p.

1468 2312 1530 2350 38.
1547 2311 1770 2360 descriptos
1787 2320 1883 2348 voro
1902 2320 2023 2347 manu
2039 2309 2298 2347 PettiFranc.
2322 2306 2429 2347 Ghif-

1467 2374 1560 2412 ssetii
1577 2383 1619 2410 se
1636 2372 1780 2410 habere
1795 2371 1901 2409 dicit.
1927 2368 2300 2419 praefationemdat
2323 2368 2428 2407 idem

1468 2446 1554 2486 pag.
1594 2435 1655 2472 42.
1684 2433 1844 2471 additur
1868 2443 1956 2482 pag.
1983 2430 2074 2470 263.
2100 2429 2127 2455 *ἢ
2144 2431 2226 2469 Jao.
2265 2428 2428 2468 Pamelii

1471 2497 1623 2536 Comm.
1656 2496 1692 2532 in
1725 2493 1868 2533 librum
1900 2493 2050 2536 Judith.

1528 2557 1590 2596 40.
1631 2557 1679 2595 Iu
1707 2553 2001 2602 machabaeos,
2050 2558 2144 2593 ante
2173 2546 2209 2592 a.
2247 2552 2338 2590 840².
2368 2552 2431 2590 IV.

1470 2630 1555 2670 pag.
1588 2619 1676 2657 380.
1708 2618 1734 2640 *·

1524 2683 1586 2720 44.
1613 2681 1659 2718 In
1676 2679 1922 2731 Sapientiam
1947 2683 1986 2717 et
2004 2675 2338 2716 Ecclesiasticum-·
2365 2674 2429 2713 111.

1468 2754 1504 2792 p.
1537 2743 1613 2780 362
1652 2741 1671 2763 *
1694 2742 1782 2780 344.
1811 2741 2008 2779 Posterior
2037 2740 2157 2778 Paris.
2188 2737 2303 2777 4544.
2336 2746 2429 2787 pro-

1469 2803 1596 2841 dierat
1624 2814 1684 2852 ap.
1713 2803 1914 2840 Simonem
1945 2800 2203 2848 Colinaeum‚
2237 2799 2299 2837 fol.

1527 2864 1680 2913 Scripta
1712 2867 1802 2912 post
1833 2862 2011 2900 relictam
2042 2871 2179 2899 curam
2211 2859 2388 2898 Abba-tis.

1527 2925 1587 2962 42.
1615 2924 1658 2960 In
1682 2921 2028 2974 EpistolasPauli
2055 2921 2360 2967 collectarium,
2391 2930 2424 2957 a.

1471 2984 1561 3024 842.
1585 2985 1627 3021 V.
1655 2997 1690 3034 p.
1716 2984 1805 3022 469.
1830 2984 1851 3005 ³*
1875 2984 2019 3033 quibus
2044 2993 2130 3034 pag.
2159 2982 2248 3021 464.
2271 2981 2294 3004 ³*
2316 2991 2429 3031 prae-

1474 3047 1643 3084 mittitur
1679 3045 1759 3083 λεια.
1806 3045 1963 3083 l’amelii
1995 3041 2359 3083 Comment-ariolus
2387 3040 2428 3079 in

1475 3106 1693 3157 Epistulam
1716 3105 1771 3144 acl
1796 3104 2071 3144 Philemonem.

1529 3168 1589 3206 43.
1624 3168 1668 3205 In
1692 3165 1947 3205 Ezechielem.
1974 3166 2035 3205 lV.
2061 3177 2098 3216 p.
2128 3165 2218 3204 469.
2249 3164 2270 3187 '¹‘

1528 3230 1638 3266 Nunc
1675 3230 1825 3278 reliqua
1856 3229 1941 3266 sino
1970 3227 2107 3266 ordine
2140 3224 2331 3275 temporis
2361 3223 2424 3261 ob-

1479 3296 1639 3327 servato
1670 3290 1890 3339 adjicimus.
