2533 4009
419 218 497 257 :398
1212 205 1602 245 ROBERTUS

417 286 653 336 Μαρίων-μη(
676 280 965 331 Sententiarmn
984 305 991 318 ,
1018 275 1274 323 Quaestiones
1293 274 1369 326 (lef-

412 347 561 396 ficiles,
594 346 630 382 in
665 340 869 391 Physicam
901 343 937 375 et
970 335 1149 373 Ethicam
1176 335 1369 386 Aristote-

416 408 476 447 lis.
508 404 702 445 tolandus
721 413 756 439 c.
778 400 866 438 328.
891 398 1056 436 Balaeus
1078 397 1193 435 Ceut.
1216 398 1278 434 lv.
1306 397 1367 434 76.

418 472 570 507 Pitseus
594 477 626 503 c.
658 463 748 501 434.
780 458 1032 508 Waddingus
1075 458 1123 496 de
1168 458 1369 507 scriptori-

415 532 488 568 bus
518 526 610 567 Ord.
641 526 834 563 Minorum
867 533 904 572 p.
937 520 1027 558 308.

466 587 732 626 ROBERTUS
764 583 954 631 Divitius,
985 582 1076 620 vide
1101 581 1233 621 Riobe.

466 647 731 687 ROBERTUS
762 643 975 696 Dodefort,
1005 643 1160 694 Angius
1177 674 1185 690 ,
1210 643 1305 682 Ord.
1329 644 1366 683 S.

412 710 612 750 Benedicti
653 710 689 745 in
720 707 910 746 coenobio
955 707 1203 744 Ramesiensi
1224 737 1234 754 ‚
1266 707 1370 744 inter

410 774 482 811 alia
516 771 736 809 llebraicae
780 780 940 820 quoque
986 769 1144 818 linguae
1189 770 1367 819 peritus,

409 840 448 873 et
479 834 598 872 libros
631 832 848 871 Hebraicos
882 831 985 870 illius
1016 831 1247 869 monasterii
1293 830 1369 868 sub

409 895 588 934 custodia
619 905 689 933 sua
722 894 873 933 habuit.
906 894 1014 931 Vixit
1043 894 1149 930 circa
1179 902 1212 930 a.
1250 891 1365 929 4270.

409 964 448 995 et
477 957 600 995 edidit
625 955 810 995 Postillas
832 955 871 993 in
889 953 1108 1006 parabolas
1133 951 1366 1001 Salomonis,

411 1020 634 1059 Conczones.
663 1019 831 1057 Balaeus
861 1018 979 1055 (lent.
1009 1017 1071 1054 IV.
1105 1017 1164 1054 44.
1212 1016 1368 1054 Pitseus

410 1093 496 1131 cap.
521 1082 609 1119 386.

463 1143 728 1182 ROBERTUS
759 1141 1068 1189 Dominz'canus,
1100 1139 1275 1191 AngluS‚
1306 1151 1368 1179 se-

408 1205 484 1243 culi
513 1205 666 1250 incerti,
684 1205 845 1255 scripsit.
864 1203 903 1241 ιίι
918 1201 989 1241 Job
1008 1234 1015 1251 ,
1036 1201 1253 1250 Daniele-m,
1269 1202 1369 1241 Mat-

409 1266 579 1313 thaeum,
612 1267 773 1314 Lucam,
803 1266 1009 1313 loannem,
1041 1275 1144 1315 quae
1169 1265 1368 1303 Bononiae

409 1334 685 1368 asservantur.
709 1331 870 1367 Pitseus
896 1327 1077 1377 Append.
1103 1327 1219 1364 Ceut.
1238 1326 1300 1364 lV.
1319 1327 1353 1363 8.

465 1391 732 1430 ROBERTUS
761 1389 807 1428 de
838 1386 1086 1435 Dunstable,
1119 1387 1208 1426 vide
1248 1399 1368 1438 supra

412 1460 505 1492 tom.
537 1455 583 1492 11.
614 1465 638 1503 p
682 1453 772 1491 484.

465 1514 733 1555 ROBERTUS
755 1511 1031 1560 Eboracensis,
1055 1511 1145 1550 vide
1178 1512 1369 1549 Perscru-

414 1581 529 1615 tator.

467 1638 732 1679 ROBERTUS
755 1636 936 1689 Eliphac,
961 1636 1124 1686 Anglus,
1148 1634 1368 1673 monachus

415 1703 732 1748 Franciscanus,
758 1701 846 1738 aliis
867 1698 1201 1749 Augustinianus‚
1224 1697 1368 1734 Doctor

413 1765 640 1809 Parisinus,
671 1763 808 1801 docuit
837 1761 997 1800 Parisiis
1027 1764 1067 1798 et
1096 1758 1272 1796 Oxoniae
1296 1757 1370 1794 cir-

411 1838 456 1865 ca
477 1838 509 1865 a.
533 1826 651 1865 4340.
676 1824 843 1874 Scripsit
864 1821 1121 1871 Quaestiones
1143 1831 1264 1871 super
1287 1819 1371 1857 Ma-

408 1889 581 1938 qistrum
605 1886 927 1932 Sententiarum,
965 1881 1244 1922 Conclusiones
1268 1879 1372 1918 ordi-

411 1950 565 1998 narias,
586 1950 777 1988 Lecturas
797 1945 1056 1996 Theoloyicas.
1074 1945 1243 1983 Balaeus
1260 1943 1375 1982 Cent.

414 2013 454 2049 V.
485 2012 548 2050 50.
579 2013 735 2049 Pitseus
762 2021 795 2048 c.
829 2008 918 2048 526.
950 2008 1078 2053 Sunt,
1110 2007 1178 2056 qui
1211 2005 1372 2044 Archia-

413 2075 618 2125 piscopum
668 2070 967 2110 Armachanum
1017 2069 1140 2107 fuisse
1183 2067 1371 2114 tradant,

416 2146 518 2186 quos
547 2139 679 2173 tamen
712 2133 860 2172 refutat
906 2131 1101 2170 Waraeus
1143 2129 1192 2168 de
1236 2130 1370 2179 script.

418 2197 630 2236 Hiberniae
662 2199 762 2245 part.
793 2195 832 2235 2.
863 2205 949 2243 pag.
984 2192 1071 2231 423.
1103 2191 1214 2230 Α(1(16
1254 2190 1374 2228 Wad-

415 2260 578 2310 dingum
606 2270 642 2307 p.
665 2257 755 2296 308.
788 2256 884 2294 Phil.
909 2255 1025 2293 Elssii
1052 2253 1371 2292 Encomiasticon

417 2320 759 2371 Augustinianum
786 2329 825 2368 p.
847 2316 936 2355 605.
965 2316 1240 2354 Franciscanis
1270 2315 1375 2354 hunc

416 2383 595 2421 vindicat
624 2380 827 2420 Henricus
856 2379 994 2416 Willot
1026 2380 1063 2416 in
1095 2377 1267 2416 Athenis
1315 2387 1377 2415 so-

417 2446 540 2484 dalitii
574 2443 826 2482 Franciscani
858 2453 896 2492 p.
928 2439 1018 2480 347.

471 2506 734 2546 ROBERTUS
760 2502 1012 2555 Elphistonus
1035 2531 1043 2550 ‚
1074 2503 1222 2541 Scotus
1245 2531 1252 2550 ,
1276 2500 1379 2540 ordi-

416 2572 477 2608 nis
508 2570 575 2608 SS.
606 2568 839 2614 Trinitatis,
870 2566 964 2615 Regi
1012 2564 1166 2604 Scotiae
1194 2575 1216 2602 a
1253 2564 1378 2602 sacris

413 2630 762 2677 confessionibus,
791 2629 840 2667 ab
872 2628 1030 2667 Urbano
1061 2628 1122 2667 VI.
1157 2627 1378 2677 Episcopus

417 2693 725 2738 Brechinensis,
756 2695 796 2728 et
825 2701 846 2728 a
878 2690 1066 2741 Gregorio
1111 2690 1159 2728 X.
1190 2687 1380 2726 Cardina-

416 2756 465 2793 lis
495 2756 553 2792 tit.
582 2753 620 2792 S.
660 2753 865 2792 Eudoxiae
905 2753 1188 2797 renuntiatus,
1219 2750 1378 2799 scripsit

421 2817 459 2854 in
487 2817 629 2854 Oseam
656 2814 911 2865 Prophetam,
933 2813 978 2852 de
1003 2811 1261 2851 immaculata
1291 2811 1379 2849 Dei-

413 2890 544 2929 parae
580 2876 748 2928 Vzryz'nis
800 2875 1043 2927 conceptione
1064 2904 1074 2922 ,
1115 2878 1152 2912 et
1179 2873 1225 2912 de
1253 2872 1380 2922 Anqe-

419 2939 479 2978 lis.
503 2940 659 2979 Oldoini
685 2938 938 2978 Athenaeum
966 2939 1188 2976 Romanum
1216 2947 1250 2985 p.
1275 2934 1365 2973 585.

473 3001 734 3040 ROBERTUS
752 2998 1295 3050 EnqolismensisEpiscopus
1311 3008 1379 3035 an-

428 3074 475 3099 no
507 3064 622 3101 4259.
651 3064 748 3102 Eius
775 3062 976 3113 Epistolae
1006 3060 1200 3111 quaedam
1232 3059 1378 3097 haben-

422 3129 486 3160 tur
508 3126 544 3161 in
570 3126 743 3162 Martene
768 3130 808 3162 et
829 3123 989 3163 llurand
1015 3123 1178 3163 Collect.
1198 3122 1376 3172 ampliss.

424 3189 454 3220 t.
484 3186 561 3222 Vll.
592 3198 628 3235 p.
661 3187 752 3224 448.
781 3187 840 3225 Ex
868 3186 1045 3226 hocloco
1069 3184 1380 3234 confirmaripo-

426 3249 507 3282 test
536 3244 657 3283 Gallia
680 3248 906 3286 Christiana
932 3253 958 3285 t.
983 3249 1015 3286 11
1042 3260 1079 3297 p.
1102 3246 1219 3286 4008.

480 3307 742 3344 ΗΟΒΙΞΗιΤὼῚ
780 3308 826 3344 (le
865 3308 1129 3354 Eudemodio,
1157 3308 1377 3347 monachus

1443 276 1776 315 Claraevallensis
1805 280 1907 319 circa
1937 293 1971 320 a.
2004 283 2117 321 4480.
2151 281 2395 320 Commenta-

1444 340 1506 375 tus
1525 340 1582 375 est
1612 336 1651 375 in
1676 337 1851 378 Disticha
1871 341 2044 381 moralia
2067 342 2199 382 Marci
2221 341 2394 390 Catonis,

1443 399 1509 447 qui
1536 398 1635 437 liber
1657 400 1771 437 Petro
1795 401 1844 439 de
1868 403 2032 442 Salutiis
2055 413 2271 455 generosae
2289 413 2400 441 men-

1443 460 1495 496 tis
1523 459 1766 498 adolescenti
1788 462 2008 513 inscriptus
2032 469 2072 504 et
2092 467 2313 515 impressus
2337 467 2400 502 est

1444 520 1652 571 Antwerp.
1683 521 1787 572 apud
1818 522 1938 561 Gerh.
1961 524 2010 563 de
2035 527 2195 566 Leeuw.
2223 525 2339 566 4485.
2362 525 2398 564 [ι.

1443 583 1559 621 Basil.
1588 583 1702 621 4486.
1730 584 1923 622 Daventr.
1954 585 2070 626 4496.
2100 587 2214 626 4497.
2247 589 2282 627 4.
2311 589 2400 627 Car.

1443 644 1491 682 de
1517 644 1635 683 Visch
1659 645 1754 683 Bibl.
1782 646 2028 697 Scriptorum
2053 648 2146 686 Ord.
2164 650 2403 690 cistercien-

1443 708 1498 745 sis
1530 719 1564 757 p.
1597 708 1687 745 290.
1730 708 1785 746 De
1830 707 2070 747 Evromodio
2098 713 2140 748 et
2168 709 2402 751 Evremodio

1444 773 1588 807 vocant
1610 769 1778 808 Codices
1799 770 1906 809 MSS.
1928 769 2034 820 apud
2059 771 2405 812 Montefalconium

1444 841 1477 880 p.
1510 830 1572 867 89.
1607 831 1724 868 4228.
1747 835 1787 868 ot
1811 830 2021 869 Editiones
2050 833 2250 883 antiquae.
2276 833 2405 873 Venet

1445 892 1562 930 4495.
1579 893 1819 932 Davcntriac
1836 904 1907 943 per
1927 893 2048 932 Jacob
2079 893 2128 932 de
2144 893 2271 933 Breda
2288 895 2402 934 4496.

1445 955 1479 992 4.
1511 953 1605 991 ibid.
1634 965 1706 1004 per
1736 955 1848 993 Rich.
1879 955 2073 1007 Paffroed.
2096 955 2211 995 4497.
2235 957 2274 995 4.

1495 1014 1759 1055 ROBERTUS
1789 1015 1834 1054 de
1861 1015 2073 1065 Evesburi,
2094 1019 2187 1068 quis
2204 1018 2324 1057 fuerit
2346 1019 2406 1057 in-

1441 1082 1595 1116 certum
1625 1081 1688 1116 est
1707 1108 1715 1127 ,
1731 1079 1892 1129 scripsit
1906 1083 2039 1118 autem
2058 1079 2278 1118 Historiam
2297 1079 2404 1119 Edu-

1440 1139 1536 1178 ardi
1557 1140 1633 1178 ΙΙΙ.
1659 1141 1776 1191 Regis
1801 1140 1986 1191 Angliae,
2009 1152 2112 1191 quae
2128 1142 2406 1194 cantabrigiae

1441 1203 1479 1239 in
1509 1202 1683 1252 Collegio
1711 1202 1918 1241 Trinitatis
1946 1202 2198 1243 adservatur.
2242 1204 2327 1244 Jac.
2369 1205 2406 1244 16

1442 1265 1563 1315 Long.
1591 1264 1688 1303 Bibl.
1718 1263 1918 1303 Historica
1947 1264 2097 1305 Galliae
2121 1277 2161 1317 p.
2180 1264 2275 1306 756.

1489 1327 1755 1366 ROBERTUS
1807 1325 2012 1367 Fabianus
2044 1357 2053 1377 ,
2099 1327 2366 1368 Londinensis
2396 1359 2404 1374 ,

1444 1392 1640 1427 mercator
1668 1387 1809 1435 dives,
1840 1393 1881 1428 et
1910 1400 2018 1428 unus
2048 1401 2096 1428 ex
2129 1388 2288 1430 duobus
2337 1392 2408 1429 tri-

1444 1450 1574 1498 bunis,
1591 1451 1658 1501 qui
1682 1452 1718 1488 in
1740 1451 1890 1490 Senatu
1907 1451 1983 1490 sub
2000 1452 2185 1491 Praetore
2199 1456 2408 1503 praesunt.

1443 1512 1581 1549 Poesin
1625 1511 1831 1563 Anglicam
1850 1542 1859 1560 ,
1903 1512 2094 1552 Gallicam
2139 1517 2180 1552 et
2222 1514 2402 1553 Latinam

1443 1573 1605 1621 calluit,
1635 1575 1897 1614 Historiarum
1940 1576 2014 1614 fuit
2057 1575 2405 1624 studiosissimus,

1443 1635 1538 1673 obiit
1567 1647 1671 1674 anno
1696 1638 1812 1676 4542.
1831 1638 2000 1688 Scripsit
2025 1637 2299 1676 Historiarum
2315 1648 2402 1677 con-

1442 1695 1700 1745 cordantias,
1728 1699 1827 1737 Hist.
1853 1711 1880 1737 a
1915 1701 2017 1750 Reqe
2042 1698 2242 1739 Richardo
2278 1710 2407 1752 usque

1445 1757 1499 1796 ad
1521 1770 1638 1797 suum
1656 1762 1823 1812 tempus,
1841 1760 1888 1799 de
1913 1759 2157 1813 temporibus
2175 1760 2290 1812 Reqis
2307 1762 2409 1800 Hen-

1446 1819 1525 1858 rici
1543 1822 1625 1859 VII.
1649 1823 1812 1862 Brevem
1826 1833 1968 1873 reyum
1989 1821 2156 1873 Anyliae
2185 1821 2408 1862 nomencla-

1449 1885 1603 1933 turam,
1627 1883 1804 1924 Annales
1842 1895 1981 1923 rerum
2007 1882 2336 1933 Londinensium,
2373 1889 2412 1924 et

1447 1944 1493 1983 cle
1513 1945 1774 1986 Praetoribus
1793 1946 1968 1999 ejusdem
1983 1945 2291 1986 urbis.Balaeus
2307 1947 2412 1986 Cen-

1447 2013 1524 2046 tur.
1552 2009 1649 2046 Vlll.
1681 2009 1744 2047 62.
1771 2010 1928 2048 Pitseus
1956 2020 1992 2048 c.
2022 2009 2113 2048 943.
2154 2009 2321 2048 Vossius
2362 2009 2412 2048 de

1449 2069 1599 2108 Histor.
1623 2071 1774 2108 Latinis
1805 2071 1869 2108 111.
1902 2070 1965 2108 13.

1504 2131 1775 2171 ROBERTUS
1794 2130 2049 2182 Feribriqus‚
2070 2131 2162 2171 vide
2182 2131 2409 2172 Richardus

1505 2194 1770 2234 ROBERTUS
1787 2194 2010 2241 Fininham,
2028 2194 2414 2242 Norfolcensis‚0rd.

1453 2258 1492 2296 S.
1522 2258 1721 2296 Francisci
1755 2256 1976 2295 monachus
1999 2255 2331 2304 Norvicensis,in
2345 2258 2415 2296 Ju-

1450 2330 1492 2357 re
1525 2320 1725 2357 Canopico
1755 2318 1930 2357 multum
1959 2328 2102 2368 operae
2128 2318 2263 2368 posuit
2305 2318 2411 2357 cirea

1451 2391 1484 2419 a.
1516 2381 1559 2420 C.
1593 2381 1708 2419 4460.
1740 2381 1912 2430 Scripsit
1936 2380 2014 2417 Pro
2038 2377 2176 2418 ordine
2190 2380 2413 2429 Minorum,

1454 2443 1536 2480 Pro
1561 2442 1754 2493 diynitate
1778 2445 1907 2480 status
1931 2452 2095 2488 eorum,
2123 2440 2254 2481 Casus
2279 2441 2416 2481 Conci-

1454 2503 1602 2542 ciorum
1623 2502 1817 2554 Angitiae,
1843 2503 1890 2542 de
1914 2501 2076 2542 casibus
2102 2503 2358 2541 Decretorum
2380 2505 2421 2541 et

1454 2565 1728 2605 Decratalium
1752 2565 1799 2604 de
1833 2564 2146 2617 CasibusPapae
2168 2564 2389 2604 reservatis
2404 2595 2414 2612 ,

1454 2628 1500 2667 de
1522 2626 1905 2679 Eoetravayantzbus
1936 2627 1983 2666 de
2018 2626 2420 2665 Eoecommumcatio-

1454 2689 1583 2729 nibus.
1614 2691 1784 2730 Balaeus
1814 2690 1928 2729 Cent.
1954 2689 2054 2727 Vlll.
2080 2686 2145 2726 24.
2165 2687 2417 2738 Waddingus

1454 2752 1503 2791 de
1535 2752 1797 2803 scriptoribus
1826 2750 1920 2789 Ord.
1943 2751 2138 2789 Minorum
2160 2761 2198 2801 p.
2219 2749 2307 2788 308.
2326 2749 2416 2789 309.

1506 2813 1774 2853 ROBERTUS
1824 2811 2079 2851 Fiscanensis
2100 2842 2109 2858 ‚
2148 2813 2275 2862 patria
2312 2812 2415 2851 Neu-

1453 2876 1603 2919 strius‚
1628 2874 1851 2913 monachus
1882 2873 2168 2912 Benedictinus
2204 2874 2308 2912 circa
2348 2883 2412 2912 an.

1457 2937 1571 2975 4480.
1617 2937 1779 2986 scripsit
1819 2934 2055 2975 Chronicon.
2094 2935 2264 2975 Balaeus
2299 2935 2413 2974 Ceut.

1455 2998 1559 3036 Xlll.
1584 2998 1647 3037 29.
1678 3002 1719 3035 et
1747 3008 1797 3036 ex
1828 2996 1900 3035 hoc
1934 2997 2098 3035 Vossius
2127 2995 2176 3036 de
2206 2995 2299 3034 hist.
2342 2997 2414 3036 La-

1455 3060 1549 3097 tinis
1581 3071 1620 3110 p.
1643 3059 1731 3097 782.
1760 3058 1859 3098 lllud
1889 3057 2112 3098 Chronicon
2132 3057 2369 3097 Fiscanense
2391 3069 2412 3097 a

1453 3126 1546 3161 nato
1575 3121 1737 3160 Christo
1761 3120 1808 3159 ad
1841 3132 1876 3160 a.
1908 3121 2025 3162 4220.
2063 3119 2187 3158 edidit
2232 3119 2412 3158 Labbeus

1452 3183 1549 3222 Bibl.
1575 3195 1677 3223 nova
1700 3184 1808 3222 MSS.
1838 3187 1867 3221 t.
1887 3184 1914 3221 1.
1940 3195 1978 3234 p.
2003 3183 2093 3221 325.

1507 3246 1775 3285 ROBERTUS
1799 3244 1846 3283 de
1869 3242 2150 3283 Flamesburia
2165 3273 2175 3290 ,
2221 3240 2378 3279 natione
2394 3271 2404 3287 ,

1456 3312 1498 3346 ut
1528 3308 1714 3356 videtur,
1745 3307 1898 3357 Anglus
1918 3335 1924 3354 ,
1946 3305 2172 3344 eanonicus
2201 3301 2408 3351 Regularis
