2517 4009
878 247 1258 290 NICOLAUS

70 315 228 357 vivendi
251 316 437 369 optimam
456 315 682 369 judicavit,
705 329 808 370 quae
831 322 905 358 otio
927 318 1026 358 litte-

70 389 214 417 rarum
241 382 430 427 vacaret,
461 391 585 431 neque
615 378 756 431 opibus
785 381 1023 432 inserviret,

71 451 195 494 neque
230 439 446 480 ambitioni.
487 442 615 493 Iqi‘tur
653 441 846 483 bonarum
873 449 1022 484 artium

71 513 194 543 curae
215 503 392 554 deditus,
417 516 464 543 ac
487 516 558 544 suo
583 509 808 554 contentus,
832 506 1024 558 quidquid

71 565 254 617 temporis
270 565 445 606 dabatur
465 580 490 606 a
508 568 683 620 privatis
705 566 827 608 rebus
845 600 852 619 ,
879 573 953 608 aut
971 569 1022 608 l'e-

67 627 216 679 9end0‚
245 632 320 668 aut
351 628 578 679 scribendO,
613 632 928 670 autamicorum
960 644 1024 671 ne-

66 690 184 742 qotiis
198 691 452 743 impertiendo
463 691 791 732 accommodabat.
805 693 1025 734 Solertissi-

69 764 158 792 mus
177 753 349 793 omnium
370 753 450 807 fuit
468 755 507 793 in
530 755 703 795 emendis
723 767 771 794 ac
791 767 1024 807 comparan-

69 814 131 854 dis
158 814 297 864 libris,
325 816 650 868 fructuosissima
678 830 726 857 ac
750 818 1024 870 pulcherrima

69 877 341 929 neqotiatione,
366 890 463 930 quos
487 878 584 918 adeo
608 879 751 920 multos
774 885 894 932 atque
918 892 1023 932 eqre-

65 950 154 991 9208
178 943 259 979 tum
280 941 440 980 Latinos
469 945 551 980 tum
576 942 749 982 Graecos
765 975 776 991 ,
807 941 858 981 ab
887 947 1023 983 eoetre-

69 1001 144 1042 mis
165 1013 289 1054 usque
314 1003 498 1056 Europae
524 1003 673 1056 finibus
696 1005 954 1057 conquisivit,
980 1010 1025 1044 ut

68 1076 198 1104 omnes
231 1065 376 1114 Italos,
401 1077 503 1117 pace
531 1066 782 1119 reliquorum
817 1068 1019 1116 dixerim,

67 1127 276 1178 superarit
288 1127 482 1167 librorum
497 1129 607 1182 copia
624 1130 871 1182 optimorum.
887 1131 933 1168 In
946 1142 1022 1182 quo

68 1187 357 1242 beneficentiam
380 1201 496 1229 suam
520 1190 876 1244 liberalitatemque
899 1196 1023 1232 atten-

68 1251 157 1292 dite.
190 1254 423 1294 Communes
453 1258 572 1293 erant
599 1254 700 1293 libri
724 1256 791 1295 sui
817 1254 1021 1304 omnibus,

68 1315 185 1354 etiam
209 1316 349 1368 iqnotis
364 1347 374 1363 ,
392 1319 556 1368 praesto
579 1316 775 1366 aderant,
800 1322 871 1356 aut
896 1317 1022 1368 leqere

67 1376 287 1418 volentibus
301 1382 375 1417 aut
394 1377 690 1426 transcribere,
710 1391 834 1431 neque
853 1379 924 1418 ulli
945 1391 1023 1418 om-

66 1438 158 1478 nino
173 1439 470 1480 recusabantur
487 1472 495 1490 ,
520 1441 593 1493 qui
612 1445 685 1480 aut
706 1441 842 1481 doctus
865 1453 948 1480 esse
967 1442 1025 1480 vi-

66 1499 231 1541 deretur
249 1506 320 1542 aut
343 1502 461 1542 vellet
481 1502 637 1553 doceri,
661 1507 707 1542 ut
721 1502 884 1555 publica
906 1516 1028 1556 quae-

66 1561 158 1602 dam
169 1562 401 1604 bibliotheca
411 1568 448 1603 et
458 1576 705 1617 inqenzorum
715 1565 1026 1604 sustentaculum

70 1624 209 1666 domus
228 1628 315 1680 eJ'us
334 1628 652 1667 existimaretur.
678 1628 831 1667 Etenim
851 1639 914 1667 eos
932 1660 940 1676 ,
960 1641 1029 1680 qui

69 1686 191 1729 libros
218 1701 313 1729 suos
335 1689 601 1738 occultarent,
625 1702 750 1743 neque
769 1702 858 1729 cum
887 1692 1029 1730 ceteris

60 1751 376 1804 participarent,
399 1764 490 1791 cum
513 1755 642 1792 essent
659 1752 757 1792 editi
776 1753 830 1792 ad
858 1765 1030 1792 commu-

65 1824 152 1853 nem
165 1814 380 1854 viventium
393 1814 602 1854 utilitatem
621 1846 630 1864 ,
652 1814 937 1867 quodammodo
956 1815 1026 1854 ab-

68 1875 287 1929 horrebat,
331 1878 540 1933 affirmans
586 1877 813 1931 hujzismodz‘
859 1878 1028 1918 homines

68 1940 195 1988 teneri
211 1940 375 1980 crimine
398 1940 600 1994 eaepilatae
624 1940 895 1980 baereditatis.
917 1940 1030 1990 Quod

15 2023 21 2027 -
65 2006 196 2042 autem
214 2004 414 2056 eqreqiam
433 2003 588 2043 laudem
608 2007 784 2042 meretur
801 2035 809 2054 ,
831 2015 1026 2042 summam

66 2073 228 2114 operam
247 2075 466 2116 curamque
479 2063 663 2103 adhibuit
679 2064 734 2103 ad
750 2063 1025 2115 pervestiqan-

65 2125 135 2166 dos
170 2130 374 2176 auctores,
404 2127 478 2179 qui
503 2126 621 2180 culpa
651 2131 869 2180 temporum
893 2129 1024 2178 peric-

65 2192 185 2239 rant;
207 2201 289 2242 qua
311 2201 352 2228 m
373 2201 419 2229 re
442 2202 536 2229 vere
553 2201 718 2243 possum
740 2189 873 2229 dicere
893 2201 1023 2228 omnes

62 2249 148 2303 fere
171 2250 294 2292 libros
307 2284 318 2302 ,
339 2252 411 2304 qui
427 2252 581 2292 noviter
601 2256 684 2291 tum
702 2251 754 2291 ab
769 2251 860 2291 aliis
876 2252 1027 2304 reperti

62 2317 178 2363 sunt,
204 2317 286 2353 tum
313 2327 340 2353 a
363 2326 423 2354 me
446 2315 532 2367 ipso
554 2346 562 2359 .
593 2316 664 2367 qui
685 2315 881 2365 inteqrum
903 2315 1025 2361 Quin-

65 2377 247 2416 tilianum
265 2405 274 2425 ‚
288 2376 427 2429 plures
447 2378 650 2417 Ciceronis
664 2378 793 2416 nostri
807 2378 1021 2423 orationes,

63 2439 202 2478 Silium
232 2440 412 2478 Italicum
431 2468 440 2486 ,
467 2440 638 2479 Nonium
663 2440 920 2488 Marcellum,
949 2441 1022 2478 Lu-

63 2502 176 2539 cretii
198 2504 380 2552 partem,
410 2499 627 2551 multosque
645 2504 858 2552 praeterea
882 2512 901 2538 e
927 2501 1023 2539 Ger-

65 2573 275 2600 manorum
305 2560 588 2613 Gallorumque
611 2561 828 2612 erqastulis
853 2574 941 2600 mea
964 2561 1021 2600 di-

67 2623 226 2677 liqentia
268 2624 424 2675 eripui,
467 2628 586 2675 atque
614 2623 654 2661 in
698 2622 822 2662 lucem
866 2622 1020 2670 extuli,

66 2685 223 2726 Nicolai
247 2697 397 2735 suasu,
424 2684 624 2737 impulsu,
650 2684 954 2733 eaeliortatione,
985 2689 1021 2723 et

62 2760 192 2802 paene
218 2747 431 2788 verborum
461 2746 644 2787 molestia
671 2759 754 2786 esse
783 2748 933 2786 Latinis
964 2746 1022 2785 lil—

68 2811 164 2851 teris
190 2811 405 2851 restitutos.
431 2812 512 2860 (234
546 2811 750 2850 Fabricius
776 2810 838 2849 hic
863 2811 900 2848 in
928 2811 1024 2848 ima-

67 2876 157 2926 gine
171 2874 232 2913 sui
245 2872 404 2913 videtur
419 2874 492 2913 sibi
516 2874 783 2925 complacere.
801 2873 883 2911 Vid.
903 2873 1023 2911 Rhei-

67 2946 204 2976 marus
246 2937 286 2975 in
327 2937 414 2976 eius
440 2936 541 2975 Vita.
573 2937 628 2975 De
666 2936 752 2974 Nic.
773 2934 925 2974 Niccoli
945 2934 1023 2972 vid.

67 2999 264 3050 Gagliardi
294 2999 472 3050 operette
500 2999 662 3038 Brescia
692 2998 804 3038 1763.
837 2998 895 3042 8.)

122 3061 328 3104 NICOLAI
352 3061 513 3103 Nisseni
530 3060 762 3100 Sermonem
787 3060 835 3099 de
856 3061 1025 3098 Venera-

70 3127 138 3167 bili
159 3126 415 3166 Sacramento
440 3124 614 3175 corporis
638 3123 789 3163 Cllristi
813 3124 908 3161 citat
933 3125 1026 3161 1320-

70 3190 163 3229 vius
185 3188 234 3228 ad
258 3187 304 3226 A.
327 3186 370 3225 C.
397 3186 513 3225 1111.
543 3197 580 3223 n.
606 3185 667 3224 26.
694 3197 778 3236 pag.
810 3185 899 3224 374.
929 3185 1024 3223 Vide

71 3262 191 3303 supra
214 3248 421 3292 Nicolaum
443 3247 637 3300 Dionysii.

122 3311 379 3353 NICOLAUS
399 3309 589 3350 Notarius
608 3310 647 3349 S.
662 3309 864 3348 Boi-nardi.
881 3309 1020 3361 Supra,

73 3374 259 3417 Nicotaus
289 3371 633 3417 Claraevallensis.

1981 253 2056 293 119

1153 320 1402 362 NlCOLAUS
1428 322 1539 371 Nus,
1571 323 1686 361 euius
1709 322 1884 360 carmina
1910 320 1958 360 (le
1983 323 2059 372 pri-

1101 382 1237 420 mitivo
1267 385 1592 435 Congregationis
1637 384 1934 433 Aflliginiensis.
1964 383 2058 421 Ord.

1099 444 1244 482 Bened.
1268 447 1422 485 fervore
1440 452 1480 484 ot
1497 446 1659 497 Angelis
1683 447 1801 485 etiam
1826 445 2056 484 admiranda

1099 507 1336 555 sanctitate,
1364 513 1559 546 memorat
1587 507 1791 546 Sandcrus
1821 509 1857 545 in
1899 508 2058 546 Bibliot-

1097 568 1193 608 heca
1234 570 1389 620 Belgica
1428 573 1622 610 Manuscr.
1650 575 1759 620 parte
1784 570 1820 608 2.
1851 582 1936 621 pag.
1966 572 2053 610 151.

1100 632 1163 670 ubi
1180 633 1235 670 ait
1248 637 1450 671 auctorem
1468 634 1620 671 vixisse
1634 632 1756 670 videri
1774 633 1874 670 circa
1891 632 1936 671 A.
1952 634 2054 671 1130

1152 694 1404 734 MCOLAUS
1430 695 1646 741 Occamus,
1671 694 1823 744 Anglus
1848 694 1940 732 Ord.
1985 697 2055 734 Mi-

1099 768 1180 794 nor.
1205 758 1308 796 circa
1328 758 1402 795 An.
1430 758 1543 796 4320.
1570 756 1618 795 de
1649 768 1726 806 quo
1752 756 1948 796 Lolandus
1969 768 2055 808 cap.

1098 819 1186 857 326.
1212 819 1276 858 ubi
1301 819 1349 857 de
1375 818 1567 857 Guilelmo
1604 820 1773 858 Occamo
1803 818 1851 856 (lc
1881 831 1958 869 quo
1987 831 2053 858 su-

1097 892 1162 932 pra
1185 886 1278 920 tom.
1304 882 1338 920 3.
1358 894 1442 933 pag.
1467 883 1556 921 147.
1576 886 1616 920 et
1637 881 1684 919 de
1704 881 1852 918 Joanne
1868 882 2048 929 occamo,

1097 946 1286 995 scriptore
1310 945 1651 991 Quodlibetorum.
1678 941 1795 981 Hunc
1820 955 1913 981 vcro
1939 945 2049 982 Nico-

1096 1006 1201 1046 laum
1226 1009 1280 1045 ait
1309 1009 1518 1058 scripsisse
1544 1007 1720 1046 libcllum
1761 1005 1807 1044 de
1849 1005 2052 1044 latitudine

1098 1068 1400 1121 Opposz'tionum‚
1419 1070 1606 1119 ingeniosi
1631 1067 1817 1106 Indicium
1843 1069 2050 1117 Astrologi,

1097 1132 1146 1169 ita
1168 1133 1272 1169 enim
1297 1132 1345 1169 ibi
1371 1130 1581 1181 legendum
1602 1161 1610 1179 ,
1637 1141 1712 1167 non
1739 1135 1781 1168 ut
1807 1130 1856 1169 ab
1880 1131 2050 1168 Antonio

1096 1192 1210 1231 113110
1239 1193 1388 1232 editum
1418 1197 1504 1239 est,
1535 1197 1654 1242 atque
1686 1197 1727 1230 ut
1762 1193 1942 1241 legerunt
1981 1194 2051 1230 Ba-

1095 1255 1193 1300 leus,
1214 1256 1367 1293 pitseus
1389 1259 1428 1292 et
1455 1254 1712 1302 Waddingus,
1734 1256 1932 1305 proprium
1962 1254 2049 1291 inde

1094 1318 1257 1356 alterius
1277 1318 1410 1366 scripti
1442 1316 1601 1354 titulum
1631 1316 1905 1365 confingentes
1922 1315 2051 1364 ‚judi-

1095 1379 1211 1418 cium.
1249 1378 1369 1417 Addit
1412 1377 1553 1416 deinde
1583 1378 1630 1416 ab
1667 1378 1753 1416 aliis
1791 1384 2051 1417 memoratum

1097 1442 1207 1492 Opus
1237 1440 1282 1478 de
1316 1438 1437 1479 Verbo
1480 1441 1644 1478 Divino:
1675 1444 1715 1477 01
1743 1442 2051 1479 commentarios

1099 1503 1139 1541 in
1168 1502 1279 1541 Petri
1306 1500 1557 1552 Lonqobardi
1583 1502 1646 1539 IV.
1680 1499 1801 1539 libros
1842 1502 2052 1540 Sententia-

1099 1576 1190 1603 rum
1213 1564 1376 1603 Addunt
1402 1566 1555 1603 Pitscus
1581 1575 1667 1615 pag.
1692 1564 1782 1601 lito.
1800 1568 1840 1601 et
1863 1563 2053 1602 Waddin-

1101 1637 1175 1676 gus
1190 1638 1276 1676 pag.
1296 1626 1385 1664 267.
1411 1623 1641 1674 Quodlibeta
1661 1623 1927 1672 Scholastica,
1953 1637 2052 1676 quae

1101 1689 1217 1728 Baleo
1248 1689 1290 1726 V.
1324 1688 1384 1727 17.
1416 1687 1638 1739 Sophistica
1667 1687 1928 1738 appellantur.

1156 1751 1408 1791 MCOLAUS
1439 1749 1647 1798 Orbellus,
1677 1752 1762 1788 sive
1793 1749 1839 1788 de
1870 1748 2049 1789 Orbellis.

1103 1814 1230 1864 Supra
1260 1812 1447 1854 Nicolaus
1477 1811 1696 1851 Dorbellus.

1153 1876 1402 1917 NICOLAUS
1431 1877 1596 1915 Oremus
1622 1877 1707 1914 sive
1734 1873 1936 1913 Oresmius
1959 1875 2052 1913 Nor-

1100 1951 1296 1988 mannus,
1326 1941 1390 1978 vir
1419 1939 1560 1978 doctus
1589 1943 1628 1977 et
1658 1937 1870 1984 cordatus,
1901 1939 2051 1987 peritus

1099 2004 1219 2041 etiam
1236 2002 1603 2041 Mathematicarum
1621 2000 1843 2038 litterarum
1861 2001 1921 2038 cui
1938 1999 2054 2037 Joan-

1099 2076 1171 2103 nes
1187 2065 1334 2104 Galliae
1351 2065 1433 2103 Rex
1458 2064 1736 2114 magnanimus
1760 2066 1800 2101 et
1819 2061 2049 2100 eruditionis

1097 2138 1237 2166 amans
1275 2127 1401 2165 filium
1440 2137 1584 2172 suum,
1615 2123 1738 2163 Caroli
1770 2125 1813 2162 V.
1853 2124 2049 2174 Sapientis

1100 2191 1259 2228 nomine
1280 2189 1424 2228 deinde
1444 2188 1593 2227 clarum
1609 2217 1619 2235 ,
1643 2185 1929 2225 instituendum
1945 2197 2050 2223 com-

1099 2253 1216 2290 misit.
1257 2251 1478 2301 Theologus
1518 2249 1750 2288 Parisiensis
1787 2248 2048 2297 Gymnasium

1097 2315 1337 2352 Navarreum
1364 2311 1578 2362 regendum
1602 2310 1779 2360 suscepit
1799 2309 1843 2347 A.
1871 2309 1984 2347 4359.
2009 2313 2050 2346 et

1096 2377 1316 2426 Episcopus
1339 2374 1387 2413 ab
1407 2374 1521 2412 Anno
1548 2372 1661 2411 1377.
1686 2372 1963 2415 Lexovicnsis,
1983 2370 2050 2407 dc-

1099 2439 1259 2476 functus
1287 2442 1348 2475 est
1377 2435 1422 2474 A.
1455 2435 1570 2474 1382.
1601 2435 1655 2472 Ι)0
1685 2444 1729 2471 eo
1761 2436 1915 2482 praeter
1939 2432 2048 2469 Sam-

1098 2499 1327 2537 marthanos
1349 2502 1440 2535 tom.
1463 2497 1497 2534 2.
1520 2496 1667 2534 Galliae
1689 2495 1936 2533 Christianae
1961 2504 2045 2542 pag.

1096 2560 1185 2598 650.
1223 2565 1263 2598 et
1304 2558 1517 2606 Launojum
1564 2559 1599 2594 in
1640 2557 1799 2594 historia
1840 2555 1868 2591 G
1880 2555 2044 2602 ymnasii

1096 2623 1281 2662 Navarrei
1308 2626 1416 2671 parte
1442 2622 1476 2658 3.
1505 2631 1587 2668 pag.
1617 2618 1705 2656 4553.
1732 2628 1814 2665 seq.
1841 2615 2047 2653 adeundus

1096 2685 1261 2723 lluctius
1292 2684 1328 2719 in
1358 2681 1584 2728 Originibus
1613 2677 1927 2717 Carlomonsibus
1961 2687 2043 2725 cap.

1095 2747 1158 2785 24.
1190 2746 1277 2784 Mihi
1309 2745 1406 2782 satis
1437 2743 1553 2780 fucrit
1593 2742 1770 2778 notitiam
1809 2741 2043 2789 scriptorum

1096 2821 1144 2847 cx
1158 2806 1340 2857 Launojo,
1352 2803 1694 2844 observationibus
1705 2800 1936 2851 quibusdam
1948 2803 2044 2838 mois

1097 2870 1375 2922 locupletatam
1406 2879 1495 2906 cum
1530 2867 1673 2904 lectore
1703 2864 2003 2901 communicare.

1500 2927 1642 2966 Edita.-

1153 2996 1264 3034 Liber
1280 2993 1326 3032 dc
1340 2990 1550 3030 mutatione
1566 2991 1740 3028 Monetae
1762 3018 1769 3029 ,
1785 2999 1804 3025 3
1823 2987 1921 3024 bono
1939 2987 2045 3024 Prin-

1098 3060 1183 3109 cipe
1208 3068 1284 3095 non
1310 3052 1584 3106 permittenda.
1611 3053 1749 3089 Exstat
1776 3051 1810 3085 in
1837 3049 1928 3086 Bibl.
1955 3059 2044 3086 san-

1099 3126 1251 3159 ctorum
1269 3120 1440 3162 l‘atrum,
1460 3116 1577 3154 l'aris.
1599 3118 1689 3150 tom.
1710 3113 1774 3150 ix.
1803 3111 1910 3149 ¹389.
1932 3111 2042 3149 iou.

1099 3183 1234 3221 Colon.
1264 3186 1358 3218 tom.
1383 3179 1469 3217 xiv
1500 3181 1539 3214 ot
1571 3173 1690 3220 1,ιι;,’(1.
1722 3178 1813 3211 tom.
1845 3172 1969 3211 XXVl
2008 3185 2042 3222 p.

1098 3244 1186 3283 226.
1218 3241 1357 3280 Prodiit
1389 3244 1428 3277 ct
1458 3240 1493 3276 in
1525 3231 1740 3287 appendici*
1770 3235 1945 3284 Operum
1981 3235 2044 3270 Jo-

1097 3307 1211 3345 annis
1253 3303 1440 3341 Gorsonis
1470 3303 1540 3347 (ut.
1571 3302 1680 3336 notat
1721 3298 1947 3341 (icsnorus,
1977 3298 2042 3346 qui

1099 3368 1198 3408 male
1236 3367 1355 3406 refert
1397 3363 1444 3402 ad
1485 3362 1588 3401 Guil.
1630 3362 1819 3401 Orcmum
1851 3359 2041 3405 lintrem)
