2533 4009
498 257 572 296 122

1290 242 1670 282 NICOLAUS

488 326 661 365 dabatur
695 323 936 369 eleemosyna
968 317 1005 354 in
1037 315 1188 353 Palatio
1232 315 1361 366 Papae
1394 315 1431 352 in
1503 313 1633 352 dentia
1664 317 1732 351 tua
1769 319 1842 355 otc.
1882 320 1979 357 ltem
2023 317 2199 357 eiusdem
2235 316 2453 356 Alexandri

486 390 583 438 sesto
629 381 913 432 carnisprivii.
943 381 980 416 et
1021 377 1163 416 statuit
1202 376 1306 427 quod
1338 376 1432 416 liaec

487 450 746 496 eroqarentur
773 438 1020 492 pauperibus
1053 438 1145 476 aliis
1178 439 1434 477 communiter

486 511 597 548 etiam
631 506 722 557 ipsis
766 501 942 541 Ribalclis
963 533 972 549 ,
1003 501 1075 553 qui
1099 500 1153 539 ad
1196 502 1345 551 Papam
1372 512 1436 539 ve-

489 571 615 608 nerint
647 568 684 603 in
713 565 809 616 festo
850 563 1113 614 carm‘sprz'va'
1147 562 1255 601 circa
1298 561 1436 600 boram

489 640 758 679 vesperarum.
773 629 923 677 Incipit.
942 626 1045 673 Quia
1061 624 1267 663 dicebatur
1281 635 1364 663 esse
1380 636 1433 663 ec.

537 691 638 730 XIV.
668 688 780 738 Quod
799 692 1014 739 proventus
1047 683 1200 738 Cape-lli
1221 685 1360 724 debeat
1382 685 1439 723 (li-

486 752 568 791 vicli
590 749 874 792 Cardinalibus
897 749 1127 789 absentibus
1148 781 1155 797 ‚
1185 749 1362 799 exceptis
1388 747 1439 786 le-

480 814 585 865 yatis
612 827 667 852 eac
697 813 978 853 Constitutione
1023 812 1230 852 Clementis
1265 813 1301 850 V.
1342 813 1441 850 lnci-

487 880 566 928 pit:
595 878 688 915 Item
721 877 908 914 Dominus
936 881 1009 913 etc.

538 940 621 977 XV.
652 938 764 987 Quod
795 938 1055 977 Camerarius
1084 937 1171 975 sive
1201 935 1349 975 Clerici
1375 946 1439 973 sa—

484 1002 548 1039 cri
584 1001 748 1051 (¹0lleyz‘1'
775 999 915 1039 debeat
960 1000 1146 1037 interesse
1190 1000 1366 1048 computo
1394 996 1440 1034 de

484 1064 650 1113 receptis
681 1067 718 1100 et
745 1062 1033 1100 wlministratis
1063 1072 1117 1098 eac
1145 1059 1341 1098 constitut.
1372 1059 1441 1096 Be-

484 1125 628 1164 nedicti
650 1126 755 1163 XIII.
777 1124 847 1162 An.
877 1124 994 1162 4534.
1019 1122 1080 1160 (lie
1103 1122 1168 1163 23.
1196 1118 1435 1158 Decembris.

539 1187 640 1226 XVI.
670 1186 782 1235 Quod
811 1185 1074 1225 Camerarius
1107 1186 1146 1224 S.
1187 1182 1353 1233 Colle91a·
1379 1183 1443 1222 de-

486 1248 549 1287 bet
575 1247 720 1287 habere
744 1249 895 1299 copiam
926 1245 1022 1285 libri
1047 1245 1242 1285 censualis
1272 1258 1327 1284 eac
1355 1257 1441 1284 con-

484 1312 683 1351 stitutione
707 1310 882 1349 eiusdem
910 1308 1118 1348 Benedicti.

543 1375 663 1413 XVII.
711 1373 822 1422 Quod
871 1372 1099 1412 Camerarii
1128 1373 1167 1410 S.
1205 1370 1353 1409 Palatii
1379 1369 1443 1408 de-

486 1435 576 1475 bent
600 1436 812 1489 procedere
841 1439 978 1474 contra
1015 1433 1221 1472 Praelatos
1251 1445 1326 1471 uon
1367 1432 1442 1471 sol-

486 1504 615 1538 ventes
646 1510 846 1537 commune
872 1497 1078 1537 servitium
1103 1508 1157 1535 esc
1184 1497 1346 1534 Decreto
1367 1496 1442 1535 Ca-

488 1561 756 1600 merariorum
786 1564 823 1598 et
849 1562 889 1598 S.
936 1557 1096 1609 Colleyii
1125 1571 1191 1597 cin.
1229 1559 1347 1599 4524.
1380 1557 1442 1595 (lie

488 1624 552 1661 25.
583 1622 745 1674 Aprilis.

542 1686 678 1724 XVIII.
710 1684 822 1733 Quod
859 1683 1018 1734 priores
1050 1682 1121 1733 qui
1144 1681 1245 1732 fiunt
1268 1693 1343 1732 per
1373 1680 1445 1719 ele-

487 1748 629 1785 ctiones
658 1747 712 1785 acl
739 1757 940 1785 commune
968 1745 1178 1784 servitium
1209 1747 1440 1789 teneantur7

487 1810 602 1861 idque
624 1809 844 1847 continetur
869 1807 909 1845 in
928 1807 1059 1846 eodem
1079 1808 1253 1845 Decreta.

539 1871 650 1920 Quod
667 1870 840 1908 Ecclesia
857 1881 1006 1909 vacans
1017 1868 1075 1908 bis
1094 1869 1243 1907 inanno
1256 1871 1441 1906 teneatur

485 1936 635 1971 tantum
650 1944 772 1970 unum
788 1944 988 1970 commune
1004 1931 1213 1970 servitium
1224 1930 1376 1969 solvere
1390 1942 1443 1969 esc

485 1994 752 2033 declarat.'one
778 1993 888 2046 faeta
917 2006 1029 2031 αιἰηο.
1065 1994 1181 2032 4554.
1213 1992 1274 2030 die
1306 1993 1346 2031 4.
1379 1994 1445 2031 Se-

481 2056 687 2108 ptembris.

542 2121 648 2159 XIX.
681 2119 792 2168 Quod
823 2118 1001 2157 Praelati
1028 2117 1172 2156 liabent
1207 2117 1261 2156 ad
1297 2116 1445 2156 solven—

490 2180 582 2219 dum
601 2193 802 2219 commune
818 2181 1026 2220 servitium
1036 2193 1111 2232 pro
1124 2180 1260 2231 primo
1283 2179 1445 2218 termino

487 2244 524 2282 9.
548 2255 706 2290 menses,
731 2247 769 2282 et
782 2256 854 2295 pro
879 2243 1047 2283 secundo
1065 2243 1221 2281 totidem
1239 2254 1294 2281 eac
1310 2240 1446 2280 Decla-

491 2306 645 2344 ratione
674 2318 738 2344 an.
761 2307 878 2354 4550,
911 2305 973 2344 die
1000 2307 1064 2347 20.
1096 2303 1338 2344 Decembris.

544 2370 631 2407 XX.
658 2370 891 2419 Sequuntur
906 2368 1133 2408 donationes
1159 2373 1196 2406 et
1215 2367 1447 2418 la7·91'tiones

487 2431 619 2484 sactae
643 2431 693 2470 ab
721 2430 1034 2482 [inperatoribus
1059 2431 1227 2483 aliisque
1251 2433 1359 2470 Rom.
1377 2431 1447 2468 Ec-

488 2494 642 2533 clesiae.
663 2495 697 2533 4.
723 2499 780 2533 est
797 2495 963 2532 Donatio
983 2493 1238 2534 Constantini.
1254 2493 1443 2544 Sequitur

488 2557 653 2595 Donalio
664 2557 853 2596 Luflovici
866 2558 960 2609 Imp.
972 2560 1140 2608 tempore
1155 2555 1359 2594 paschalis
1377 2557 1452 2594 Pa-

486 2631 585 2669 pae,
603 2618 767 2657 Henrici
783 2618 907 2671 primi
929 2620 1023 2671 Imp.
1050 2618 1213 2658 Henrici
1239 2619 1301 2657 IV.
1329 2619 1452 2669 Impe-

484 2681 654 2719 ratoris.

546 2745 654 2781 XXI.
683 2744 857 2794 Gregorii
905 2747 1030 2795 Papae
1075 2745 1155 2782 VII.
1199 2745 1351 2782 litterae
1397 2755 1451 2781 eat

491 2804 632 2855 quibus
655 2810 823 2856 apparet
838 2805 1055 2845 Ecclesiam
1081 2805 1226 2844 habere
1245 2818 1369 2844 vinum
1389 2805 1452 2843 (le-

491 2868 655 2904 uarium
680 2866 720 2904 in
753 2869 880 2917 Reqno
918 2868 1117 2906 Franciae
1142 2882 1164 2907 a
1185 2866 1358 2919 quolibet
1380 2879 1450 2905 an-

490 2928 643 2966 nuatim
666 2928 905 2968 solvendum.
939 2930 1167 2968 Succedunt
1192 2931 1289 2968 aliae
1315 2931 1448 2968 literae

491 2990 695 3035 eiusdem.
741 3003 795 3029 eac
829 2990 972 3042 quibus
1011 2992 1169 3042 pariter
1207 2991 1450 3042 (lz'qnoscitur

491 3054 602 3091 Rom.
649 3053 867 3092 Ecclesiam
911 3056 1113 3094 retrahere
1159 3053 1352 3106 quaedam
1396 3065 1450 3091 eac

492 3116 704 3166 Hunyaria
725 3119 763 3154 et
785 3117 991 3168 Hispania.
1029 3119 1179 3155 Literac
1205 3118 1324 3155 etiam
1359 3116 1448 3154 Ale-

497 3177 636 3215 xandri
662 3179 773 3227 (foi-te
798 3181 875 3228 IV.)
901 3181 948 3218 ad
984 3180 1228 3219 Guilelmum
1254 3181 1344 3228 Reg.
1370 3178 1450 3217 An-

498 3239 650 3286 giorum
683 3248 950 3281 memorantes
973 3241 1204 3281 deditionem
1235 3238 1450 3291 Reqnifa-

496 3303 597 3337 ctam
624 3312 649 3337 a
684 3303 832 3341 ,Ioanne
863 3307 960 3355 Reye
1001 3307 1196 3344 Romanae
1236 3302 1448 3342 Ecclesiae.

497 3359 724 3401 Alexander
746 3371 820 3404 etc.
838 3365 1027 3405 Guilelmo
1044 3368 1132 3417 Reyi
1149 3378 1205 3406 ec.
1227 3367 1343 3406 Novit
1350 3377 1449 3417 pru-

1506 385 1553 424 ad
1590 385 1734 435 Regem
1774 384 1970 424 Danorum
2001 397 2070 436 pro
2108 395 2149 422 re
2189 382 2332 431 simili,
2358 383 2459 432 frag-

1509 452 1688 486 mentum
1707 446 1974 495 estEpistolae
1989 447 2179 497 incipiens
2191 459 2198 484 :
2210 447 2462 496 quapropter.

1509 512 1632 549 Extat
1648 509 1749 559 apud
1760 510 2012 548 Muratorium
2033 511 2068 547 in
2087 510 2170 548 loco
2187 507 2235 546 de
2254 517 2331 557 quo
2348 507 2461 546 inira.

1564 573 1688 611 XXII.
1711 571 1885 617 Gregorii
1902 571 1969 609 VII
2003 571 2138 611 litei-ac
2154 572 2354 610 Demetrio
2369 571 2461 621 Regi

1512 637 1730 675 Cuscorum
1756 638 1796 672 ct
1820 634 1989 678 Reginae
2031 633 2133 683 quod
2164 644 2329 684 regnum
2368 631 2463 677 illud

1512 698 1557 737 ad
1575 699 1787 736 Romanam
1810 696 2026 734 Ecclesiam
2044 697 2254 745 pertinent.
2267 695 2466 745 Incipiunt

1509 760 1617 810 silius
1640 763 1769 798 vester
1791 757 1939 796 limina.
1977 757 2129 796 Literae
2157 757 2255 796 aliae
2291 757 2465 806 Gregorii

1516 822 1595 860 vil.
1621 824 1656 860 in
1684 822 1830 872 quibus
1854 822 1982 869 agitur
2011 819 2059 857 de
2083 819 2242 868 Synodo
2264 819 2396 859 habita
2426 819 2464 856 in

1514 883 1708 922 Dalmatia
1740 895 1759 922 a
1789 883 1960 921 Geizone
1996 882 2035 920 S.
2064 880 2244 919 Bonifatii
2276 886 2316 919 et
2338 880 2465 919 Alexii

1515 945 1689 988 abatem
1714 957 1733 984 a
1756 946 1917 983 Folvino
1937 942 2249 993 Forosempronii
2274 942 2470 992 Episcopo

1515 1007 1709 1045 An.l)om.
1724 1009 1916 1045 Incarnat.
1931 1005 2044 1044 4076.
2055 1005 2135 1055 qu
2155 1001 2376 1042 Demetrius
2393 1009 2469 1043 etc.

1515 1069 1735 1118 Utramque
1756 1070 1869 1107 istam
1881 1068 2086 1118 epistolam
2109 1066 2222 1105 affert
2245 1066 2414 1105 Cencius
2431 1068 2468 1104 in

1518 1131 1613 1169 libro
1643 1132 1846 1170 Censuum
1867 1131 1904 1169 S.
1922 1131 1963 1169 R.
1980 1131 2024 1168 E.
2045 1129 2204 1179 vulgato
2221 1140 2242 1168 a
2258 1127 2471 1168 Muratorio

1518 1195 1554 1232 in
1588 1193 1903 1243 Antiquitatibus
1925 1194 1973 1231 Μ.
1999 1192 2096 1230 Aevi
2126 1196 2224 1230 tom.
2247 1192 2294 1230 V.
2317 1204 2355 1242 p.
2379 1192 2468 1231 639.

1572 1257 1715 1295 XXIII.
1735 1257 1910 1306 Reqnum
1934 1255 2158 1305 Araqoniae
2178 1253 2257 1307 fuit
2275 1256 2472 1294 Romanae

1518 1318 1592 1358 sub
1617 1322 1722 1357 certo
1746 1330 1878 1357 censu.
1901 1318 2045 1357 Petrus
2072 1319 2158 1357 Rea)
2177 1323 2252 1357 etc.

1573 1383 1715 1421 XXIV.
1757 1382 1867 1421 Aliae
1907 1382 2090 1420 similiter
2129 1381 2266 1419 literae¹
2303 1380 2472 1419 similem

1519 1445 1805 1483 subiectionem
1838 1444 2004 1483 aliorum
2030 1444 2254 1491 Regnorum
2280 1443 2424 1482 ferunt.

1571 1509 1693 1547 XXV.
1724 1509 1815 1546 Post
1844 1507 1942 1546 haec
1962 1505 2140 1545 succedit
2163 1506 2298 1544 brevis
2330 1510 2475 1545 tracta-

1519 1571 1571 1608 tio
1594 1569 1641 1608 de
1668 1569 1923 1608 Pontificibus
1948 1571 2014 1620 qui
2037 1570 2121 1608 iura
2148 1568 2350 1608 Ecclesiae
2374 1572 2475 1607 stre-

1520 1644 1597 1671 nue
1641 1631 1909 1670 defenderunt
1950 1633 2068 1670 ctiam
2098 1636 2234 1670 contra
2272 1632 2399 1682 Reges
2435 1635 2475 1667 et

1524 1694 1799 1742 Imperatores.
1857 1721 1864 1728 .

1574 1754 1716 1793 XXVI.
1747 1755 1976 1794 Succedunt
2000 1755 2108 1794 Aliae
2132 1755 2325 1794 formulae
2345 1765 2474 1793 sacra-

1522 1822 1747 1856 mentorum
1778 1817 2105 1867 praestantiorum
2144 1816 2192 1856 ab
2225 1818 2476 1867 Imperatori-

1519 1880 1594 1918 bus
1619 1879 1817 1927 Regibus,
1847 1881 2075 1929 Episcopus,
2105 1878 2336 1918 Abbatibus.

1572 1943 1734 1981 XXVII.
1764 1943 1954 1992 Sequitur
1982 1940 2029 1980 (ie
2065 1939 2315 1980 mirabilibus
2338 1940 2476 1980 civita-

1522 2004 1569 2043 tis
1599 2006 1756 2043 Romae.
1783 2004 1924 2052 Incipit
1952 2014 2093 2041 murus
2122 2003 2293 2042 civitatis
2332 2006 2475 2043 Romae

1520 2066 1638 2105 habet
1664 2072 1795 2105 turres
1837 2066 1949 2105 4364.
1979 2065 2174 2114 Castella,
2198 2065 2235 2104 id
2261 2071 2323 2104 est
2347 2077 2477 2104 meru-

1523 2129 1581 2167 los
1607 2129 1722 2166 6900.
1754 2133 1830 2166 etc.

1572 2192 1752 2229 XXVIII.
1778 2191 1832 2228 De
1859 2189 2035 2228 Historia
2052 2189 2327 2229 Ecclesiastico
2349 2202 2471 2241 quare

1522 2254 1652 2302 Cyrus
1695 2254 1775 2291 Rex
1822 2253 2030 2291 Persarum
2061 2257 2227 2291 vocatus
2260 2253 2334 2292 fuit
2362 2252 2474 2292 Chri-

1521 2320 1634 2363 stus,
1665 2319 1705 2352 et
1736 2314 1784 2352 <Ie
1808 2315 1870 2352 70.
1897 2315 2012 2352 annis
2035 2315 2276 2364 captivitatis
2309 2308 2474 2364 Babylo-

1523 2377 1634 2414 nicae
1664 2377 1856 2427 expositis
1885 2375 2071 2414 historice
2101 2380 2141 2414 et
2169 2376 2386 2426 allegorice.

1578 2436 1728 2477 XXIX.
1752 2437 1981 2477 Succedunt·
2002 2436 2275 2477 Ordinationes
2299 2441 2336 2476 et
2356 2438 2474 2477 Gesta

1537 2502 1788 2539 Summorum
1820 2499 2048 2551 Pontificum
2068 2511 2195 2551 usque
2214 2500 2261 2540 ad
2287 2501 2479 2540 Innocen-

1524 2564 1622 2602 tium
1656 2564 1702 2601 II.
2338 2588 2341 2591 -

1582 2626 1709 2663 XXX.
1743 2625 1958 2674 Sequentia
1989 2628 2085 2663 sunt
2113 2623 2162 2663 de
2191 2624 2301 2663 Italia
2326 2625 2476 2664 scilicet

1526 2686 1575 2724 de
1600 2688 1686 2725 eius
1706 2688 1876 2733 nomine,
1903 2687 1982 2724 situ
2005 2690 2045 2724 et
2070 2687 2284 2724 Provinciis
2300 2698 2309 2735 3
2326 2691 2367 2724 et
2381 2691 2476 2725 sunt

1525 2753 1713 2798 excerpta
1742 2748 1791 2786 de
1822 2747 1984 2786 historia
2013 2747 2304 2787 Ecclesiastica.

1579 2811 1726 2849 XXXI.
1747 2810 1860 2847 LIbor
1885 2810 2056 2847 locorum
2079 2813 2307 2848 sanctorum
2332 2809 2475 2848 Terrae

1525 2872 1769 2912 Hierusalem
1790 2871 1943 2909 Fretelli
1963 2869 2251 2910 Archidiaconi.
2269 2872 2324 2922 (In
2341 2871 2475 2911 BaIuZ.

1524 2937 1558 2974 4.
1587 2935 1672 2972 485.
1701 2932 1968 2979 Lucchesini.)

1577 2997 1633 3034 De
1658 2995 1852 3033 dlvisione
1879 2995 2000 3033 totius
2023 2994 2129 3033 orbis
2153 3006 2273 3046 quam
2295 2996 2474 3036 fecerunt

1527 3062 1609 3096 tres
1635 3056 1699 3094 filii
1731 3058 1809 3095 Noe
1839 3060 1879 3094 et
1909 3056 1957 3094 de
1986 3056 2235 3096 Patriarchis.

1578 3121 1632 3157 De
1662 3120 1877 3157 Macometo
1905 3119 2071 3169 eiusque
2106 3119 2215 3170 prole
2243 3124 2284 3159 et
2312 3131 2473 3160 succes-

1529 3183 1650 3220 sione.

1578 3244 1741 3282 XXXII.
1780 3244 1899 3281 Gesta
1941 3243 2146 3282 Romanor.
2189 3244 2422 3284 Pontificum
2452 3257 2474 3284 a

1526 3308 1652 3344 Leone
1682 3308 1781 3356 Papa
1812 3306 1880 3344 IX.
1909 3309 1948 3342 et
1976 3304 2163 3356 deinceps
2199 3307 2302 3346 sicut
2331 3308 2368 3346 in
2408 3309 2476 3346 Fa-

1525 3369 1644 3406 bricio
1674 3371 2027 3407 commemoratum
2057 3372 2131 3405 est.
