2517 4009
869 232 1289 272 PH1L1P1¹US

127 302 379 342 PHILIPPUS
407 299 454 339 de
483 299 740 352 Eleemosyna
762 302 894 342 Abbas
921 306 1035 343 Prae-

77 363 410 410 monstratensis,
442 362 481 402 S.
505 363 694 401 Bernardi
721 364 937 411 familiaris,
966 376 1036 403 au-

73 429 158 463 ctor
205 422 403 475 Leqendae
441 422 618 475 famosae
649 424 694 463 de
723 427 763 465 S.
800 425 1034 477 Auyuste'no.

73 486 171 525 Vide
201 485 333 524 Jacobi
365 486 561 535 Hommey
597 487 921 536 supplementum
969 490 1036 526 l’a-

73 552 177 586 trum
209 559 245 597 p.
275 547 364 585 640.
391 551 433 585 et
456 558 575 597 supra
608 560 645 598 p.
674 548 766 586 277.

126 608 382 647 PHILIPPUS
423 607 655 648 Elnonensis
695 610 828 649 Abbas
859 612 895 648 in
927 608 1036 648 Han-

74 670 214 718 nonia,
258 670 397 709 Vossio
439 672 610 720 scriptor
640 671 751 709 Vitae
780 672 819 710 S.
864 670 1039 709 Amandt'

73 743 193 783 quam
224 742 345 782 supra
376 733 412 770 in
447 731 626 784 Philippo
656 733 786 771 Bonae
823 733 917 784 Spei
960 732 1037 771 Ab-

73 793 163 833 bate
194 794 427 832 memoravi.
469 793 566 832 Vide
596 794 694 833 Acta
724 795 904 833 Sanctor.
939 799 1033 832 torn.

75 856 91 895 1
127 855 314 894 Februar.
345 855 380 892 6.
412 866 498 906 pag.
529 856 620 894 895.
644 856 772 895 Verba
798 857 963 907 Philippi
989 856 1037 894 de

73 917 257 957 Coenobii
288 917 531 955 Elnonensis
575 918 655 956 situ
685 919 811 956 afferri
845 919 866 956 a
895 918 1039 956 Jacobo

73 978 218 1018 Meiero
261 979 299 1017 in
343 977 567 1018 Annalibus
603 979 823 1018 Flandricis
867 979 915 1017 ad
964 979 1040 1017 An.

73 1041 164 1080 661.
193 1042 295 1090 (non
328 1038 443 1079 1161.
475 1045 520 1079 ut
548 1040 650 1091 apud
677 1041 888 1091 Gangium)
910 1040 1039 1079 eidem

76 1102 216 1142 Vossio
243 1101 326 1152 jam
357 1105 551 1141 notatum.

128 1163 384 1202 PHILIPPUS
426 1162 670 1214 Episcopus,
699 1164 818 1213 cujus
862 1164 1039 1214 Epistola

74 1224 121 1265 de
146 1228 317 1277 tempore
347 1223 554 1263 Paschatz's
591 1223 819 1263 celebrandi
858 1227 945 1263 sive
992 1224 1041 1263 de

73 1287 320 1326 ordinatione
350 1287 537 1325 feriarum
584 1287 865 1336 Paschalium‚
897 1298 1042 1326 secun-

75 1348 171 1388 dum
209 1346 430 1386 Concilium
460 1348 722 1386 Caesariense
767 1348 813 1387 A.
859 1349 902 1388 C.
948 1349 1039 1386 296.

73 1410 254 1449 habitum
285 1413 420 1448 exstat
450 1410 554 1447 inter
582 1409 713 1448 Bedae
742 1421 861 1460 opera
891 1415 987 1448 tom.
1017 1411 1042 1449 2

74 1484 115 1524 p.
143 1472 238 1511 232.
266 1472 352 1509 sine
381 1471 557 1509 auctoris
587 1472 767 1509 nomine:
797 1476 917 1522 atque
954 1472 1044 1510 Phi-

74 1534 181 1585 lippo
210 1533 408 1572 tributum
439 1533 478 1570 in
509 1531 693 1571 Bucherii
725 1532 906 1572 doctrina
937 1537 1041 1572 tem-

78 1606 219 1647 porum
250 1605 340 1645 pag.
362 1594 451 1632 469.

127 1655 384 1696 PHILIPPUS
406 1654 660 1707 Eystetensz's,
686 1666 805 1707 supra
836 1655 1042 1709 Philippus

77 1716 409 1758 Eichstadianus.

129 1779 387 1821 PHILIPPUS
415 1779 722 1829 Ferrarz'ensis,
754 1780 975 1821 Tolosanus
1005 1781 1037 1819 si

75 1843 336 1883 Trithemium
368 1853 455 1893 cap.
485 1841 576 1881 675.
606 1841 658 1880 de
688 1842 729 1880 S.
760 1843 806 1881 E.
835 1841 1034 1890 audimus,

76 1907 161 1957 sive
205 1905 608 1944 Calatanissectensis
635 1905 795 1954 potius,
845 1908 888 1943 ut
934 1903 1036 1942 idem

76 1968 174 2007 libro
202 1967 252 2006 de
281 1966 506 2006 illustribus
530 1966 785 2015 Carmelitis,
809 1969 930 2016 atque
952 1977 1041 2016 pro-

75 2029 145 2068 hat
171 2028 400 2068 Antoninus
447 2029 642 2079 Mongitor
670 2032 766 2066 tom.
798 2029 822 2067 2
852 2028 948 2067 Bibl.
982 2029 1040 2067 Si-

76 2090 190 2129 culae
219 2101 306 2141 pag.
340 2090 427 2128 169.
453 2090 676 2140 Episcopus
701 2090 888 2128 Pacensis
913 2091 951 2128 in
977 2091 1043 2129 Hi-

79 2152 216 2203 spania
259 2152 365 2196 circa
393 2151 468 2191 An.
500 2152 616 2191 1396.
647 2161 696 2191 ex
727 2151 845 2202 cujus
881 2153 1041 2202 scriptis

77 2214 198 2252 etiam
227 2212 334 2264 apud
362 2213 566 2264 Alegrium
599 2224 686 2264 pag.
717 2213 809 2253 320.
841 2213 936 2251 nihil
965 2214 1041 2252 nisi

76 2275 286 2314 Sermones
320 2273 370 2313 de
413 2279 594 2325 tempore
623 2278 664 2312 et
693 2273 742 2312 de
773 2275 932 2313 Sanctis
963 2285 1045 2312 me-

78 2338 226 2376 morari
258 2337 474 2387 comperio.

103 2398 362 2438 PHILIPPUS
378 2396 637 2436 Florentinus
655 2397 1042 2446 Ultrarnensis‚Ord.

77 2461 214 2500 Minor.
243 2459 480 2510 Theologiae
510 2459 655 2496 Doctor
686 2460 809 2498 Paris.
852 2460 955 2497 circa
998 2458 1042 2496 A.

81 2521 198 2562 1313.
227 2524 386 2572 praeter
429 2518 707 2559 Conclusiones
737 2519 920 2559 collectas
950 2522 969 2559 e
999 2520 1044 2558 li-

81 2581 166 2622 brzs
215 2581 475 2635 Physicorum
521 2579 778 2628 Aristotelis,
828 2580 1043 2619 laudantur

80 2645 169 2696 ejus
195 2642 399 2684 Methodus
427 2641 683 2693 componendi
709 2643 917 2680 Sermones
961 2641 1044 2680 sive

83 2705 344 2747 Collationes:
375 2705 585 2744 Sermones
615 2714 685 2754 pro
715 2702 858 2741 diebus
888 2703 1043 2741 festivis

81 2779 126 2808 ac
155 2767 358 2807 ferialibus
388 2767 513 2805 totius
542 2766 647 2804 anni.
679 2764 776 2803 Vide
807 2764 900 2802 Julii
939 2765 1042 2815 Nigri

81 2830 287 2869 historiam
318 2830 561 2879 scriptorum
592 2827 912 2865 Florentinorum
958 2838 1043 2876 pag.

82 2892 174 2932 171.
220 2903 303 2942 seq.
353 2891 420 2942 qui
468 2889 618 2929 nullam
667 2889 908 2926 mentionem
954 2889 1044 2926 facit

85 2952 276 2995 Chronici
304 2951 468 2992 Ordinis
492 2953 710 2991 Servorum
726 2951 841 2999 (forte
856 2950 930 3000 leg.
948 2950 1046 2989 Suo-

83 3025 177 3054 rum
218 3014 303 3054 scil.
351 3013 734 3055 Franciscanorum)
767 3010 871 3061 quod
917 3011 966 3049 ab
1000 3023 1046 3049 eo

84 3077 350 3128 compositum
373 3081 412 3114 et
429 3077 451 3114 a
476 3075 611 3113 nescio
635 3084 712 3123 quo
739 3073 789 3111 illi
815 3077 1042 3123 surreptum

88 3137 209 3178 tradit
232 3137 485 3188 Waddingus
514 3148 551 3186 p.
581 3136 658 3174 289

138 3199 392 3239 PHILIPPUS
435 3197 635 3243 Grevius7
683 3207 800 3245 supra
847 3194 1047 3247 Philippus

91 3259 382 3302 Cancellarz'us.

142 3323 401 3362 PlllLlPPUS
431 3320 647 3359 Gualterus
679 3320 847 3369 sciiptor
880 3319 1047 3358 Alexan-

1994 237 2072 275 279

1111 303 1438 355 dreidos.<Supra
1472 306 1508 342 in
1533 305 1805 346 GUALTERO
1849 306 1896 345 de
1926 307 2077 347 Castel-

1111 362 1214 403 lione
1245 370 1274 404 t.
1306 367 1328 405 3
1356 377 1389 416 p.
1424 367 1512 405 106.

1163 426 1418 466 PHILIPPUS
1448 428 1727 479 h'arvenyius,
1760 440 1879 481 supra
1925 429 2076 484 Philip-

1108 499 1186 538 pus
1217 489 1350 526 Bonae
1380 489 1472 539 Spei
1503 489 1649 528 Abbas.
1677 488 1680 491 ’

1163 551 1418 589 PHILIPPUS
1447 549 1494 588 cle
1523 551 1677 601 Laidis,
1710 554 1850 591 nobilis
1874 556 2075 602 Batavus,

1112 611 1213 650 idem
1246 613 1504 650 Decretorum
1540 615 1680 652 Dnctor
1709 615 1758 653 ab
1788 616 1834 653 Α.
1866 617 1979 654 1396.
2006 629 2077 669 per

1110 673 1266 723 aliquod
1298 675 1489 723 temporis
1531 675 1602 713 Jus
1649 677 1895 716 Pontiticium
1943 677 2077 718 docuit

1111 735 1280 782 Parisiis,
1307 745 1353 773 ac
1375 734 1548 785 denique
1571 737 1796 776 Canonicus
1825 739 2079 788 Trajectinus

1112 795 1210 845 obiit
1234 795 1350 834 Anno
1398 795 1510 834 1380.
1557 797 1722 847 Scripsit
1768 804 1983 840 tractatum
2030 801 2078 841 de

1112 856 1219 908 Reip.
1249 869 1352 895 cura
1381 861 1417 896 et
1447 859 1562 897 Sorte
1592 859 1886 910 Principantae,
1936 863 2076 902 Leidae

1115 921 1229 958 1516.
1262 919 1325 957 fol.
1354 919 1447 958 vide
1476 921 1674 959 Valerium
1697 922 1897 961 Andrean]
1927 937 1964 974 p.
1985 925 2077 962 775.

1116 982 1243 1020 Etiam
1277 982 1483 1020 Lecturam
1513 981 1601 1031 ejus
1632 983 1671 1021 in
1700 981 1766 1021 lib.
1791 985 1862 1023 ΙΙΙ.
1891 987 2074 1025 Decreta-

1115 1043 1210 1081 li'um
1240 1049 1432 1082 memorat
1462 1045 1685 1084 Sweertius
1716 1058 1751 1096 p.
1784 1047 1874 1089 664,

1167 1106 1337 1144 Joannes
1367 1107 1619 1146 PHILIPPUS
1649 1107 1695 1146 de
1724 1109 2078 1159 Lvynaminefftles-

1117 1168 1328 1215 senensis,
1359 1168 1494 1216 Eques
1525 1167 1709 1216 Siculus,
1741 1176 1780 1207 et
1807 1173 2078 1223 typographus

1115 1228 1317 1266 Romanus
1333 1227 1437 1278 apud
1465 1229 1621 1267 Sixtum
1649 1231 1709 1268 IV.
1735 1238 1959 1282 gratiosus,
1982 1245 2076 1271 con-

1116 1290 1290 1327 tinuavit
1314 1290 1635 1339 compilationem
1661 1290 1984 1345 Chronologicarn
2014 1297 2079 1334 ΒΙ-

1120 1350 1337 1389 COBALDl
1368 1351 1638 1389 Ferrariensis
1683 1353 1731 1391 ab
1775 1354 1850 1393 An.
1889 1357 2001 1395 1316.
2030 1357 2077 1395 ad

1120 1411 1235 1449 1469.
1267 1410 1364 1449 libro
1394 1423 1544 1450 excuso
1574 1414 1719 1452 Romae
1756 1417 1799 1453 A.
1847 1418 1962 1456 1474.
2007 1419 2075 1456 sed

1117 1470 1371 1510 emendatius
1414 1483 1493 1511 una
1534 1485 1625 1512 cum
1657 1476 1867 1515 Ricobaldo
1899 1480 1934 1516 in
1967 1481 2083 1518 Joan-

1119 1535 1182 1572 nis
1223 1534 1379 1584 Georgii
1423 1534 1589 1573 Eccardi
1634 1537 1805 1587 Corpore
1843 1541 2079 1590 scriptorum

1120 1595 1237 1634 medii
1268 1596 1356 1633 aevi
1388 1600 1417 1633 t.
1448 1598 1462 1635 1
1503 1608 1538 1646 p.
1572 1597 1686 1636 ⁴299.
1720 1600 1836 1638 1314.

1171 1657 1192 1680 ³*
1221 1658 1352 1696 Unum
1383 1657 1524 1697 docere
1553 1663 1592 1696 te,
1623 1660 1724 1707 volo,
1754 1661 1892 1706 lector,
1927 1663 2084 1702 habebi-

1116 1731 1216 1770 sque
1246 1719 1472 1770 diligentiae
1504 1733 1615 1760 meae
1645 1723 1803 1772 gratias.
1829 1724 2082 1775 Distinguen-

1114 1782 1151 1820 di
1183 1787 1278 1821 sunt
1322 1782 1532 1833 diligenter
1575 1785 1677 1822 inter
1707 1795 1749 1822 se
1777 1786 1834 1823 Jo.
1872 1786 2076 1837 Philippus

1110 1846 1166 1883 De
1197 1845 1431 1895 Lignamine
1461 1849 1500 1882 et
1529 1845 1732 1896 Philippus
1761 1846 1810 1894 de
1836 1849 2077 1899 Lignamine‚

1113 1918 1355 1957 quamquam
1400 1908 1504 1945 enim
1553 1908 1674 1947 Siculi
1717 1915 1830 1948 erant
1864 1911 2009 1958 ambo,
2040 1916 2080 1948 et

1113 1968 1387 2017 conterminet,
1418 1969 1676 2018 professionis
1705 1976 1818 2010 erant
1840 1976 1972 2010 tamen
1998 1971 2083 2010 lon-

1114 2042 1161 2081 ge
1191 2029 1387 2068 diversae..
1410 2031 1584 2069 Joannes
1607 2034 1712 2070 enim
1738 2033 1941 2084 Philippus
1961 2045 2082 2084 eque-

1115 2093 1210 2130 stris
1234 2096 1319 2130 erat
1343 2091 1493 2130 ordinis
1513 2098 1553 2132 et
1575 2095 1679 2132 inter
1711 2095 1978 2146 typographos
2004 2107 2085 2134 me-

1116 2154 1237 2192 rebat.
1271 2154 1474 2205 Philippus
1504 2167 1598 2194 vero
1627 2168 1739 2195 sacro
1764 2157 2082 2196 Praedicatorum

1116 2214 1239 2253 ordini
1269 2220 1354 2254 erat
1382 2216 1618 2267 adscriptus.
1636 2220 1823 2257 Postremi
1847 2219 1965 2258 huius
1989 2230 2084 2269 opu—

1116 2276 1226 2314 scula
1251 2275 1372 2314 edidit
1404 2277 1461 2315 Jo.
1483 2277 1687 2329 Philippus
1707 2281 1773 2329 qui
1798 2281 2080 2329 praefationem

1118 2337 1166 2375 de
1196 2348 1269 2376 suo
1312 2337 1455 2376 adiecit
1497 2338 1544 2377 ad
1588 2340 1743 2378 Sixtum
1791 2341 1852 2378 lV.
1898 2345 1938 2378 ot
1968 2343 2003 2378 in
2035 2352 2080 2378 ea

1118 2398 1235 2437 edere
1266 2410 1308 2437 se
1346 2399 1533 2438 admonet
1576 2399 1833 2439 celeberrima
1863 2401 2075 2452 opuscula.

1121 2472 1223 2511 quae
1253 2460 1503 2500 clarissimus
1531 2462 1678 2500 artium
1711 2467 1749 2500 et
1775 2462 1996 2511 leeoloqiae
2027 2464 2081 2500 in-

1119 2526 1269 2574 terpres
1294 2524 1484 2573 Mayister
1516 2522 1720 2575 Philippus
1740 2536 1795 2562 ec
1817 2524 1909 2562 (lrd.
1935 2524 2078 2562 Praerl.

1117 2587 1400 2621 conterraneus
1446 2588 1482 2621 et
1523 2585 1653 2637 affinis
1701 2597 1809 2624 mens
1853 2585 1996 2625 edidit.
2043 2585 2079 2622 in

1118 2643 1264 2694 quibus
1292 2649 1382 2682 ante
1411 2646 1539 2682 omnia
1565 2650 1761 2685 tractatus
1785 2651 1843 2686 est
1861 2647 1906 2685 de
1930 2647 2077 2684 discor-

1118 2705 1265 2744 ‹lantie's
1312 2706 1413 2744 inter
1459 2706 1699 2753 Eusebstun,
1731 2710 2011 2760 Hieronymum
2043 2713 2081 2746 et

1121 2766 1327 2805 Aurelium
1348 2768 1613 2818 flumas-tinum
1638 2778 1643 2818 ζ
1666 2771 1900 2821 opusculum
1926 2782 1993 2821 pro
2017 2783 2080 2808 aa·-

1119 2833 1199 2866 tato
1233 2829 1294 2867 illa
1339 2830 1539 2869 eruditum
1572 2834 1607 2869 in
1640 2843 1718 2882 quo
1752 2843 1892 2869 omnes
1934 2832 2079 2878 colligit

1120 2893 1342 2929 sententias
1371 2891 1419 2929 do
1451 2893 1596 2942 quibus
1628 2894 1728 2931 inter
1759 2899 1972 2943 utruniqne
2005 2895 2080 2931 Do-

1119 2957 1268 2990 ctorem
1301 2964 1378 2990 non
1416 2955 1628 3002 convenit)
1667 2952 1911 3006 approbatus
1952 2952 2080 3005 Sybil-

1124 3012 1255 3051 Ιανιιιη
1285 3017 1323 3052 et
1341 3014 1627 3066 Prophetarum
1653 3015 1768 3053 «lictis
1793 3014 1972 3054 omnibns
1994 3028 2078 3054 orn-

1123 3077 1312 3125 niumqun
1357 3077 1561 3122 gentilium
1606 3082 1643 3114 et
1688 3076 2003 3128 philosopliurmn
2043 3082 2081 3115 et

1120 3139 1297 3175 veterum
1337 3140 1575 3187 Poetarum.
1608 3139 1676 3189 qui
1705 3138 1751 3176 de
1783 3139 1938 3179 Christo
1978 3139 2079 3178 vate*-

1121 3197 1358 3246 ci'nalisunt,
1380 3203 1497 3249 atque
1523 3199 1654 3250 aliqua
1673 3199 1978 3251 praedixerunt.
2008 3202 2073 3238 lio-

1124 3258 1209 3296 imle
1238 3260 1506 3297 comnwntare'i'
1534 3272 1655 3309 super
1686 3260 1909 3311 Symbolum
1958 3262 2074 3299 ‚telm-

1129 3319 1260 3358 nase'i.
1293 3323 1505 3359 orationem
1538 3322 1777 3360 normani-um
1801 3327 1835 3360 rt
1873 3322 2075 3362 salutatio-
