2517 4009
922 205 1218 248 THOMAS

119 285 320 328 THOMAS
341 283 388 325 de
412 282 582 338 Templo,
604 284 734 324 socius
759 284 1019 333 S.Don1inici,

66 351 259 399 creditur,
283 349 352 389 sed
375 348 569 388 recentior
595 352 676 395 est,
698 351 856 400 scripsit
877 351 1021 390 librum

64 476 361 531 praedicatione
379 474 485 527 itlius
498 474 608 528 facta
622 487 696 526 per
712 477 751 516 S.
770 476 1025 528 Dominicum,

71 546 111 580 et
133 540 227 580 obiit
263 550 296 578 a.
340 536 458 579 1260.
479 538 560 577 Nic.
595 537 792 578 Antonius
828 540 925 579 Bibl.
959 540 1030 579 Hi-

73 614 197 656 spana
217 602 305 642 Vet.
326 602 428 641 VIII.
454 599 491 640 4.
513 613 552 640 3.
578 600 667 640 120.
689 600 894 642 Altamura
913 615 948 654 p.
968 603 1030 643 56.

73 669 155 707 Jac.
179 664 317 714 Quetif
342 664 370 704 l.
412 675 447 704 c.
481 677 517 716 p.
544 663 637 703 472.
672 664 767 704 Acta
795 666 1030 706 Sanctorum

73 731 176 769 iomo
200 727 231 767 1.
251 727 420 778 Augusti
444 739 480 778 p.
505 727 600 775 361,
623 727 712 767 302.

126 789 328 831 THOMAS
357 789 492 841 Teuto,
520 790 608 829 vide
634 802 755 842 supra
779 789 1034 830 Theodericus

75 853 122 896 de
143 851 358 904 Friburyo.

130 915 331 956 TlIOMAS
364 914 410 955 de
450 914 603 966 Toled0,
629 916 912 957 Dominicanus
949 929 1037 969 pro-

80 980 228 1019 vinciae
249 979 512 1027 Castellanae,
537 980 576 1019 S.
602 981 646 1019 T.
671 980 869 1030 Magister,
896 980 1037 1020 claruit

77 1044 180 1083 circa
204 1053 239 1082 a.
265 1040 380 1082 1470.
406 1040 558 1082 Indices
578 1042 747 1082 confecit
768 1043 805 1080 in
829 1042 1035 1082 Summam

79 1106 119 1146 S.
142 1105 339 1150 Thomae,
361 1105 445 1144 Jac.
473 1104 521 1143 de
554 1105 748 1156 Voragine
772 1109 813 1144 et
850 1107 908 1144 Jo.
943 1117 963 1145 a
999 1107 1037 1146 S.

79 1168 317 1209 Geminiano
359 1168 604 1216 Sermones,
651 1167 846 1219 quaedam
894 1169 1039 1208 Nicolai

80 1231 223 1283 Lyrani
249 1233 289 1268 et
323 1229 414 1269 alia.
451 1230 619 1281 Scripsit
655 1241 776 1281 super
810 1229 1040 1280 Quodlibeta

81 1294 128 1333 D.
151 1291 339 1340 rhomae,
361 1290 550 1339 Mariale,
570 1297 610 1331 et
630 1290 676 1331 de
698 1290 884 1332 laudibus
899 1297 1040 1346 portae

81 1353 285 1395 Paradisi.
306 1354 356 1405 (h.
377 1365 411 1392 e.
433 1355 601 1404 Mariae:)
625 1356 708 1395 Nic.
724 1355 922 1396 Antonius
944 1357 1040 1396 Bibl.

81 1419 252 1469 Hispana
277 1418 363 1457 Vet.
387 1417 437 1456 X.
474 1416 537 1456 12.
563 1429 602 1456 3.
627 1416 718 1458 643.
743 1418 879 1464 Quetif
897 1419 922 1458 l.
946 1431 980 1458 c.
1005 1432 1042 1470 p.

83 1481 173 1521 846.
209 1480 416 1520 Altamura
452 1492 488 1531 p.
515 1480 604 1530 195,
626 1484 666 1520 et
689 1479 780 1520 519.
808 1482 906 1533 Hipp
943 1483 1043 1522 Mar-

85 1545 202 1586 raccii
222 1543 320 1583 Bibl.
340 1543 510 1583 Mariana
535 1547 642 1583 tomo
664 1544 709 1583 ll.
736 1555 760 1594 p
796 1542 888 1583 417.

139 1605 340 1648 ΤΗΟΜΑ8
360 1605 624 1654 Tomassinus,
637 1608 826 1655 Venetus,
839 1606 921 1646 ord.
933 1609 1046 1647 Prae-

86 1672 329 1719 dicatorum,
349 1670 582 1722 Theologiae
602 1672 803 1722 Magister,
826 1671 935 1710 Prior
960 1683 1044 1722 pro-

89 1734 270 1775 vincialis
308 1732 565 1773 Lombardiae
603 1734 824 1782 inferioris,
849 1745 887 1772 a.
929 1733 1046 1774 1410.

87 1799 309 1849 Episcopus
331 1787 635 1845 AEmoniensis,
657 1797 788 1849 (vulgo
815 1796 921 1837 Cittc'i
944 1809 1046 1838 nova

90 1862 128 1900 in
152 1858 280 1911 Istria)
301 1871 336 1899 a.
365 1859 484 1899 1420.
510 1859 710 1909 polensis,
732 1872 766 1900 a.
794 1862 909 1901 1423.
935 1862 1046 1902 Urbi·

90 1924 269 1966 natensis
292 1935 327 1964 a.
363 1921 479 1963 1424.
502 1924 803 1974 Traguriensis,
825 1925 985 1964 tandem
1011 1937 1044 1964 a.

92 1987 436 2028 lh35 Feltrensis
454 1990 493 2025 et
505 1986 753 2035 Belunensis‚
769 1987 862 2028 obiit
877 2000 910 2028 a.
929 1988 1044 2027 1447.

92 2051 258 2102 Scripsit
300 2048 347 2089 de
382 2047 631 2089 divinissimo
672 2050 852 2102 corpori.¹
897 2050 1050 2092 Christi

92 2116 349 2162 Sacramenta
369 2112 543 2153 Carmen
560 2111 771 2158 heroicum,
786 2119 824 2153 et
841 2116 1048 2155 Sermones

94 2178 140 2219 de
155 2176 323 2219 Sanctis.
337 2176 473 2223 Quetif
486 2176 509 2215 l.
528 2187 562 2215 c.
579 2188 614 2227 p.
625 2176 717 2216 806.
733 2177 925 2230 Ughellus
942 2176 1048 2217 Italia

95 2243 215 2282 Sacra
238 2244 344 2278 tomo
376 2239 420 2278 V.
455 2239 530 2279 col.
557 2239 633 2280 193
670 2241 735 2280 ubi
761 2240 809 2280 de
844 2242 1050 2293 Episcopis

94 2301 413 2345 Bellunensibus.
427 2303 506 2342 Jac.
525 2303 697 2343 Alberici
720 2303 931 2356 Catalogus
949 2304 1051 2343 Scri-

98 2372 257 2421 ptorum
274 2366 514 2405 Venetorum
533 2378 569 2417 p.
587 2366 655 2407 83.
671 2367 874 2407 Altamura
898 2380 935 2419 p.
960 2366 1050 2407 108.

150 2430 172 2454 *
200 2431 358 2470 Praeter
383 2430 640 2480 Episcopatos
659 2430 744 2469 illos
762 2442 862 2481 quos
878 2432 1050 2482 gessisse

99 2494 376 2535 Tomassinum
406 2492 736 2533 Bibliothecarius
765 2498 924 2545 narrat,
955 2494 1052 2532 obti-

99 2560 235 2600 nuisse
277 2558 396 2597 etiam
426 2556 809 2596 administrationem
841 2558 1050 2597 civitatum

99 2624 294 2672 Forilivii,
325 2621 469 2662 Imolae
499 2624 539 2658 et
568 2620 733 2659 Cerviae
772 2620 1050 2660 demandatam

100 2689 172 2729 sibi
213 2688 261 2727 ab
301 2685 479 2737 Eugenio
509 2684 572 2722 IV.
601 2695 703 2723 anno
736 2683 852 2723 1443.
883 2689 1052 2733 constat,

101 2755 264 2804 insuper
291 2761 394 2790 anno
425 2747 540 2788 1435.
565 2747 782 2786 translatus
813 2747 885 2786 fuit
913 2747 960 2786 ad
991 2760 1053 2788 ca-

101 2815 282 2855 thedram
311 2814 639 2856 Recanatensern,
664 2814 704 2848 et
731 2812 1050 2852 Maceratensem.

102 2879 207 2920 Obiit
243 2888 349 2917 anno
380 2875 482 2916 1446
513 2874 574 2914 die
604 2872 655 2913 24
686 2872 772 2924 Maj.
803 2873 898 2912 Vide
929 2875 966 2913 P.
996 2877 1052 2915 De

102 2941 249 2983 Rubeis
278 2941 316 2979 in
348 2939 501 2979 Comm.
530 2936 577 2976 de
608 2937 726 2976 rebus
751 2937 984 2988 Congregat.
1009 2939 1050 2979 B.

103 3005 234 3046 Jacobi
264 3003 486 3043 Salomonii.
518 3002 612 3052 Cap.
642 3001 703 3040 IV.
736 3001 771 3052 ἓ.
802 3000 839 3039 7.

159 3066 362 3108 THOMAS
382 3063 428 3103 de
455 3062 745 3116 Torquemada,
771 3075 789 3101 a
816 3065 958 3113 patria,
983 3065 1054 3104 Ca-

107 3129 416 3173 stellaew'eteris
437 3126 598 3177 oppido,
624 3128 680 3165 sic
716 3125 862 3173 dictus,
886 3127 1056 3166 Domini-

106 3205 231 3237 canus
247 3193 285 3231 in
302 3190 487 3231 coenobio
506 3190 699 3236 Pincian0,
712 3190 818 3228 Prior
833 3195 1055 3230 conventus

110 3255 385 3310 segobiensis,
409 3251 619 3292 Catholicis
655 3252 823 3302 Regibus
847 3264 867 3291 a
906 3254 1059 3293 confes-

110 3320 306 3367 sionibus,
341 3316 516 3369 ipsisque
546 3318 685 3354 auctor
710 3315 800 3362 1311,
824 3319 868 3355 ut
887 3316 1058 3356 Judaeos

111 3395 161 3424 ex
183 3379 369 3434 Hispania
403 3377 610 3430 ejicerent:
643 3377 804 3418 tandem
842 3378 1056 3430 Inquisitor

1979 207 2058 250 555

1093 282 1302 332 generalis,
1320 282 1414 322 obiit
1434 293 1467 322 a.
1487 280 1603 329 1498,
1623 281 1671 322 16
1686 280 1774 321 Kal.
1795 281 1882 321 Oct.
1903 279 2058 322 Auctor

1095 349 1155 384 est
1178 345 1391 385 Directorii
1398 357 1474 397 pro
1493 345 1736 397 Mayistratu
1754 349 1789 385 et
1807 356 1976 385 munere
2001 345 2070 385 In-

30 420 37 426 ’
72 415 119 456 de
138 411 345 454 miraculis
366 416 402 452 et
426 410 590 452 Rosarto
614 410 661 449 Β.
698 412 886 464 Vz'rqinis.
921 413 1025 454 etde
1095 407 1351 460 qm'sitorum,
1371 413 1410 448 et
1436 408 1644 448 variorum
1666 409 1920 449 statutorum
1946 408 2054 448 ordi-

1099 471 1172 511 nis.
1200 473 1282 511 Nic.
1311 473 1510 512 Antonius
1535 472 1638 512 Bibl.
1661 473 1831 524 Hispana
1847 472 1931 510 Vet.
1953 473 2002 511 X.
2021 471 2071 512 15

1103 546 1140 572 n.
1177 534 1267 574 846.
1305 535 1385 574 Jac.
1421 535 1561 582 Quetif
1594 534 1642 574 de
1681 534 1948 585 Scriptoribus
1986 534 2071 574 ord.

1104 597 1426 637 praedicatorum
1455 602 1562 636 tomo
1584 598 1612 637 1.
1633 610 1670 648 p.
1709 597 1801 638 192.
1827 598 2071 638 Possevinus

1104 663 1210 698 tomo
1235 660 1281 699 II.
1308 659 1539 711 Apparatus
1564 672 1603 711 p.
1628 659 1714 699 492.
1747 659 1951 700 Altamura
1973 660 2069 700 Bibl.

1104 723 1358 761 Dominicana
1382 735 1417 772 p.
1443 721 1537 761 524.

1160 784 1362 825 TIIOMAS
1377 784 1424 824 de
1445 784 1767 836 Trentaqaatris‚
1788 785 1904 824 nobili
1923 786 2069 826 familia

1105 848 1301 886 Bononiae
1323 852 1451 894 natus,
1475 847 1560 886 ord.
1578 847 1919 895 Praedicatorum‚
1937 850 2003 899 qui
2023 850 2072 889 de

1107 910 1348 951 Bibliotheca
1387 915 1620 951 conventus
1662 911 1722 950 sui
1763 922 1882 962 quam
1926 913 2073 962 optime

1110 974 1276 1013 meritus
1299 979 1379 1021 est,
1405 974 1500 1014 obiit
1536 986 1570 1012 a.
1597 972 1700 1012 1444
1722 977 1761 1012 et
1797 974 2004 1013 Sermones
2029 973 2075 1014 de

1111 1040 1300 1089 tempore,
1327 1035 1373 1077 cle
1407 1037 1588 1086 Sanctis,
1628 1041 1667 1075 et
1700 1036 2074 1088 Quadrayesimales

1110 1100 1281 1151 reliquit.
1317 1100 1453 1147 Quetif
1488 1101 1512 1139 l.
1541 1111 1576 1139 c.
1601 1111 1639 1150 p.
1679 1098 1770 1138 797.
1808 1101 1946 1150 Toppii
1979 1102 2076 1140 Bibl.

1110 1163 1361 1213 Neapolitana
1384 1176 1420 1215 p.
1442 1162 1530 1202 300.
1555 1161 1760 1201 Altamura
1784 1174 1820 1212 p.
1842 1162 1929 1201 513.

1165 1225 1368 1265 THOMAS
1384 1224 1430 1264 de
1452 1224 1632 1274 Tuderco,
1654 1225 1816 1276 scripsit
1832 1223 1972 1265 Artem
1991 1235 2077 1266 ser-

1113 1287 1349 1327 mocinandi.
1375 1287 1594 1328 Gesnerus.

1166 1350 1400 1397 THOMAS,
1446 1350 1666 1390 monachus
1708 1351 1993 1392 Cisterciensis
2035 1355 2076 1393 B.

1113 1413 1255 1452 Mariae
1272 1412 1320 1451 de
1344 1411 1524 1452 Valcellis
1544 1414 1582 1450 in
1610 1413 1902 1462 Cameracesi0‚
1919 1417 2080 1466 scripsit

1115 1471 1414 1524 Expositionem
1435 1472 1475 1511 in.
1496 1472 1663 1513 Cantica
1689 1474 1965 1515 Canticorum.
1989 1477 2078 1516 Car.

1117 1535 1165 1574 de
1191 1535 1310 1574 Visch
1331 1547 1368 1587 p.
1392 1535 1484 1574 312.
1504 1536 1627 1574 Extat
1651 1537 1688 1574 in
1717 1536 1817 1575 Bibl.
1843 1540 2074 1578 monasterii

1117 1599 1371 1639 Elnonensis.
1388 1599 1482 1638 Ant.
1501 1598 1667 1639 Sanderi
1685 1599 1785 1639 Bibl.
1801 1601 1956 1652 Belgica
1973 1601 2080 1642 MSS.

1171 1724 1372 1765 THOMAS
1408 1727 1583 1778 Ifaroye,
1623 1725 1790 1775 Scotus,
1831 1727 2082 1778 Praepositus

1118 1787 1383 1837 Bethwaliae,
1416 1790 1520 1828 circa
1545 1800 1579 1828 a.
1608 1789 1726 1828 1399.
1752 1790 1918 1840 Scripsit
1945 1789 1992 1829 de
2019 1791 2083 1831 Ot-

1119 1849 1374 1892 terburnensi
1384 1850 1553 1904 praelia,
1579 1850 1685 1891 Θείας
1707 1855 1744 1890 et
1758 1850 1984 1904 Rhythmos.
2001 1855 2077 1893 Ba-

1118 1915 1230 1954 laeus
1264 1915 1377 1954 Cent.
1402 1916 1506 1954 XIV.
1533 1915 1584 1955 55
1608 1920 1648 1954 et
1681 1927 1731 1954 ex
1756 1927 1801 1954 eo
1837 1916 2006 1956 Vossius
2029 1917 2076 1957 de

1119 1979 1262 2017 Ilistor.
1283 1980 1365 2018 Lat.
1388 1990 1425 2030 p.
1441 1977 1531 2018 SOI.
1548 1978 1618 2018 Ge.
1638 1977 1861 2019 Mackenzie
1878 1978 1926 2018 de
1949 1979 2078 2019 Scotis

1120 2041 1288 2081 eruditis
1310 2041 1385 2080 vol.
1406 2042 1433 2080 Ι.
1457 2053 1494 2092 p.
1517 2041 1611 2081 297.

1173 2105 1376 2145 THOMAS
1400 2107 1537 2153 Vasco,
1562 2104 1652 2144 vide
1678 2116 1799 2157 supra
1826 2104 2056 2157 Gascoiyne.

1174 2170 1375 2211 THOMAS
1404 2168 1668 2216 Vercellensis,
1695 2170 1854 2209 natione
1877 2168 2015 2210 Gallus
2037 2173 2085 2209 et

1120 2236 1264 2273 Doctor
1299 2234 1517 2282 Parisinus,
1554 2232 1784 2272 Canonicus
1824 2232 1863 2272 S.
1888 2234 2075 2283 Victoris,

1123 2296 1283 2336 demum
1321 2297 1473 2348 primus
1505 2295 1638 2335 Abbas
1674 2297 1903 2334 monasterii
1939 2296 1978 2335 S.
2004 2295 2085 2335 An·

1123 2359 1240 2399 dreae
1268 2358 1470 2408 Vercellis,
1491 2358 1588 2397 obiit
1612 2369 1646 2397 a.
1668 2357 1786 2397 1226.
1811 2358 1978 2409 Scripsit
1996 2359 2082 2399 Eoe-

1124 2426 1334 2463 tractiones
1374 2423 1434 2474 (h.
1471 2434 1505 2461 e.
1541 2421 1850 2474 compendium)
1894 2420 2089 2462 librorum

1123 2485 1304 2538 Dionysii
1323 2485 1610 2537 Areopaqitae,
1636 2485 1673 2522 in
1696 2484 1842 2535 quibus
1859 2495 1938 2536 per
1958 2495 2084 2525 annos

1123 2549 1265 2601 viyinti
1301 2549 1525 2588 elaborasse
1564 2560 1607 2588 se
1631 2553 1820 2596 testatur,
1849 2559 1950 2597 quae
1990 2560 2082 2589 cum

1126 2615 1321 2667 Operibus
1363 2615 1539 2666 Dionysii
1581 2616 1744 2665 Argent.
1790 2614 1903 2656 1503.
1946 2616 2082 2656 Colon.

1126 2677 1229 2730 apud
1267 2678 1521 2726 Quentelium
1564 2677 1666 2718 1536
1711 2678 1774 2717 fol.
1808 2679 1935 2719 editae
1973 2684 2082 2719 sunt.

1130 2740 1462 2783 Commentarium
1496 2740 1800 2781 Hierarchicum
1841 2743 1881 2781 in
1911 2743 2081 2784 Cantica

1132 2804 1387 2844 Canticornm
1419 2805 1541 2844 edidit
1565 2807 1678 2844 Bern.
1707 2807 1781 2844 Pez
1807 2806 1843 2844 in
1875 2806 2080 2846 Thesauro

1127 2870 1274 2908 noviss.
1301 2867 1595 2907 Anecdotorum
1619 2873 1725 2907 tomo
1748 2870 1793 2908 ll.
1811 2874 1912 2920 part.
1933 2872 1968 2909 1.
1991 2881 2079 2922 pag.

1126 2932 1399 2982 servumque
1422 2942 1496 2969 non
1520 2943 1567 2969 ex
1591 2933 1729 2970 merito
1749 2930 2082 2983 eleyantissimum

1127 3006 1174 3034 ac
1186 3005 1360 3047 prorsus
1381 2993 1556 3034 ctivmum
1579 3005 1675 3047 opus
1695 3000 1821 3041 vocat,
1840 3007 1962 3046 quum
1987 3007 2083 3035 sane

1129 3058 1372 3097 inconditum
1408 3062 1448 3096 et
1472 3057 1689 3097 absurdum
1729 3059 1780 3096 sit
1819 3058 1970 3097 fabulas
2003 3058 2083 3098 liic»

1129 3121 1326 3161 rarcliicas
1361 3122 1487 3159 textui
1514 3132 1624 3160 sacro
1649 3120 1880 3160 admiscere.
1911 3122 2082 3161 Tracta-

1131 3189 1211 3224 tum
1245 3183 1290 3224 (ἰο
1325 3187 1466 3237 septem
1507 3182 1708 3236 fructibus
1748 3184 2084 3237 contemplationis

1131 3251 1213 3300 ipse
1251 3249 1346 3287 citat
1383 3248 1605 3287 Comment.
1644 3249 1681 3286 in
1723 3249 1885 3288 Cantica
1922 3261 1960 3300 p.
1996 3249 2084 3289 659.

1131 3312 1339 3351 Caeterum
1360 3309 1554 3350 laudanda
1580 3316 1639 3350 est
1657 3310 1858 3362 diligentia
1881 3311 1964 3352 Cel.
1982 3313 2085 3352 Pezii

1131 3376 1167 3414 in
1190 3375 1279 3423 illis,
1295 3386 1396 3425 quae
1413 3374 1458 3415 ad
1487 3374 1592 3415 hunc-
1612 3380 1828 3427 auctorem,
1848 3374 1925 3417 buc
1951 3386 2080 3428 usque
