2517 4009
898 250 1290 289 ROBEssTUs

145 323 408 364 ROBERTUS
428 318 667 360 Hundeslozo
689 350 694 366 ‚
722 319 1002 368 liiimleslaas,
1031 332 1051 359 a

91 387 186 426 villa
230 385 334 425 baud
378 383 514 435 procul
546 394 566 420 a
598 383 774 420 Londino
805 385 878 422 sita
910 384 968 422 sic
997 382 1054 420 di-

91 453 210 496 ctus,
255 445 474 486 monachus
519 445 611 484 Ord.
658 445 695 483 S.
742 446 975 491 Trinitatis,
1010 456 1055 483 ac

92 509 251 549 tandem
282 507 432 547 ordinis
456 507 516 544 sui
544 517 613 556 por
642 506 852 556 Angliam,
880 507 1052 545 Scotiam

91 576 132 610 et
160 571 386 610 Hiberniam
433 567 620 618 Magister
668 569 923 607 Provincialis
951 569 1054 606 circa

91 644 126 672 a.
146 632 263 673 ⁴430.
284 631 451 681 Scripsit
480 632 687 670 Sermones
708 629 936 682 Synodales,
963 629 1056 681 Epi-

92 692 213 734 stolas
233 692 288 733 ad
306 692 496 732 diversos.
517 692 684 731 Balaeus
703 692 867 731 Centur.
888 692 968 730 VH.
991 691 1052 729 87.

94 758 251 797 pitseus
270 767 305 795 c.
325 754 415 794 792.
446 756 620 793 Bzovius
641 754 687 793 ad
710 766 744 792 a.
767 754 870 793 4430
905 765 942 803 p.
963 753 1052 791 758.

146 818 409 858 ROBERTUS
440 817 624 863 [voi-ius,
657 817 744 856 aliis
767 816 904 854 Jorius
922 846 930 859 ‚
956 821 1052 854 sunt

92 881 239 928 etiam,
269 881 337 930 qui
364 881 582 931 Rupertum
628 883 798 925 vocant,
830 877 1054 915 Lon-‘linen-

92 944 172 988 εἰς,
202 953 347 980 nomen
378 941 515 980 habuit
540 952 559 979 a
584 942 747 980 civitate
771 938 1049 984 Normanniae,

90 1003 197 1044 unde
239 1015 342 1044 avus
384 1003 491 1042 illius
532 1008 645 1042 ortus
690 1006 804 1048 erat,
834 1001 1052 1040 Monachus

88 1065 330 1115 Carmenta,
359 1065 515 1104 studuit
545 1065 846 1114 Cantabrigiac.
871 1075 904 1101 a.
936 1063 1052 1101 4379.

87 1127 249 1167 Ordinis
293 1127 352 1166 sui
398 1127 584 1176 Magister
629 1125 913 1172 Provincialis‚
957 1125 1052 1163 obiit

88 1188 253 1227 Londini
283 1200 387 1228 anno
418 1188 534 1227 4392.
565 1186 731 1236 Scripsit
765 1187 977 1226 Comment.
1012 1186 1052 1223 in

87 1249 411 1288 Ecclesiasticum
448 1251 488 1286 et
525 1246 815 1299 Apocalypsin,
858 1248 1050 1285 Lecturas

87 1311 395 1362 Scripturarum
410 1340 420 1357 ,
445 1311 654 1348 Sermones
669 1307 724 1346 ad
741 1307 902 1347 Clerum
924 1311 962 1345 el
981 1319 1052 1358 po-

83 1371 245 1424 pulum,
267 1371 499 1422 Reyistrum
516 1373 859 1408 monumentorum
884 1368 1052 1408 Provin—

89 1433 185 1472 ciae.
218 1433 419 1472 Lelandus
439 1445 473 1471 c.
495 1432 588 1471 452.
615 1432 783 1470 Balaeus
812 1431 978 1469 Centur.
1001 1432 1049 1469 Vl

37 1515 40 1517 ·
87 1495 150 1533 96.
176 1496 332 1535 Pitseus
355 1506 390 1533 c.
411 1493 501 1534 709.
531 1493 777 1532 Trithemius
806 1492 855 1531 de
887 1494 1052 1544 scripto—

85 1556 196 1596 ribus
224 1556 320 1596 Ord.
349 1556 552 1596 Carmelit.
575 1568 615 1606 p.
637 1555 700 1593 74.

23 1626 28 1630 ·
138 1618 269 1657 Alium
300 1616 424 1667 hujus
453 1617 626 1656 nominis
656 1628 735 1655 sec.
758 1617 861 1655 XIV.
892 1615 1049 1654 Praedi-

82 1685 261 1720 catorum
300 1679 453 1728 ordini,
496 1680 613 1729 eique
657 1678 971 1718 Commentarios
1012 1677 1051 1716 in

83 1741 225 1781 Jobum
241 1773 250 1790 ‚
281 1741 488 1780 Danielem
505 1773 515 1790 ,
547 1740 816 1787 Matthaeum,
844 1741 991 1779 Lucam
1016 1743 1053 1778 et

84 1803 300 1843 Johannem
329 1803 518 1843 adscribit
546 1804 629 1842 lac.
673 1803 813 1848 Quetif
853 1801 901 1840 de
947 1802 1051 1840 Scri-

85 1867 264 1916 ptoribus
292 1866 386 1905 Ord.
430 1865 750 1904 Praedicatorum
783 1869 810 1901 t.
843 1864 856 1901 l
890 1875 927 1914 p.
958 1862 1050 1901 730.

86 1928 294 1967 Altamura
325 1939 362 1977 p.
389 1928 478 1967 499.

139 1987 406 2028 ROBERTUS
425 1989 463 2027 K
463 1999 598 2028 arewe
612 2020 623 2037 ,
645 2000 683 2026 ν.
699 1999 819 2038 supra
839 1985 1048 2027 Cervinus.

137 2046 401 2090 ROBERTUS
430 2049 559 2097 Keith,
576 2050 733 2098 Scotus⁷
754 2049 847 2088 Ord.
867 2047 903 2086 S.
930 2049 1048 2086 Fran-

85 2113 201 2162 cisni,
225 2114 329 2152 circa
352 2124 388 2152 a.
414 2111 530 2152 11347.
561 2113 662 2162 lpris
685 2111 846 2156 docuit,
877 2114 918 2149 et
941 2110 1047 2148 Har-

84 2173 255 2213 moniam
279 2173 627 2225 Evanyelistarum
656 2175 694 2212 in
727 2173 860 2223 Belgio
888 2171 1045 2214 ,editam

33 2232 37 2241 '
82 2237 331 2287 conscripsit.
361 2236 418 2275 Ge
461 2236 688 2276 Mackenzie
717 2236 766 2274 de
798 2235 928 2275 Scotis
957 2245 1047 2273 eru-

83 2297 178 2335 ditis
205 2298 290 2336 Vol.
320 2299 351 2336 Ι.
377 2310 415 2348 p.
448 2297 538 2339 425.

136 2357 405 2398 ROBERTUS
447 2360 485 2397 K
487 2358 667 2407 eldelith,
712 2358 880 2406 scotus,
924 2357 1042 2396 nobili

84 2422 278 2472 sanguine
302 2419 522 2470 oriundus,
547 2422 669 2471 Regni
701 2421 856 2460 Scotiae
876 2419 1043 2458 Cancel-

83 2482 237 2530 larius,
283 2481 428 2520 deinde
471 2481 691 2519 monachus
735 2481 1040 2526 cisterciensis⁷

83 2543 246 2582 tandem
284 2543 417 2582 Abbas
459 2544 496 2580 in
540 2542 762 2580 Durfmelin
793 2546 834 2580 ct
861 2552 896 2580 a.
927 2541 1041 2579 4269.

84 2606 121 2643 in
151 2605 336 2652 Maium,
362 2604 457 2643 obiit
485 2615 520 2643 a.
551 2602 665 2642 ⁴273.
692 2603 859 2653 Scripsit
883 2601 930 2639 de
954 2611 1044 2639 suc-

82 2666 255 2706 cessione
278 2664 475 2705 Abbatum
502 2665 543 2703 in
575 2663 740 2704 Mailros
757 2695 767 2711 ,
806 2666 843 2701 et
880 2661 1041 2701 Florile-

80 2728 191 2779 9ium
212 2726 433 2780 spirituale.
463 2727 554 2766 Car.
584 2726 633 2765 de
661 2725 783 2764 Visch
811 2724 908 2763 Bibl.
940 2724 1043 2763 Scri-

83 2794 240 2840 ptorum
270 2789 364 2830 Ord.
396 2789 561 2829 Cisterc.
594 2800 629 2838 p.
660 2787 752 2826 290.

136 2851 403 2892 ROBERTUS
433 2849 687 2897 Ketenensi's7
718 2847 798 2887 vid.
831 2849 928 2887 infra
973 2849 1044 2886 Ite-

85 2912 260 2953 cizensis.

135 2975 402 3014 ROBERTUS
427 2973 679 3013 Kilwarbius
696 3005 705 3021 ‚
737 2973 916 3023 Anglus,
941 2973 1046 3010 Oxo-

83 3037 136 3075 nii
161 3040 202 3074 et
225 3037 384 3076 Parisiis
407 3036 541 3075 studia
565 3036 753 3074 tractavit
773 3064 780 3080 ,
812 3034 943 3084 ibique
969 3035 1045 3072 Ma-

83 3098 207 3148 gister
235 3096 392 3135 Artium
423 3102 629 3146 promotus
658 3100 743 3143 est,
783 3100 917 3146 postea
964 3107 1046 3132 mo·

85 3157 239 3197 nachus
268 3159 550 3196 Dominicanus
579 3162 619 3195 et
647 3157 808 3195 Ordinis
851 3157 911 3195 sui
957 3157 1044 3194 l'ro-

87 3219 277 3258 vincialis.
307 3219 602 3270 Archiepiscopi
647 3218 975 3266 cantuariensis,
1005 3222 1044 3255 ot

86 3294 119 3321 a.
167 3280 282 3321 1277.
324 3281 546 3320 Cardinalis
590 3281 770 3331 Episcopi
818 3280 1046 3318 portuensis

86 3343 321 3394 dignitatem
353 3348 620 3391 consecutus,
652 3342 740 3380 obiit
779 3342 935 3379 viterbii
970 3352 1044 3379 non

2019 258 2091 297 IiOl

1129 323 1214 359 sine
1246 323 1386 359 veneni
1421 324 1646 372 suspicione
1691 336 1724 363 a.
1775 324 1891 364 1280.
1936 328 2089 379 Scripta

1129 382 1216 432 ojus
1246 382 1459 422 admodum
1511 386 1632 423 multa
1682 392 1807 436 sunt,
1841 399 1911 427 nos
1942 392 2092 440 potiora

1130 454 1388 483 recensemus
1407 459 1413 482 2
1435 446 1645 484 Comment.
1665 447 1702 484 in
1723 448 1979 498 Ezechielem,
2001 452 2092 503 Epi-

1129 508 1176 542 st.
1207 504 1262 542 ad
1285 507 1477 545 Romanos
1502 511 1540 546 et
1566 508 1817 557 Corinthios.
1843 511 1889 549 (le
1908 513 2095 562 passione

1131 566 1308 612 Christi,
1334 567 1380 605 cle
1400 568 1648 608 mendicitate
1664 603 1673 618 ,
1698 571 1852 610 Fabula
1893 573 1931 611 in
1974 573 2096 614 libros

1128 627 1366 678 Auyustini,
1393 632 1525 670 Series
1547 643 1738 671 errorum
1770 633 1821 672 ab
1847 647 1930 686 ipso
1957 637 1994 674 in
2018 637 2096 674 An-

1127 689 1210 740 ylia
1234 690 1580 730 condemnatorum
1599 724 1607 739 ,
1647 694 1686 732 in
1727 696 1962 736 Prosorliam
2007 699 2098 737 Pri-

1129 751 1276 798 scianz',
1299 752 1338 789 in
1360 753 1556 793 Donatum
1580 756 1626 794 (le
1653 757 1806 797 vitiosis
1831 761 2094 807 sermonibus,

1130 812 1168 850 in
1196 812 1337 852 multos
1369 813 1490 854 [ἱὸν-οε
1515 816 1740 857 Ανίείοῐεῐίε
1758 853 1766 866 ‚
1793 826 1833 858 et
1863 825 1969 861 varia
2005 825 2090 862 Phi-

1129 874 1341 925 losophica.
1373 878 1453 916 Nic.
1485 880 1675 918 Trivctus
1698 880 1744 918 ad
1772 893 1803 919 a.
1834 883 1948 922 1272.
1986 884 2094 924 Alta-

1129 948 1240 975 mura
1272 950 1309 988 p.
1334 938 1369 976 7.
1397 939 1597 979 L‹·1andus
1623 952 1655 979 c.
1678 942 1768 980 270.
1803 944 1969 983 Balaeus
1995 947 2096 984 Cen-

1128 1002 1205 1037 tur.
1236 1000 1298 1038 lV.
1331 1002 1392 1039 46.
1425 1002 1583 1040 Pitseus
1611 1014 1643 1040 c.
1677 1004 1766 1042 398.
1800 1005 1960 1044 Cavcus
2007 1019 2093 1059 pag.

1128 1060 1218 1099 644.
1250 1062 1422 1101 Bulaeus
1454 1068 1548 1102 tom.
1585 1065 1649 1103 ΙΙΙ.
1683 1077 1716 1115 p.
1748 1066 1839 1104 709.

1183 1124 1339 1163 Pitseus
1368 1136 1401 1163 c.
1435 1125 1524 1164 353.
1554 1127 1673 1166 alium
1705 1129 1906 1177 quendam
1947 1129 2093 1169 Rober-

1128 1185 1208 1221 tum
1253 1184 1522 1225 Ribwerbiam
1567 1190 1742 1238 profert,
1774 1189 1822 1227 do
1852 1203 1930 1240 quo
1961 1194 2093 1231 omnia

1128 1245 1266 1284 cadem
1300 1253 1458 1295 narrat,
1492 1255 1770 1300 praeterquam
1810 1251 1858 1289 dc
1901 1252 2094 1302 dignitate

1127 1308 1423 1359 Archiepiscopi
1443 1340 1451 1356 ,
1481 1316 1521 1348 ct
1550 1312 1773 1350 Cardinalis
1792 1342 1799 1359 ,
1821 1324 1858 1351 a.
1884 1315 1998 1352 4250.
2026 1315 2094 1353 sso-

1128 1370 1257 1407 ruissc
1288 1369 1408 1417 dicit,
1440 1372 1724 1411 Commentarii
1752 1386 1910 1425 quoque
1936 1376 1977 1413 in
2000 1376 2092 1426 Epi-

1127 1432 1176 1468 st.
1199 1428 1254 1467 ad
1274 1432 1470 1470 Romanos
1495 1436 1533 1470 et
1560 1433 1785 1472 Corinthios
1809 1436 1994 1474 meminit.
2027 1439 2091 1475 Vi-

1127 1490 1248 1529 deant
1279 1493 1397 1543 igitur
1421 1493 1593 1541 eruditi,
1618 1505 1667 1533 an
1693 1506 1768 1533 non
1792 1496 1895 1534 idem
1922 1500 1974 1535 sit
1996 1509 2088 1537 cum

1127 1559 1263 1592 nostro
1294 1555 1536 1603 Kilwarbio‚
1563 1556 1677 1607 lapsu
1703 1557 1948 1596 librariorum
1975 1565 2015 1598 et
2039 1561 2094 1598 le-

1124 1617 1303 1667 gentium
1354 1616 1569 1656 admodum
1619 1618 1733 1656 facili.
1783 1619 1974 1669 Reliqua,
2021 1632 2092 1659 nec

1129 1690 1203 1716 non
1242 1679 1388 1729 scripta
1435 1680 1561 1728 ipsius
1598 1681 1808 1730 occupavit
1845 1680 1927 1730 jam
1973 1692 2093 1732 supra

1126 1739 1327 1778 Fabricius
1357 1744 1494 1778 noster
1524 1745 1617 1779 tom.
1651 1742 1700 1780 IV
1737 1754 1823 1792 pag.
1855 1743 1944 1780 502.
1980 1742 2093 1781 Adde

1126 1802 1206 1839 Nic.
1237 1803 1443 1840 Trivetum
1474 1802 1521 1841 ad
1554 1814 1589 1841 a.
1621 1803 1737 1842 4272.
1768 1804 2018 1843 Altamuram
2050 1817 2086 1854 p.

1125 1863 1162 1901 7.
1194 1864 1413 1903 Lelandum
1445 1876 1477 1902 c.
1509 1864 1598 1903 270.
1631 1865 1766 1904 Bulaei
1798 1866 1918 1904 Acad.
1967 1867 2087 1904 Paris.

1125 1930 1223 1964 tom.
1256 1925 1308 1964 111
1340 1938 1378 1975 p:
1406 1925 1496 1964 709.
1527 1925 1682 1964 OIdoini
1713 1926 1964 1966 Athenaeum
2013 1929 2089 1966 Ro-

1126 1997 1288 2025 manum
1321 1999 1357 2037 p.
1386 1988 1478 2026 585.

1177 2049 1440 2088 ROBERTUS
1479 2048 1525 2088 de
1560 2051 1690 2100 Lacu,
1737 2051 1856 2101 vulgo
1898 2063 1977 2090 van
2017 2051 2090 2090 <len

1122 2109 1264 2158 Poeta,
1295 2111 1548 2158 Gandensis,
1577 2114 1611 2151 J.
1642 2111 1687 2150 U.
1719 2114 1762 2151 D.
1797 2114 1996 2152 Professor
2021 2116 2092 2152 Lo-

1123 2173 1349 2221 vaniensis,
1375 2175 1536 2224 scripsit
1561 2173 1853 2213 Illustrationes
1875 2174 2091 2213 Institutio-

1120 2245 1214 2272 num
1238 2234 1418 2282 Juris,et
1434 2234 1690 2273 Dialectz'cam
1715 2235 1920 2285 Leqalem:
1943 2248 1978 2287 p.
2001 2238 2091 2276 659.

1120 2295 1322 2334 Sanderus
1339 2296 1388 2334 de
1405 2295 1576 2334 eruditis
1594 2296 1966 2347 Gandavensibusp
1998 2299 2088 2337 427.

1172 2357 1269 2407 Ejus
1291 2355 1560 2404 Consultatio,
1584 2368 1637 2394 an
1665 2356 1889 2396 Canonicns
1917 2357 2087 2408 Reyula-

1117 2418 1176 2457 ris
1195 2417 1323 2469 possit
1344 2429 1386 2457 se
1419 2417 1644 2469 transferre
1669 2417 1723 2455 acl
1745 2417 1922 2456 ordinem
1964 2420 2084 2457 Prae-

1118 2479 1342 2519 dicatorum
1358 2511 1368 2528 ,
1392 2481 1485 2518 item
1512 2480 1699 2518 Practz'ca
1724 2490 1846 2530 super
1868 2480 2087 2530 receptione

1112 2551 1380 2592 personarum
1402 2540 1457 2578 ad
1471 2540 1697 2590 reliyionem
1723 2540 1806 2578 sine
1824 2540 2002 2590 periculo
2023 2542 2085 2580 Si-

1117 2601 1296 2650 moniae,
1321 2606 1361 2639 et
1389 2603 1464 2640 alia
1495 2603 1540 2639 ad
1575 2602 1677 2639 banc
1709 2603 1915 2640 materiam
1964 2604 2083 2652 perti-

1119 2664 1252 2701 nentia
1282 2667 1444 2701 exstant
1489 2664 1525 2700 in
1571 2663 1668 2702 Bibl.
1697 2663 1819 2701 Vallis
1856 2664 1894 2701 S.
1927 2665 2077 2702 Martini

1119 2725 1307 2772 Lovanii‚
1337 2729 1441 2763 testo
1474 2723 1555 2764 Val.
1588 2725 1746 2763 Andrca
1785 2725 1881 2763 Bibl.
1928 2725 2082 2776 Belgica

1119 2784 1224 2824 MSS.
1258 2787 1303 2824 ll.
1336 2798 1371 2837 p.
1404 2787 1493 2825 223.

1173 2847 1435 2887 ROBERTUS
1465 2847 1766 2899 Lanyelanclus,
1797 2853 1915 2887 natus
1947 2851 1983 2887 in
2010 2850 2083 2888 Co-

1121 2909 1263 2948 mitatu
1293 2910 1472 2959 Salopiae
1504 2911 1540 2946 in
1575 2910 1667 2948 villa
1699 2911 1922 2949 Mortimcrs
1952 2911 2082 2949 Clibe-

1121 2982 1194 3020 ry,
1223 2970 1445 3021 discipulus
1490 2971 1645 3009 Wicleii
1668 3003 1677 3018 ,
1709 2973 1869 3021 scripsit
1898 2984 1929 3010 a.
1966 2973 2079 3011 1369.

1124 3032 1313 3070 Visionem
1354 3032 1468 3071 Petri
1506 3033 1706 3071 Aratoris.
1759 3034 1926 3072 Bulaeus
1963 3036 2077 3073 Cent.

1121 3095 1182 3132 Vl.
1215 3094 1278 3132 37.

1173 3157 1356 3206 Magister
1377 3156 1662 3204 ROBERTUS,
1686 3159 1790 3195 Prior
1813 3159 1852 3198 S.
1880 3161 2077 3199 Laurentii

1121 3215 1249 3254 Lcodii
1281 3222 1393 3255 extra
1426 3229 1587 3265 muros.
1619 3220 1729 3257 initio
1761 3231 1838 3258 sec.
1870 3222 1918 3259 X.
1956 3223 2079 3272 scrip-

1121 3281 1171 3316 sit
1202 3279 1343 3316 librum
1369 3278 1416 3316 (le
1439 3278 1584 3318 divinis
1615 3280 1786 3333 Officiis.
1809 3282 1925 3331 cujus
1950 3285 2078 3322 Prolo—

1122 3355 1195 3388 gus
1226 3343 1280 3378 sii·
1313 3343 1443 3391 inclini
1468 3356 1473 3379 ς
1507 3343 1664 3381 slli’nn'ni
1685 3355 1773 3381 rum
1798 3343 1844 3382 de
1885 3344 2076 3384 Ecclesia-

1682 3422 1758 3462 202
