2533 4009
420 266 492 303 190

420 334 766 373 l‘aschasii.lucem
801 331 1008 367 viderunt:
1045 332 1076 379 l)
1107 330 1359 382 Epitaphium

417 396 597 442 .’1ι·.<>ἐίιιι”.4
622 395 782 432 alterius
813 397 1033 441 temporum
1066 402 1228 430 suorum
1253 392 1360 430 Jere—

419 460 535 495 miae.
567 458 647 492 site
682 453 818 490 Vitas.
847 450 981 491 ti'alae
999 453 1161 490 Abbatis
1182 458 1269 502 post
1287 453 1358 491 fra-

416 526 514 556 trem
546 513 808 554 Adelhardum
840 514 1110 562 Corboffnsis,
1144 514 1303 563 vulgata
1341 516 1362 552 a

417 578 628 617 Mahillonio
659 578 742 612 Sec.
775 575 838 612 lV.
868 575 1110 613 Benedictin.
1137 581 1247 626 parte
1266 578 1300 615 1.
1327 588 1361 626 p.

418 641 490 678 4:53
524 630 567 684 ⁸2,
594 638 648 674 De
667 640 793 687 partu
824 637 989 687 l'i'ryinis
1014 638 1098 676 libri
1124 639 1170 676 il.
1200 637 1248 676 ad
1282 638 1365 676 Ma‘

416 708 564 738 tronum
595 704 632 736 et
666 700 841 749 Virgines
872 701 1368 746 svess'i'oncnses,ssertra-

416 774 474 799 mo
504 763 686 811 oppositi,
712 773 812 810 quos
837 761 1154 800 llll.i)El·'ONsO
1178 761 1366 800 Toletano

412 824 631 873 adscriptos
661 825 682 861 a
727 823 1013 870 lfovardentio,
1060 824 1275 862 l‘iacherius
1317 835 1366 862 ex

414 885 487 923 lide
525 885 691 924 duorum
733 885 920 924 Codicum
960 886 1259 935 Corbejensium
1299 886 1367 924 Pa—

413 948 565 985 schasio
584 947 800 985 vindicavit
816 947 921 996 ,subj
931 953 1128 998 unctoque
1146 947 1365 986 sslfiit'l'lm-

413 1011 462 1048 Mi
490 1009 585 1047 libro
610 1009 731 1046 edidit
765 1016 856 1046 toni.
882 1010 942 1048 12,
985 1010 1174 1060 spicilegii
1206 1021 1290 1060 pag.
1329 1012 1362 1048 1.

414 1072 516 1120 ¹[odit.
536 1083 658 1109 novae
685 1077 777 1108 tom.
806 1073 818 1109 1
852 1083 936 1122 pag.
964 1073 1024 1109 it.
1050 1072 1126 1119 52)
1155 1073 1365 1123 Fragmen-

413 1140 498 1171 tum
521 1134 786 1183 vulgaverunt
811 1134 1027 1172 Dacherius
1046 1145 1129 1184 pag.
1157 1136 1244 1172 561.
1279 1145 1363 1184 seq.

416 1195 461 1233 ad
484 1195 717 1233 tivibertum
745 1196 1041 1245 Novtgentium.
1080 1197 1116 1245 3)
1155 1197 1208 1234 De
1244 1195 1364 1244 Fide,

414 1260 489 1308 Spe
513 1260 550 1295 et
574 1256 776 1296 Chai-itate
796 1258 842 1296 ad
870 1258 1076 1296 Warinum
1110 1270 1234 1297 novae
1275 1260 1367 1297 Cor-

416 1320 524 1369 le'ae
549 1320 741 1358 Abbatem
761 1325 800 1357 et
820 1320 1179 1358 Archimandritam
1198 1321 1282 1358 libri
1301 1322 1367 1359 lll.

419 1393 518 1431 quos
535 1388 717 1433 acceptos
732 1383 780 1420 ab
802 1383 942 1422 illustri
962 1383 1150 1421 Leibnitio
1163 1383 1210 1421 ad
1232 1383 1368 1421 editio-

418 1457 507 1483 nem
540 1446 692 1495 paravit
720 1446 778 1483 Jo.
810 1445 910 1483 Frid.
934 1445 1178 1492 llodannus,
1204 1445 1368 1484 Scholae

422 1508 647 1544 Winsensis
670 1509 826 1556 llector,
852 1508 920 1546 sed
942 1509 1256 1546 communicatos
1275 1509 1368 1546 aJo.

421 1569 585 1619 ljeorgio
615 1570 782 1608 Eccarto
807 1572 957 1620 primus
997 1569 1119 1606 edidit
1151 1569 1371 1608 Bernardus

423 1634 493 1670 Pez
519 1639 612 1671 tom.
645 1636 657 1671 1
692 1633 866 1671 thesauri
892 1632 1199 1679 anecdotorum,
1238 1632 1371 1682 Augu-

425 1700 508 1732 stae
535 1696 683 1733 tindel.
711 1695 824 1734 1721.
852 1695 915 1732 sol.
941 1698 1050 1744 parte
1076 1694 1111 1732 2.
1138 1705 1223 1744 pag.
1251 1695 1285 1731 1.
1303 1695 1374 1732 De-

429 1759 546 1807 nique
571 1757 861 1795 emendatiores
886 1755 1123 1795 Edmundus
1143 1757 1317 1795 Martcne
1346 1762 1372 1794 t.

426 1819 493 1858 lx.
512 1824 860 1858 monumentorum
885 1823 1065 1857 veterum
1084 1829 1157 1868 pag
1186 1818 1372 1856 471-578.

424 1883 550 1919 litiani
574 1882 631 1919 his
651 1883 959 1931 praemittuntur
988 1891 1131 1918 versus
1151 1882 1375 1930 inquorum

425 1944 655 1982 acrostichis
686 1941 907 1982 Radbertus
938 1942 1095 1989 Levita,
1141 1947 1180 1979 et
1209 1953 1377 1992 quorum

429 2008 580 2045 initium
601 2020 607 2043 :
633 2009 780 2058 Rumpe
806 2006 1004 2045 Camoena
1028 2015 1169 2042 moras.

478 2071 498 2090 ἢ
530 2071 770 2108 Praeterisse.
801 2070 952 2119 pigeret
983 2067 1020 2105 id
1065 2066 1169 2116 quod
1216 2078 1288 2118 ego
1330 2078 1379 2104 ex

428 2132 634 2169 collatione
652 2131 1099 2181 praefationisastrictae
1120 2133 1244 2167 metro
1261 2139 1380 2179 quam

433 2194 611 2244 vulgavit
642 2195 679 2231 l’.
717 2195 915 2240 Martenc,
946 2203 995 2229 ex
1025 2190 1203 2230 eiusdem
1235 2190 1382 2240 praefa-

433 2258 573 2303 tionis,
605 2268 721 2306 quam
755 2257 894 2294 recitat
924 2256 1028 2292 tiezo
1059 2253 1190 2291 Abbas
1221 2252 1384 2290 Dertho-

436 2320 572 2356 nensis
604 2322 639 2355 in
672 2318 798 2356 libello
839 2318 886 2355 de
930 2325 1093 2366 corpore
1123 2320 1162 2353 et
1192 2316 1384 2365 sanguine

434 2382 580 2419 (jhristi
611 2382 769 2431 vulgato
814 2392 833 2418 a
877 2380 1086 2418 Mutatorio
1117 2377 1263 2416 Anecd.
1305 2383 1319 2414 t
1364 2380 1385 2416 3

436 2445 510 2483 250
540 2443 795 2494 deprehendi.
825 2444 1009 2481 Carmina
1039 2443 1142 2479 enim
1175 2452 1195 2478 a
1231 2442 1387 2478 Gezone

435 2508 556 2544 relata
587 2513 741 2557 praeter
770 2516 889 2555 quam
919 2504 1022 2554 quod
1057 2504 1248 2542 variantia
1294 2513 1390 2539 non—

437 2570 541 2607 nulla
571 2570 619 2607 ab
657 2569 760 2606 edito
802 2569 988 2606 Martenis
1030 2566 1220 2604 exhibent
1264 2565 1388 2603 multo

438 2633 549 2682 plura
579 2636 671 2670 sunt
703 2642 894 2678 numero,
925 2641 1043 2680 quain
1086 2640 1188 2678 quae
1220 2629 1255 2664 in
1293 2629 1388 2664 Mar-

438 2700 541 2732 tene.
563 2696 658 2733 Nam
691 2696 727 2731 in
745 2696 900 2731 (iezone
919 2697 1013 2731 sunt
1032 2702 1174 2730 versus
1192 2691 1387 2728 LXXXll.

438 2770 528 2796 cum
559 2759 594 2794 in
627 2757 866 2807 praefatione
895 2768 955 2805 ap.
987 2756 1158 2792 Martene
1195 2753 1279 2791 XV.
1309 2764 1385 2789 non

439 2824 640 2869 superent.
671 2820 709 2857 Si
739 2819 828 2867 quis
859 2827 1002 2854 novam
1033 2827 1121 2865 opp.
1154 2816 1188 2852 ’5.
1222 2814 1387 2852 Pascha-

440 2884 484 2919 sii
514 2882 725 2919 editionem
758 2880 940 2917 moliatur
970 2878 1123 2914 illorum
1163 2878 1385 2913 carminum

441 2956 460 2981 a
491 2946 648 2981 (iezone
692 2942 905 2979 relatorum
945 2941 1172 2977 meminisse
1209 2943 1387 2987 oportet,

445 3010 486 3042 ut
516 3007 664 3055 plenior
704 3010 756 3042 sit
796 3005 925 3053 operis
969 3002 1085 3039 huius
1116 3001 1213 3038 tanti
1246 2999 1388 3048 ubique

447 3073 630 3104 momenti
653 3067 699 3105 ad
721 3067 861 3117 dogma
891 3064 939 3102 de
961 3063 1205 3103 Eucharistia
1224 3092 1232 3111 ,
1262 3060 1391 3098 editio.

447 3129 620 3176 Denique
647 3130 838 3167 l’aschasii
868 3125 1159 3167 Commentaria
1184 3123 1222 3161 in
1242 3123 1394 3173 Apoca-

451 3187 574 3235 liPSim
595 3219 601 3235 ,
631 3194 665 3227 ec
687 3190 877 3241 expositio
903 3189 942 3226 in
969 3191 1082 3226 acius
1124 3184 1395 3238 Apostolorum

452 3256 585 3287 extari—
617 3252 795 3290 seruntur
827 3254 862 3289 in
892 3251 984 3291 (jod.
1007 3252 1085 3290 Ms.
1109 3250 1296 3288 Abbatiac
1337 3247 1392 3285 De

453 3314 594 3359 (juissy
627 3314 661 3348 in
690 3315 861 3351 luci-,cesi
894 3313 1146 3352 Laudunensi
1168 3311 1260 3349 Ord.
1288 3312 1399 3349 Prae-

454 3378 658 3410 monstrat.
692 3373 784 3411 vide
816 3376 908 3412 llist.
943 3377 1074 3414 Litter.
1104 3375 1251 3413 Galliae
1269 3379 1294 3411 t.
1316 3373 1401 3411 Vlll

456 3451 491 3487 p.
531 3436 586 3474 it.
621 3437 736 3487 prael.

1164 260 1641 301 PASSERlNUS

1490 335 1633 372 Petrus
1652 333 1956 376 PASSERINUS
1982 340 2158 378 notarius
2181 339 2284 378 circa
2308 336 2382 378 An.

1439 396 1556 435 1500.
1580 397 1783 435 Utinensis
1801 427 1810 445 ,
1835 400 1883 437 ab
1906 400 2080 439 Antonio
2097 402 2276 448 Bellone,
2293 401 2389 440 Vos-

1439 460 1514 506 sio,
1540 459 1687 509 Gangio
1703 459 1872 508 aliisque
1897 462 2066 502 traditur
2083 465 2250 515 scriptor
2265 462 2389 502 diarii

1440 520 1576 558 inediti
1599 531 1741 559 rerum
1767 521 2097 572 Forojuliensium
2120 527 2168 565 ab
2193 526 2265 566 An.
2286 526 2389 566 1258

1440 583 1488 622 ad
1521 583 1633 622 1356.
1667 584 1752 621 sive
1783 585 1913 634 potius
1939 591 1981 624 ut
2010 599 2057 625 ex
2083 588 2225 627 Codice
2256 590 2390 627 Manu-

1442 647 1586 696 scripto
1613 645 1776 684 illustris
1802 647 2005 685 Fontanini
2031 655 2208 690 notatum
2234 652 2272 689 in
2296 652 2386 689 Dia-

1441 709 1496 746 rio
1520 707 1764 746 eruditorum
1786 707 1920 746 ltaliae
1945 713 1972 746 t.
1995 710 2064 749 lx.
2090 723 2175 763 pag.
2217 712 2303 752 157.
2342 713 2391 752 ab

1440 770 1513 809 An.
1548 771 1661 809 1252.
1687 770 1734 808 ad
1772 770 1886 809 1381.
1926 771 1986 809 Ex
2021 772 2159 812 eodem
2198 775 2392 814 discimus

1440 844 1580 871 verum
1607 834 1779 871 auctoris
1796 844 1938 871 nomen
1959 844 2047 871 esse
2061 833 2302 876 JULIANUM
2320 835 2393 875 Ca-

1438 896 1623 933 nonieum
1649 895 1966 941 Civitatensem,
1993 895 2060 945 qui
2089 896 2139 934 ita
2165 896 2213 934 de
2255 909 2298 936 se
2339 898 2387 937 ad

1438 957 1512 994 An.
1540 957 1652 995 1293.
1680 957 1724 994 [η
1747 956 1808 995 die
1843 960 1970 995 sancti
2016 956 2180 996 Tliomae
2214 958 2386 1011 Apostoli

1433 1023 1524 1069 post
1544 1019 1713 1057 Missam
1728 1019 1768 1057 in
1785 1017 1966 1070 Capitulo
1989 1018 2242 1059 Civitatensis
2262 1021 2393 1060 Eccle-

1438 1081 1547 1129 siae,
1569 1079 1647 1133 fuit
1673 1081 1772 1120 mihi
1811 1082 1965 1119 Juliano
1997 1080 2229 1132 praebenda
2269 1082 2393 1135 ipsius

1437 1144 1594 1182 Domini
1609 1142 1759 1182 Jacobi'.
1783 1145 1934 1184 Omitto
1953 1144 2057 1194 quod
2081 1144 2225 1183 ibidem
2246 1157 2395 1184 memo-

1440 1212 1549 1246 ratur
1593 1207 1881 1257 Compendium
1922 1207 2164 1245 familiarum
2205 1207 2395 1247 nobilium

1441 1270 1690 1308 Utinensium
1716 1271 1908 1308 Manuscr.
1932 1268 2035 1319 apud
2066 1268 2272 1308 laudatum
2297 1271 2396 1308 Fon-

1441 1332 1621 1370 taninum
1641 1364 1648 1379 ,
1678 1333 2022 1383 compositumque
2046 1331 2069 1369 a
2093 1332 2311 1381 Passerino,
2329 1331 2400 1371 sed

1442 1395 1573 1433 italice
1596 1424 1604 1441 ,
1629 1406 1705 1433 non
1733 1396 1880 1433 Latine.
2470 1384 2475 1388 ¹

1497 1456 1826 1496 PASSIONALIA
1849 1457 1977 1495 vocari
1995 1460 2293 1495 consueverunt
2310 1455 2397 1495 libri

1444 1519 1547 1573 vitas
1567 1524 1608 1557 et
1633 1520 1821 1569 martyria
1856 1519 2091 1557 Sanctorum
2132 1518 2403 1569 complecten-

1445 1585 1530 1627 tes,
1554 1581 1689 1619 ordine
1712 1581 1904 1619 festorum
1926 1581 2018 1618 anni
2042 1579 2190 1630 quibus
2214 1581 2402 1619 memoria

1445 1654 1580 1682 eorum
1605 1643 1793 1681 celebrari
1818 1642 2054 1681 consuevit:
2077 1641 2302 1692 cujusmodi
2324 1642 2400 1681 La-

1445 1708 1574 1745 tinum
1599 1708 1794 1753 Manuscr,
1821 1707 1859 1743 in
1884 1705 1978 1743 Bibl.
2007 1705 2162 1743 Petrina
2184 1703 2306 1754 hujus
2327 1704 2401 1744 Ur—

1445 1769 1532 1815 bis,
1558 1773 1789 1807 recensetur
1825 1769 1847 1806 a
1891 1767 1972 1805 Nic.
2017 1766 2264 1816 Staphorstio
2309 1770 2404 1805 tom.

1449 1832 1472 1869 3
1495 1832 1590 1869 llist.
1615 1830 1766 1869 Eccles.
1789 1830 1926 1868 Hamb.
1951 1839 2037 1879 pag.
2059 1828 2148 1867 182.
2184 1828 2300 1867 Plura
2333 1839 2404 1867 ex-

1454 1897 1561 1931 stant
1586 1892 1811 1943 hujusmodi
1839 1895 1878 1930 et
1903 1891 1974 1929 hoc
1999 1890 2114 1929 titulo
2139 1890 2247 1941 typis
2281 1893 2402 1929 etiam

1449 1957 1645 2006 exscripta
1667 1955 1900 1993 Germanice
1923 1957 1966 1992 ut
1991 1952 2132 1991 Lubec.
2161 1951 2275 1991 llt92.
2294 1952 2410 1991 1499.

1456 2017 1571 2056 1507.
1599 2017 1712 2056 Rasil.
1735 2017 1850 2055 1511.
1877 2013 1994 2054 1517.
2017 2014 2082 2053 fol.
2105 2014 2233 2053 divisa
2259 2015 2295 2052 in
2322 2025 2409 2065 par-

1457 2085 1536 2118 tem
1563 2081 1758 2117 aestivam
1784 2082 1824 2117 et
1862 2076 2110 2127 hyemalem:
2151 2074 2407 2125 Passionael,

1457 2145 1535 2180 este
1558 2140 1628 2180 dat
1647 2140 1772 2179 levent
1795 2139 1867 2178 der
1898 2137 2091 2190 hylliqhen
2125 2141 2160 2175 to
2198 2136 2301 2177 dudo
2339 2137 2409 2176 utlz

1457 2203 1543 2242 (lem
1568 2203 1686 2241 latino
1709 2203 1779 2241 mil
1794 2201 1904 2241 velen
1925 2211 2050 2253 nyyen
2087 2198 2276 2239 historiam
2309 2199 2412 2238 unde

1460 2266 1568 2305 lereti
1591 2271 1666 2304 etc.
1693 2265 1804 2305 Adde
1828 2264 2000 2303 eundem
2026 2262 2320 2314 Staphorstium
2340 2267 2368 2300 t.
2388 2263 2413 2303 2

1461 2341 1497 2379 p.
1525 2329 1614 2367 677.
1639 2331 1756 2367 l'iecte
1781 2327 2003 2366 Jacobellus
2024 2325 2121 2363 libro
2144 2324 2193 2362 de
2225 2325 2415 2363 Commu-

1464 2393 1578 2429 nione
1604 2391 1677 2429 sub
1718 2395 1915 2440 utraque,
1954 2387 2058 2438 apud
2096 2386 2255 2426 Clariss.
2294 2385 2417 2425 Hard-

1465 2455 1562 2491 tium
1589 2459 1614 2490 t.
1639 2454 1660 2492 3
1693 2452 1853 2492 Concilii
1889 2449 2207 2491 Constantiensis
2249 2458 2285 2498 p.
2325 2447 2416 2487 495.

1518 2516 1846 2566 Omnialnamque
1872 2513 1912 2551 in
1958 2513 2054 2562 Leye
2094 2509 2251 2548 Domini
2284 2509 2416 2562 posita

1463 2582 1554 2617 sunt
1574 2590 1671 2617 vera
1696 2581 1733 2615 et
1745 2587 1890 2616 secura
1907 2588 1916 2613 .·
1933 2574 1972 2613 in
1999 2570 2297 2612 Passz'onalz'bus
2324 2583 2418 2610 vero

1463 2652 1539 2679 non
1563 2643 1616 2678 ita
1642 2651 1787 2678 secura
1821 2638 1900 2678 Sed
1923 2636 2012 2675 licet
2046 2634 2171 2673 multa
2208 2645 2307 2672 vera
2343 2634 2423 2672 sint

1461 2707 1496 2742 el
1520 2701 1736 2755 conformia
1758 2700 1850 2752 Leyi
1868 2700 1981 2747 DEI,
2019 2702 2057 2736 et
2087 2695 2338 2747 eoeemplaria
2368 2695 2423 2734 ad

1459 2770 1617 2804 nostrae
1634 2766 1738 2804 vitae
1760 2761 2059 2801 emendationem
2082 2772 2088 2797 :
2113 2762 2240 2797 tamen
2264 2757 2305 2796 in
2329 2757 2417 2796 talc-

1463 2826 1534 2866 bus
1560 2825 1728 2877 legendis
1748 2825 1872 2863 multa
1891 2822 1998 2875 falsa
2013 2824 2106 2860 sunt
2122 2821 2271 2859 inserta
2288 2850 2296 2870 ,
2317 2831 2421 2872 quae

1462 2887 1535 2926 sub
1555 2887 1682 2938 specie
1706 2886 2104 2937 sapiuntquaestum.
2139 2883 2191 2921 Et
2204 2881 2324 2931 haec,
2350 2893 2416 2920 cu-

1459 2949 1608 3002 piditas
1634 2946 1895 2994 Pseudocleri,
1917 2950 1960 2984 ut
1981 2945 2156 2993 aestimo,
2175 2946 2422 2996 estoperata.

1522 3011 1762 3050 l‘AS'l'OlllS
1796 3010 1933 3057 Liber,
1959 3020 2078 3059 supra
2104 3008 2140 3045 in
2167 3007 2203 3045 S.
2233 3005 2420 3045 HERMA.

1519 3073 1709 3112 PASTOR
1739 3071 1784 3110 (le
1814 3069 2057 3118 Albernaeo,
2087 3069 2174 3107 aliis
2202 3066 2248 3106 de
2279 3068 2421 3107 Serra.

1468 3134 1657 3174 Scuclerz'o
1686 3134 1848 3181 Gallus,
1878 3132 1971 3171 Ord.
1995 3132 2130 3170 Minor.
2155 3141 2203 3168 ex
2226 3130 2419 3179 Episcopo

1470 3198 1660 3236 Assisiate
1690 3201 1730 3234 et
1759 3191 2353 3241 EbrodunensiArchiepiscopo
2379 3190 2421 3227 R.

1471 3261 1517 3298 E.
1546 3258 1768 3297 (jardinalis
1797 3257 1844 3295 ab
1874 3257 1918 3295 A.
1953 3255 2068 3295 4350.
2097 3252 2144 3292 ad
2176 3251 2292 3290 1351.
2330 3250 2425 3301 Ejus

1475 3321 1522 3359 de
1551 3322 1674 3371 gestis
1704 3332 1775 3358 suo
1805 3325 1981 3369 tempore
2013 3318 2049 3353 in
2070 3314 2249 3355 Ecclesia
2275 3323 2423 3352 memo-

1476 3384 1663 3421 rabilibus
1688 3392 1827 3419 omnes
1853 3383 2086 3425 memorant,
2109 3377 2427 3427 Eisengrerjus,
2480 3406 2485 3414 .
