2517 4009
931 228 1217 266 PETRUS

89 299 163 337 illis
179 297 303 336 videri
328 297 483 347 possint
503 298 681 346 expressi
704 299 841 348 reliqui
857 299 1037 337 eiusdem

83 362 144 410 op.
193 358 359 398 Codices
390 360 428 395 in
469 358 564 396 Bibl>
597 360 842 408 privatorum
875 363 1038 399 servati.

81 421 236 460 Desinit
265 418 399 458 Codex
427 420 501 457 iste
527 419 601 458 An.
629 421 746 459 4345.
771 433 819 459 ex
847 433 925 471 quo
944 422 1039 460 illud

81 482 269 531 consequi
288 481 424 520 videre
449 486 583 532 posset
600 482 801 521 Julianum
818 485 932 532 cique
952 494 1041 522 suc-

81 543 347 582 centuriatum
373 543 567 581 Joannem
599 555 675 582 non
703 545 805 583 ultra
836 544 942 583 hunc
971 556 1040 583 an-

81 615 176 642 num
206 605 445 642 excurrisse.
468 605 598 651 Quare
622 617 665 643 ea
681 617 783 655 quac
809 606 911 644 ultra
933 606 1038 644 hunc

77 676 226 704 annum
250 666 378 704 offert.
411 666 505 706 Cod.
536 668 578 705 P.
608 658 662 705 De
695 668 842 705 Rubeis
871 667 1037 705 alterius

77 731 186 765 esset
235 727 508 767 additamenta
559 730 697 767 merito
729 729 1035 778 suspicaremur.

76 790 311 828 Praesertim
329 801 420 828 cum
446 790 586 829 lacinia
605 793 644 829 P.
660 793 713 829 Dc
728 791 874 829 Rubeis
897 790 946 828 ab
963 790 1035 828 An.

77 851 190 889 ⁴3⁴5.
219 861 346 901 usque
370 851 417 890 ad
443 852 516 890 An.
549 854 610 892 31.
638 852 776 891 eadem
799 853 960 890 omnino
985 853 1036 889 sit

73 923 164 951 cum
195 915 422 963 excerptis,
446 925 549 964 quae
580 925 629 952 ex
659 914 757 952 libro
787 914 1033 952 adversario-

74 985 161 1013 rum
178 973 350 1025 Capituli
362 976 623 1014 civitatensis
636 977 872 1014 Muratorius
890 974 1030 1012 ibidem

71 1047 109 1086 p.
139 1036 255 1075 4227.
281 1036 474 1075 exhibuit.
508 1037 528 1059 ’ἓ

123 1098 318 1137 PETRUS
336 1097 754 1150 PateshnllusAnglus
775 1099 1033 1150 Augustinia-

71 1169 174 1201 nus.
203 1158 428 1208 Theologus
457 1160 699 1198 Oxoniensis
728 1161 830 1198 circa
870 1160 1032 1198 Annum

70 1219 186 1257 ⁴390.
208 1219 365 1258 Wiclefi
381 1224 547 1258 secutus
563 1224 697 1269 partes
713 1222 873 1270 scripsit
894 1219 1034 1259 Postil-

71 1277 235 1318 lationes
257 1281 296 1319 S.
313 1279 559 1331 Scripturae.
577 1281 707 1332 Super
724 1281 785 1317 IV.
803 1279 925 1319 libros
941 1282 1035 1320 Sen-

68 1340 294 1379 tentiarum.
319 1341 470 1379 Contra
486 1339 717 1379 haereticos.
733 1342 1035 1380 Determinatio-

65 1413 135 1439 ‘nes
186 1401 435 1453 Theoloqicas
492 1403 702 1441 Sermones
746 1402 793 1440 ad
843 1404 1003 1443 Clerum
1024 1434 1032 1451 ,

65 1463 352 1514 Populumque.
378 1464 475 1502 Vide
492 1463 711 1502 Lelandum
730 1474 815 1514 cap.
843 1464 930 1502 437.
958 1466 1034 1502 Pit-

65 1535 179 1563 seum
224 1536 311 1575 pag.
343 1523 433 1563 555.
473 1525 650 1563 Elssium
684 1537 719 1574 p.
758 1525 848 1564 580.
886 1526 955 1563 sed
993 1531 1033 1564 et

64 1585 228 1625 Baleum
253 1587 352 1625 VIII.
378 1586 414 1625 2.
438 1587 505 1636 qui
531 1585 659 1624 eidem
686 1587 824 1625 tribuit
849 1588 1033 1626 lucubra—

65 1648 194 1686 tiones
210 1648 307 1687 alias
323 1648 496 1686 flammis
515 1647 692 1697 traditas,
714 1648 835 1687 Vitam
852 1648 1029 1700 fratrum

63 1708 367 1748 mendicantium
382 1711 468 1749 sive
479 1710 783 1750 acerbissimum
801 1722 901 1760 opus
912 1722 1033 1762 super

66 1770 314 1822 Hildegardis
333 1772 543 1823 Prophetia
562 1800 569 1819 ‚
594 1776 731 1810 contra
758 1773 899 1810 fratres
921 1783 1030 1811 men·

64 1831 255 1872 dicantes.
301 1832 581 1885 Defensorium
623 1832 871 1871 Armaehani
886 1864 893 1882 ‚
939 1835 1026 1872 sive

63 1893 282 1932 Defensorii
303 1895 542 1934 (juratorum
565 1896 588 1933 a
612 1893 809 1933 Richardo
835 1895 1028 1945 Radulphi

61 1957 101 1993 F.
120 1955 424 2007 Archiepiscopo
440 1957 691 1995 Armachano
713 1957 1031 1996 mendicantibus

64 2017 253 2067 oppositi:
276 2018 428 2056 Novam
445 2017 695 2056 cantilenam.
713 2020 1026 2058 Lamentationes

57 2076 247 2128 fratrum.
279 2079 392 2118 Ritus
421 2079 634 2118 natalitios.
665 2081 721 2118 De
746 2080 910 2131 slayitiis
946 2081 1027 2119 Au-

60 2139 361 2190 9ustinensium.
383 2142 439 2180 De
458 2141 643 2192 nequitiis
661 2141 1025 2182 Dominicanorum.

62 2201 252 2240 Mandata
272 2202 386 2254 Leyis
406 2202 681 2255 Evanyelicae.
709 2205 764 2242 De
787 2203 1025 2243 desolatione

61 2261 274 2302 Ecclesiae.

110 2325 306 2364 PETRUS
334 2325 380 2364 de
411 2325 562 2374 Paulo,
588 2328 784 2365 Patricius
814 2327 1021 2366 Jadrcnsis

60 2385 98 2421 in
133 2385 354 2433 Dalmatia,
393 2386 442 2424 de
483 2389 599 2436 qu'us
640 2387 872 2426 Memoriali
899 2399 1019 2438 snpra

58 2457 146 2497 pag.
173 2445 264 2484 207.
287 2446 349 2485 ubi
372 2448 515 2485 vitiose
543 2446 694 2485 Paulus
723 2447 768 2486 cle
799 2448 922 2487 Paulo
952 2461 1019 2486 ex-

56 2518 216 2547 cusum.

110 2568 263 2609 Paulus
305 2569 522 2608 Monachus
553 2570 593 2608 S.
631 2570 774 2609 PETRI
814 2571 853 2608 in
888 2571 1016 2619 Valle.

55 2643 174 2684 supra
203 2643 286 2683 pag.
308 2631 400 2670 207.

107 2694 302 2733 PETRUS
325 2692 477 2732 Paulus
503 2695 723 2745 Veryerius.
749 2696 832 2732 liuo
855 2694 927 2731 hoc
951 2705 1018 2731 no-

53 2755 171 2793 mine.
204 2755 309 2793 Infra
340 2754 642 2794 VERGERIUS.

107 2816 297 2855 PETRUS
321 2814 368 2854 de
396 2815 543 2854 Pennis
575 2816 822 2867 Aprutinus‚
854 2815 1013 2853 Ordinis

50 2876 368 2916 Praedicatorum
388 2907 396 2926 ⁷
413 2878 582 2928 scriptor
605 2879 691 2916 libri
718 2880 820 2916 inter
843 2877 1007 2918 Codices

50 2938 286 2977 Baluzianos
317 2940 355 2976 in
385 2941 502 2989 Regia
528 2941 648 2978 Paris.
683 2941 746 2979 cui
777 2940 943 2978 titulus:
975 2939 1011 2985 a)

49 2998 242 3037 Memoria
287 2999 489 3038 continens
539 3000 695 3038 modum
745 2998 1014 3052 recuperandi

51 3062 203 3097 terram
239 3063 442 3108 sanctam,
481 3061 634 3112 scripta
668 3066 758 3112 post
789 3061 1009 3099 electionem

51 3119 237 3172 Greyorii
262 3121 303 3159 Χ.
334 3120 527 3161 dividitur
548 3124 744 3173 capitibus
765 3122 892 3161 xxll.
923 3123 1009 3171 qui-

101 3269 134 3306 a)
151 3270 293 3302 ‚lacobus
315 3269 486 3303 Echardus
506 3274 587 3302 tom.
604 3272 624 3301 Ξ
641 3271 679 3302 de
697 3273 830 3311 scriptis
856 3272 1014 3302 Domini-

42 3326 142 3350 canor
160 3328 195 3358 p.
210 3319 286 3351 357.

2009 235 2083 272 257

1116 301 1190 338 bus
1225 302 1506 351 comprehendi
1547 307 1675 352 potest
1721 307 1824 341 terra
1863 309 2000 341 sancta
2039 309 2078 341 et

1116 360 1239 399 videri
1269 374 1393 412 quare
1430 364 1636 413 deperdita
1669 365 1811 411 luerit,
1835 369 1876 403 et
1905 366 2078 415 qualiter

1117 425 1349 473 recuperari
1375 426 1513 474 possit.
1539 426 1754 475 Gregorius
1783 428 1830 465 X.
1856 427 2009 466 electus
2033 429 2081 466 A.

1119 484 1243 523 4274.
1275 485 1492 524 Palaestina
1518 489 1664 525 amissa
1695 487 1739 526 A.
1772 488 1885 526 ⁴268.
1917 489 2084 527 Constat

1118 547 1235 595 igitur
1260 546 1308 584 de
1333 548 1435 585 Petri
1454 548 1573 597 hujus
1597 554 1754 597 aetate,
1779 561 1897 599 quem
1925 555 2082 600 praeter

1117 619 1202 644 rem
1234 608 1282 646 ad
1308 608 1353 646 A.
1386 610 1501 648 4330.
1529 611 1618 656 alii,
1644 612 1706 649 alii
1732 611 1779 649 ad
1811 611 1856 650 A.
1883 613 1998 651 453⁴.
2026 626 2084 650 re—

1118 667 1281 718 ferunt⁷
1312 672 1474 720 propius
1504 682 1597 710 vero
1622 674 1688 722 qui
1727 685 1817 711 cum
1851 675 1997 724 Toppio
2032 676 2081 714 ad

1120 729 1166 767 A.
1205 730 1320 768 4242.
1361 732 1526 770 Caetera
1566 732 1654 782 ejus
1693 736 1840 784 scripta
1880 741 2000 774 sunt:
2044 738 2080 786 b)

1113 791 1231 830 Liber
1276 797 1416 832 contra
1464 794 1663 843 ludaeos,
1694 798 1844 835 nomine
1879 797 2078 837 Tlialmotlz

1114 854 1342 902 (Talmudis
1359 859 1603 904 assertores)
1621 857 1775 896 divisus
1794 861 1829 895 in
1849 861 1931 898 XV.
1949 862 2078 910 capita

1114 920 1157 952 et
1181 920 1378 955 tractatus
1393 921 1532 955 contra
1551 918 1793 957 silem-anum
1810 925 1846 958 et
1863 921 2079 960 Machame-

1109 979 1217 1025 tum,
1249 979 1445 1028 capitibus
1478 980 1610 1018 itidem
1638 983 1721 1020 XV.
1754 988 1923 1032 uterque
1955 987 2077 1033 partis

1108 1042 1275 1076 octavae
1298 1040 1422 1078 instar
1437 1041 1599 1080 additus
1619 1043 1760 1081 PETRI
1788 1043 1952 1083 Subcrti
1970 1048 2075 1095 operi

1109 1099 1157 1136 de
1178 1101 1409 1139 visitatione
1435 1103 1658 1153 Episcopali
1680 1133 1687 1147 ,
1713 1115 1783 1142 seu
1810 1105 1858 1143 de
1881 1107 1992 1144 cultu
2021 1109 2078 1143 vi-

1109 1170 1220 1197 neae.
1244 1163 1456 1202 Tractatus
1477 1164 1523 1202 cle
1543 1165 1683 1203 notitia
1710 1165 1827 1205 Verbi
1849 1167 2074 1216 incarnati7

1109 1223 1306 1271 capitibus
1330 1225 1459 1273 XXV„

1163 1283 1354 1323 PETRUS
1370 1284 1416 1322 a'e
1425 1287 1660 1337 Perpinz'ano
1682 1288 1813 1327 dietus
1829 1289 1875 1328 (le
1890 1291 1967 1329 liin
1987 1294 2074 1331 sive

1109 1342 1155 1380 (le
1194 1344 1294 1382 Rivo
1341 1347 1582 1394 Catalanus.
1616 1349 1828 1387 Carmelita
1859 1352 1934 1389 sub
1966 1353 2074 1390 initia

1109 1405 1233 1443 seculi
1253 1407 1354 1444 XIV.
1380 1409 1543 1458 scripsit
1567 1409 1606 1446 in
1627 1409 1802 1449 psalmos
1827 1412 2002 1451 Bovillis.
2030 1415 2075 1451 In

1109 1464 1173 1502 IV.
1204 1463 1327 1505 libros
1356 1468 1664 1506 Sententiarum.
1697 1472 1951 1518 Quaestiones
1978 1477 2072 1513 Sen-

1111 1527 1326 1565 tentiarum
1355 1529 1466 1567 libris
1496 1531 1542 1568 II.
1567 1532 1776 1570 Sermones
1809 1535 1950 1571 varios.
1978 1537 2072 1574 Vide

1109 1588 1373 1628 Trithemium
1404 1601 1491 1640 cap.
1521 1591 1613 1630 559.
1644 1591 1727 1631 Nic.
1759 1593 1974 1633 Antonium
2008 1597 2072 1634 lib.

1108 1650 1143 1687 9.
1175 1650 1358 1688 Biblioth.
1389 1653 1539 1690 veteris
1570 1654 1766 1703 Hispanae
1796 1666 1879 1705 cap.
1908 1657 1943 1694 2.
1976 1662 2070 1696 tom·

1106 1712 1144 1748 2.
1168 1722 1253 1761 pag.
1281 1713 1345 1750 80.
1369 1712 1574 1763 Alegrium
1600 1719 1675 1753 etc.

1157 1774 1349 1813 PETRUS
1378 1775 1427 1813 de
1466 1777 1504 1813 S.
1550 1778 1729 1823 Joanne,
1774 1777 2067 1827 Pictaviensis‚

1107 1835 1326 1875 Monachus
1350 1842 1390 1875 et
1415 1838 1522 1875 Prior
1547 1838 1671 1887 major
1687 1838 1912 1877 claustralis
1935 1852 2070 1881 mona-

1106 1898 1216 1934 sterii
1248 1898 1318 1936 SS.
1349 1899 1452 1937 Petri
1478 1903 1518 1936 et
1548 1900 1655 1938 Pauli
1684 1900 1987 1948 Cluniacensis,
2017 1903 2066 1941 de

1104 1957 1221 2009 cujus
1252 1961 1412 2010 scriptis
1442 1960 1710 2010 quibusdam,
1742 1972 1861 1998 versu
1892 1968 1932 1998 et.
1952 1975 2064 2012 prosa

1104 2020 1141 2057 in
1173 2020 1331 2059 laudem
1357 2023 1532 2072 Magistri
1555 2024 1615 2060 sui
1635 2051 1642 2069 ‚
1665 2023 1733 2072 qui
1754 2023 1800 2060 A.
1827 2023 1940 2061 lsi-56.
1962 2024 2065 2062 diem

1101 2081 1221 2130 obiit,
1253 2082 1370 2121 Petri
1397 2082 1596 2121 Mauricii
1621 2083 1786 2121 Abbatis
1830 2084 2064 2123 Cluniacen-

1100 2144 1155 2180 sis
1198 2143 1348 2182 dictum
1397 2155 1516 2195 supra
1562 2156 1648 2195 pag.
1694 2145 1782 2184 ⁶241.
1829 2156 1939 2194 seqq.
1985 2147 2062 2184 Ex-

1100 2209 1209 2242 stant
1253 2211 1458 2254 praeterea
1501 2207 1538 2244 in
1578 2206 1761 2244 Andreae
1805 2206 1858 2244 du
1902 2208 2061 2246 Cliesne

1101 2265 1280 2303 Biblioth.
1313 2267 1571 2305 Cluniacensi
1604 2279 1638 2316 p.
1671 2267 1760 2306 645.
1791 2279 1951 2305 carmen
1983 2269 2061 2306 elc-

1096 2328 1251 2376 giacum
1283 2328 1320 2365 in
1352 2327 1469 2365 laude
1501 2328 1691 2377 triumphi
1723 2327 1904 2376 ejusdem
1934 2329 2059 2367 Abba-

1096 2390 1147 2426 tis
1176 2390 1322 2427 Romae
1352 2389 1471 2426 habiti
1503 2394 1639 2426 contra
1669 2387 1853 2426 Pontium
1893 2392 1930 2426 et
1960 2390 2057 2426 Pon-

1094 2449 1250 2498 manos,
1279 2451 1345 2499 qui
1395 2461 1488 2488 eum
1529 2449 1723 2488 Abbatiali
1768 2449 1959 2499 dignitate.
1990 2462 2057 2487 ex-

1095 2511 1256 2549 trudere
1289 2512 1557 2549 moliebantur
1586 2515 1626 2548 et
1657 2523 1693 2560 p.
1724 2512 1814 2548 615.
1839 2510 1943 2548 alind
1969 2511 2055 2548 bre-

1096 2583 1170 2618 ve,
1201 2572 1360 2620 quando
1390 2572 1436 2609 ad
1470 2572 1580 2620 Ajam
1614 2572 1788 2608 Insulam
1821 2572 2053 2609 transfreta-

1093 2634 1163 2669 vit.
1191 2633 1243 2670 Et
1272 2634 1344 2671 tria
1376 2633 1475 2676 alia,
1508 2634 1647 2682 pagina
1677 2632 1766 2670 617.
1801 2643 1884 2681 seq.
1931 2635 2053 2669 versi-

1092 2695 1167 2732 bus
1186 2694 1456 2731 hexametris:
1479 2693 1686 2731 Adversus
1706 2693 1934 2730 Barbarum.
1961 2693 2051 2742 Epi-

1092 2755 1268 2805 taphium
1316 2754 1467 2793 Gelasii
1510 2754 1647 2805 Papae
1680 2754 1729 2791 II.
1759 2754 1936 2792 defuncti
1974 2754 2046 2792 An.

1090 2818 1203 2855 1iii9.
1250 2822 1290 2854 et
1335 2816 1590 2866 Epitaphium
1635 2814 1824 2866 :islefbnsi
1865 2815 2046 2865 Episcopi

1088 2878 1417 2915 salmanticensis
1447 2879 1511 2926 qui
1544 2877 1682 2914 eodem
1714 2887 1816 2913 anno
1860 2887 1907 2912 ex
1947 2878 2046 2914 Con—

1087 2939 1176 2977 cilio
1209 2939 1395 2976 Remensi
1428 2938 1553 2976 redux
1586 2938 1689 2974 diem
1721 2938 1827 2973 obiit.
1860 2938 1912 2973 lio
1940 2947 2046 2974 snm-

1086 3012 1151 3038 ma
1175 3000 1375 3038 llistori'ca
1396 2998 1675 3048 Bibli'aeqnam
1697 2997 2045 3036 llnldricnsZwin-

1084 3062 1190 3109 glius
1216 3061 1375 3110 junior,
1404 3073 1435 3107 c„
1463 3062 1560 3099 Novi
1586 3060 1830 3097 Testamenti
1861 3060 1896 3096 in
1923 3061 2043 3098 Scho-

1085 3123 1118 3160 la
1150 3123 1334 3172 Tigurina
1366 3123 1565 3159 Professor
1594 3120 1716 3158 edidit
1747 3121 1878 3169 'l‘iguri
1926 3122 2040 3160 4591.

1140 3272 1174 3309 l»)
1199 3272 1244 3303 ld.
1264 3276 1345 3301 toni.
1367 3271 1377 3300 1
1405 3281 1435 3310 p.
1452 3272 1527 3301 500.

1138 3322 1170 3350 ev
1189 3320 1290 3350 Filius
1306 3320 1358 3350 liic
1374 3320 1522 3350 lluidriei
1543 3319 1693 3356 Zixiiiglii
1714 3320 1860 3349 Pastoris
1883 3317 1924 3348 ad
1944 3320 2042 3349 Prae-

1668 3387 1736 3424 182
