2517 4009
980 238 1144 278 Plu-s

67 311 136 351 sed
160 315 200 350 et
225 311 263 350 in
294 311 396 348 Petri
421 309 618 349 Coustant
642 310 860 360 appendice
884 311 932 350 ad
969 316 1025 350 to-

67 385 174 414 mum
201 374 374 424 primum
412 373 680 424 Epistolarum
718 374 829 411 Rom.
866 375 1025 413 Pontifi—

65 448 156 477 cum
192 448 278 487 pag.
319 436 380 474 49.
419 435 650 485 praemissis
689 439 936 485 argumentis
976 437 1024 475 ob

66 510 167 550 quae
187 499 325 537 merito
345 502 441 536 sunt
461 498 722 548 supposititiis
739 498 1023 538 accensendae.

65 561 121 601 De
141 558 308 599 decretis
331 560 397 598 Pio
417 558 628 610 adscriptis
653 571 755 609 quae
791 560 926 599 laudat
953 562 1026 599 Lu-

65 622 232 662 dovicus
255 621 426 660 Jacobus
449 622 545 660 Bibl.
570 621 796 660 Pontificiae
821 633 895 671 pag
937 622 1024 661 486.

65 695 148 735 seq.
169 689 353 724 accurate
376 683 479 723 idem
504 685 767 724 Constantius
789 683 967 734 disputat
987 697 1023 723 141

63 758 181 798 opere
212 746 294 797 ipso
324 757 410 797 pag.
438 747 502 784 66.
533 757 616 797 seq.

115 809 227 848 PIUS
247 809 295 847 11.
311 810 410 858 Papa
436 808 485 847 ab
508 807 552 847 A.
581 808 698 847 4458.
719 808 780 846 49.
799 807 967 860 Augusti
991 814 1024 857 a)

62 871 111 912 ad
134 871 295 911 Annum
315 871 430 910 4464.
462 871 522 909 44.
541 869 710 920 August.
734 874 852 909 antea
874 869 1026 909 AEneas

65 932 224 987 Sylvius
244 933 292 972 de
311 933 651 981 Piccolominibus‚
669 933 860 971 Senensis
878 932 926 971 de
947 945 1025 984 quo

64 1009 184 1049 supra
210 998 248 1035 in
273 996 424 1036 AENEA
451 1001 548 1034 tom.
573 997 607 1034 4.
634 1007 719 1046 pag.
749 995 813 1034 26.
848 1007 932 1046 seq.
958 997 1025 1035 ubi

63 1059 182 1099 dictis
205 1060 237 1098 si
272 1059 403 1110 placet
427 1057 528 1097 adde
551 1056 658 1108 quod
687 1057 761 1096 Au.
789 1059 905 1097 4442.
933 1063 1008 1097 etc.

113 1122 202 1173 (274
243 1122 297 1161 Pii
328 1122 374 1161 ΙΙ.
405 1121 568 1171 insuper
595 1119 756 1159 vidend.
786 1121 873 1159 Vita
899 1122 935 1158 in
966 1123 1024 1159 Jo.

64 1185 157 1226 Ant.
189 1184 379 1235 Campani
404 1182 502 1234 Opp.
521 1184 615 1221 etin
646 1183 840 1221 selectior.
869 1184 1022 1234 Lipsiae

65 1248 182 1288 4734.
211 1245 348 1286 Oratio
390 1245 440 1284 de
483 1245 585 1283 bello
629 1246 771 1284 Turcis
816 1245 1024 1283 inferendo

63 1311 259 1350 illustrata
289 1319 311 1346 a
340 1306 475 1358 Steph.
507 1308 646 1358 Borgia
671 1308 816 1345 Romae
845 1307 960 1346 4773.
989 1309 1026 1346 441

62 1378 160 1412 tom.
187 1372 212 1410 2
227 1369 419 1409 Anecdot.
451 1371 540 1408 Litt.
573 1369 672 1408 Pius
695 1369 749 1408 II.
772 1382 798 1408 a
821 1368 1030 1409 calumniis

64 1433 289 1475 vindicatus
308 1433 434 1471 ternis
458 1432 806 1471 retractationibus
823 1434 922 1481 eiuS,
943 1434 1030 1483 qui-

63 1499 141 1538 bus
168 1496 274 1535 dicta
303 1498 344 1533 et
372 1494 520 1545 scripta
564 1506 634 1545 pro
678 1494 852 1534 Concilio
880 1495 1030 1533 Basile-

65 1560 176 1599 aensi
205 1561 342 1597 contra
380 1557 606 1607 Eugenium
651 1555 704 1595 IV
748 1557 933 1595 eiuravit.
971 1568 1031 1595 re-

63 1632 160 1661 cens
205 1619 342 1659 Carolo
371 1620 460 1658 Fea.
490 1620 637 1657 Romae
669 1619 785 1658 4823.
817 1619 870 1667 8.)

122 1683 233 1723 PIUS
249 1683 317 1722 ΙΙΙ.
335 1686 452 1721 antea
468 1682 711 1720 Franciscus
721 1679 1031 1721 Piceolomineus

67 1746 286 1795 Senensis,
310 1747 413 1796 Papa
436 1745 482 1783 A.
510 1745 624 1784 4503.
649 1745 697 1784 ab
717 1745 780 1784 24.
807 1745 1029 1795 Septembr.

68 1809 117 1849 ad
147 1808 327 1859 ejusdem
358 1808 450 1846 anni
476 1808 537 1846 48.
568 1807 726 1846 Octobr.
755 1805 871 1858 cujus
901 1808 1035 1858 Epita—

68 1872 204 1924 phium
229 1873 263 1921 3)
288 1870 361 1909 hoc
385 1870 468 1909 loco
498 1870 644 1909 referre
665 1871 806 1920 Juvat:
833 1868 932 1909 Pius
956 1869 1030 1908 ΙΙΙ.

69 1933 260 1987 Pontifeoe
278 1934 391 1977 Maec.
416 1933 443 1971 ἁ
471 1931 544 1971 Pio
565 1932 618 1971 II.
644 1931 841 1972 avunculo
865 1932 963 1971 duos
992 1939 1028 1972 et

71 1996 215 2048 viqinti
253 2006 378 2035 annos
417 1997 537 2035 natus
566 1994 606 2033 in
637 1994 913 2035 Cardinalium
944 1995 1032 2036 Col-

74 2059 216 2111 leqium
243 2058 448 2106 adscitus,
472 2057 587 2097 Urbis
610 2070 658 2097 ac
685 2058 819 2097 Piceni
841 2058 1029 2110 leyatione

70 2121 321 2174 integerrime
347 2119 520 2173 functus.
551 2122 578 2160 A
613 2120 743 2161 Paulo
773 2123 825 2160 II.
857 2122 912 2161 ad
939 2123 1031 2160 Fri-

71 2183 248 2223 dericum
279 2184 351 2222 III.
374 2183 546 2232 missus,
575 2188 623 2223 ut
641 2184 930 2223 Germanorum
960 2196 1030 2223 ar-

69 2257 136 2285 ma
160 2247 202 2285 in
233 2246 383 2286 Turcas
405 2247 620 2286 concitaret
641 2278 649 2297 ‚
677 2247 919 2287 Conventum
946 2246 1030 2300 fre-

0 2335 1 2361 3
71 2309 393 2361 quentissimum,
426 2310 623 2362 Pontifieis
650 2313 773 2348 morte
795 2309 1029 2348 dissolutum

0 2375 1 2381 ’
72 2371 211 2411 habuit
249 2370 332 2411 Sub
368 2372 590 2411 Innocentio
624 2373 725 2410 VIII.
759 2370 923 2411 Umbros
950 2371 1031 2410 dis-

71 2433 240 2473 sidentes
279 2433 455 2486 pacavit.
499 2434 642 2474 Caroto
688 2434 894 2473 Gallorum
930 2436 1030 2485 Reye

71 2494 231 2535 Italiam
253 2496 497 2548 irrumpente
514 2495 566 2535 ab
589 2495 822 2536 Aleoeandro
856 2498 915 2535 VI.
942 2509 1031 2536 sero

70 2558 282 2598 admodum
313 2559 470 2599 missus.
510 2560 565 2597 Εο
595 2564 778 2607 mortuo,
807 2558 1032 2611 duodequa-

72 2620 258 2673 drayinta
280 2620 452 2661 Patrum
475 2621 683 2673 suffrayiis
708 2621 894 2674 Pontifeoe
923 2633 1033 2660 crea-

73 2686 159 2733 tus,
207 2683 301 2723 dum
347 2683 394 2723 de
435 2684 682 2724 restituenda
729 2684 770 2723 in
813 2684 1034 2736 pristinam

73 2746 317 2798 majestatem
362 2747 595 2787 Christiana
637 2745 800 2798 Republ.
837 2759 884 2786 ae
935 2745 1036 2785 Urbe

74 2805 186 2859 a9it{
217 2809 256 2849 6.
294 2813 333 2848 et
358 2810 423 2850 20.
454 2809 541 2859 die,
571 2811 594 2849 e'
620 2813 730 2848 tanta
764 2811 1037 2860 expectatione

73 2882 210 2909 rerum
234 2869 392 2923 publico
416 2872 592 2911 omnium
616 2872 725 2911 luctu
745 2871 915 2911 decessit
936 2885 943 2910 :
963 2871 1037 2910 elo-

74 2933 190 2985 quia,
211 2933 446 2985 prudentia,
477 2935 686 2987 reliyione,
719 2934 966 2982 innocentia,
999 2939 1038 2973 et

72 2995 273 3048 yravitate
311 2996 417 3036 domi
435 2997 612 3050 forisque
633 2998 821 3050 insiynis.
846 2998 886 3036 in
911 2998 1038 3037 dicen-

75 3057 196 3098 disin
223 3060 372 3099 Senatu
400 3060 601 3099 sententiis
617 3092 628 3109 ,
659 3060 760 3100 liber
791 3065 826 3099 et
847 3050 1053 3112 yrarissi—¹

76 3130 177 3160 mus.
207 3120 317 3161 Viaeit
337 3133 462 3162 annos
482 3123 546 3161 74..
573 3133 692 3161 mens.
718 3125 754 3162 5.
781 3122 816 3161 d.
845 3124 906 3162 40.
936 3121 1042 3161 Obiit

77 3193 181 3222 anno
219 3182 363 3224 salutis
393 3186 512 3225 4505.
544 3187 605 3225 45.
638 3185 728 3225 Kal.
760 3184 1008 3226 Novembris.

94 3262 236 3295 lacobus
258 3268 293 3296 et
313 3262 459 3297 Andreas
482 3264 575 3297 fratri
600 3268 813 3299 sanctissimo
831 3274 982 3306 posuere.

138 3391 171 3433 3)
193 3393 273 3428 Lud.
295 3394 438 3426 lacobus
455 3402 531 3434 pag.
556 3392 629 3426 19-2.
654 3393 814 3425 Bibliotli.
834 3394 1040 3425 Pontificim·.

1152 313 1172 333 ³*
1201 312 1299 351 Eius
1331 313 1530 363 Epistola(-
1563 313 1776 353 nonnullae
1801 319 1941 352 extant
1972 316 2059 354 vul-

1099 378 1212 424 gatae
1256 375 1358 412 inter
1403 376 1592 426 epistolas
1637 376 1771 415 Jacobi
1801 375 2056 416 Ammannati

1103 437 1303 475 Francisci
1336 437 1540 489 Philolphi,
1559 439 1772 478 nonnullas
1801 440 1919 478 etiam
1946 451 2060 478 serio

1101 499 1203 549 apud
1233 511 1293 537 me
1314 511 1334 537 e
1361 500 1481 538 Felini
1506 501 1708 540 codicibus
1728 502 1962 553 descriptas.
1988 504 2060 541 Dc-

1102 562 1223 611 nique
1268 563 1444 601 Pontifex
1480 566 1738 603 renunciatus
1768 564 1921 604 Bullam
1951 564 2060 603 dedit

1102 623 1148 662 ad
1183 625 1406 663 Canonicos
1452 627 1587 664 maior.
1631 627 1833 666 Ecclesiae
1870 628 2061 667 Lucensis

1103 697 1170 736 pro
1199 688 1502 725 conservatione
1529 688 1791 728 Bibliothecae
1817 690 1938 728 Felini
1965 691 2062 730 San-

1100 748 1185 793 dei,
1216 760 1317 799 quae
1361 761 1409 787 ex
1456 752 1656 800 supremis
1698 753 1785 790 eius
1823 753 1983 792 Tabulis
2012 754 2059 791 ad

1101 811 1324 850 Canonicos
1357 812 1442 851 illos
1471 815 1697 853 transierat.
1741 814 1837 854 Vide
1883 828 1918 852 v.
1966 817 2063 854 Feli-

1103 884 1191 912 nuS.
1213 875 1323 913 Hunc
1353 876 1485 913 virum
1518 877 1621 914 inter
1651 877 1839 927 singulari
1867 878 1980 917 laude
2004 879 2062 917 di-

1099 947 1197 986 gnos
1221 936 1521 976 accensendum
1542 937 1738 988 judicavit
1757 941 1815 978 Fr.
1836 941 2063 992 philelphus

1101 999 1137 1036 in
1171 999 1336 1050 epistola
1367 999 1414 1038 ad
1449 1000 1670 1040 Lodrisium
1702 1002 1929 1041 Cribellum.
1975 1004 2063 1054 lipi-

1100 1061 1234 1100 stolar.
1274 1061 1337 1100 lib.
1369 1063 1433 1100 26.
1464 1064 1534 1113 Ep.
1569 1065 1603 1102 4.
1634 1063 1655 1085 ³*

1155 1124 1269 1163 PIUS
1299 1125 1361 1163 IV.
1392 1130 1485 1164 ante
1514 1127 1686 1166 Joannes
1716 1126 1887 1178 Ansselus
1916 1126 1962 1166 de
1987 1129 2063 1166 Me-

1100 1185 1223 1234 dicis,
1270 1187 1601 1236 Mediolanensis‚
1647 1190 1747 1239 Papa
1786 1189 1834 1228 ab
1871 1190 1918 1229 A.
1948 1190 2063 1230 4559.

1101 1249 1308 1287 Decembr.
1347 1250 1409 1287 26.
1450 1250 1497 1288 ad
1537 1251 1582 1289 Α.
1612 1251 1728 1290 4565.
1764 1252 1969 1290 Decembr.
2000 1253 2064 1290 28.

1103 1310 1202 1361 Ejus
1226 1311 1531 1351 Constitutiones
1557 1312 1656 1352 CVI.
1681 1315 1717 1350 in
1744 1318 1848 1352 tomo
1888 1314 2063 1353 secundo

1104 1373 1258 1412 bullarii
1281 1375 1413 1423 magni
1444 1374 1738 1414 Cherubiniani.
1770 1376 1913 1427 Ecloge
1942 1377 2065 1415 bulla-

1104 1447 1192 1475 rum
1218 1440 1258 1474 et
1287 1438 1650 1487 motupropriorum
1684 1439 1736 1475 Pii
1775 1438 1837 1476 lt‘.
1866 1440 1920 1477 Pii
1951 1440 1992 1476 V.
2025 1444 2063 1476 vt

1102 1498 1280 1548 Gregorii
1311 1499 1416 1536 XIII.
1444 1498 1563 1550 Lugd.
1588 1500 1702 1538 4582.
1729 1500 1765 1537 8.
1796 1500 2063 1551 Flaviobrigae

1105 1561 1220 1599 4583.
1243 1559 1279 1598 li.
1301 1560 1411 1606 Quae
1438 1561 1473 1599 in
1500 1562 1618 1600 tomis
1644 1562 1909 1601 Conciliorum
1934 1562 2065 1611 obvia,

1103 1623 1196 1662 vide
1213 1624 1268 1661 sis
1283 1628 1310 1661 t.
1329 1624 1399 1662 XI.
1424 1624 1606 1663 Biblioth.
1622 1624 1797 1675 Graecae
1819 1636 1855 1675 p.
1876 1623 1965 1663 709.
1983 1635 2065 1675 seq.

1159 1687 1270 1726 PIUS
1294 1687 1336 1724 V.
1363 1691 1480 1725 antea
1509 1685 1677 1726 Michael
1701 1685 1947 1736 Glzislerms,
1978 1687 2068 1726 Ale-

1105 1749 1326 1788 xandrinus
1342 1748 1390 1787 de
1408 1749 1522 1788 Palea
1538 1779 1548 1795 ‚
1569 1749 1728 1788 Ordinis
1750 1749 2065 1788 praedicatorum

1108 1811 1211 1861 Papa
1239 1810 1288 1849 ab
1313 1810 1359 1849 A.
1384 1811 1501 1850 4566.
1531 1813 1618 1850 Jan.
1645 1811 1681 1850 7.
1706 1811 1763 1850 ad·
1782 1811 1895 1851 4572.
1919 1811 2006 1862 Maji
2032 1814 2066 1851 4.

1106 1874 1238 1913 Beatis
1259 1885 1350 1912 eum
1372 1873 1584 1924 adscripsit
1607 1874 1649 1913 A.
1671 1874 1783 1913 4672.
1814 1876 1846 1913 4.
1867 1875 1954 1924 MaJi
1977 1875 2066 1913 Cle-

1105 1948 1220 1976 mens
1237 1938 1289 1976 X.
1311 1941 1353 1975 et
1370 1938 1528 1976 Sanctis
1546 1937 1734 1976 Clemens
1751 1938 1817 1975 XI.
1845 1937 1882 1975 7.
1897 1937 2065 1987 August.

1104 1999 1149 2039 A.
1183 1999 1300 2040 4742.
1347 2001 1503 2051 Scripta
1532 1999 1620 2051 ejus
1649 2005 1688 2038 et
1718 2000 1827 2038 Vitae
1858 2001 2069 2050 scriptores

1105 2062 1228 2101 refert
1252 2063 1426 2103 Jacobus
1451 2062 1662 2102 Echardus
1688 2067 1784 2100 tom.
1801 2062 1836 2100 2.
1860 2061 2069 2100 Bibliothe-

1104 2136 1174 2163 cae
1206 2126 1554 2165 Dominicanorum
1587 2137 1674 2177 pag.
1696 2125 1788 2163 220.
1817 2135 1900 2174 seq.
1925 2125 1961 2162 in
1987 2125 2072 2174 qui-

1105 2187 1180 2226 bus
1204 2188 1383 2226 eminent
1412 2186 1684 2238 Epistolarum
1710 2185 1806 2225 libri
1838 2188 1874 2226 V.
1907 2188 1928 2225 a
1952 2188 2071 2225 Fran-

1103 2250 1207 2288 cisco
1232 2249 1367 2288 Gobau
1389 2249 1485 2287 editi
1502 2249 1640 2288 Antw.
1661 2249 1777 2288 4640.
1795 2250 1889 2288 4.141
1906 2249 2070 2288 bullario

1104 2312 1219 2350 Laur.
1244 2311 1463 2350 Cherubini
1491 2310 2071 2349 tom.2.exstantConstitutio-

1101 2384 1170 2412 nes
1201 2373 1298 2413 CLI.
1328 2372 1485 2412 Praoeis
1508 2371 1744 2424 procedendi
1775 2373 1812 2409 iu
1842 2372 1978 2410 Officio
2008 2373 2071 2410 ln-

1105 2437 1331 2487 quisitionis
1369 2437 1472 2475 circa
1514 2445 1658 2474 causas
1690 2434 1820 2483 Fidei,
1852 2435 1984 2472 nescio
2019 2445 2067 2471 an

1107 2499 1342 2538 edita.Bulla
1361 2498 1409 2537 de
1424 2495 1893 2537 coniirrnationeConcilii
1915 2495 2071 2534 Triden—

1108 2561 1203 2611 tini,
1242 2573 1334 2600 cum
1374 2560 1601 2599 Canonibus
1630 2563 1668 2597 et
1700 2558 1878 2596 Decretis
1908 2557 2069 2596 Concilii

1108 2625 1268 2674 saepius
1311 2623 1438 2662 lucem
1471 2621 1580 2659 vidit.
1613 2619 1860 2669 Indulgentia
1895 2619 2068 2669 plenaria

1109 2697 1178 2737 pro
1222 2696 1333 2724 sacro
1362 2684 1532 2734 generali
1579 2682 1752 2721 Concilio
1796 2681 1901 2719 Trid.
1940 2693 2071 2732 prose·

1112 2748 1269 2800 quondo
1299 2749 1408 2786 Rom.
1437 2747 1550 2785 4568.
1578 2746 1612 2783 4·
1638 2750 1678 2783 et
1706 2755 1796 2782 cum
1820 2744 1934 2782 Flacii
1961 2755 2071 2794 prae-

1112 2811 1283 2858 fatione,
1317 2809 1403 2848 vide
1425 2806 1685 2857 Ifnschuldigye
1712 2804 1971 2844 Xochrichten
1997 2817 2070 2843 von

1118 2871 1418 2923 'l'lzeoloqischen
1443 2870 1620 2918 Saclien,
1653 2871 1694 2908 A.
1728 2870 1793 2908 ’174
1812 2871 1840 2906 l.
1868 2881 1950 2918 pag.
1978 2869 2066 2906 792.

1166 2937 1259 2987 (272
1292 2938 1342 2974 l‘ii
1378 2937 1443 2974 l‘r.
1485 2935 1526 2972 V.
1573 2932 1900 2976 Constantianos,
1932 2929 2069 2968 literae

1113 3003 1149 3039 et
1167 2999 1337 3038 Decreta
1357 3000 1442 3036 eius
1465 2997 1654 3036 mandato
1672 2995 1774 3033 edita
1794 2996 1935 3032 Romar-
1955 2996 1967 3032 -1
1981 2995 2069 3031 572³.

1116 3063 1177 3101 fol.
1207 3062 1349 3099 edente
1381 3062 1534 3098 lloratio
1581 3058 1710 3096 11134140
1742 3056 1830 3094 Ant.
1864 3057 1886 3094 f.
1920 3057 2067 3094 [lettres

1113 3136 1185 3163 sur
1210 3123 1264 3162 les
1289 3122 1454 3172 alliiires
1474 3120 1698 3170 relnpiensrs
1723 3132 1766 3156 en
1788 3120 1938 3156 Franco
1963 3118 2064 3155 trad.

1110 3198 1189 3238 par
1218 3186 1263 3224 (le
1296 3182 1671 3223 I'otter.Br1i.1-elles
1707 3184 1816 3221 1327.
1843 3184 1875 3219 8.
1909 3183 1985 3229 rig.

1167 3248 1464 3289 Sclimliasmata
1511 3246 1759 3298 ‹iict‹›91·‹ipl1a
1813 3243 2064 3297 epistolarum
