2550 4009
875 208 1344 252 MATTi-IAEUS
2059 219 2109 259 33

124 282 211 323 Act.
251 281 428 321 Sanctor.
471 282 584 332 Maji:
616 285 735 333 atque
776 281 867 321 inde
909 284 1083 321 Joannes

121 347 296 398 Baptista
326 345 518 385 Carusius
547 349 642 384 tom.
675 346 711 384 2.
742 346 838 385 Bibl.
870 345 1082 384 historicae

121 409 231 459 regni
275 407 430 447 Siciliae
459 419 545 458 pag.
593 409 712 447 4089.
757 408 940 448 Italicum
984 419 1080 446 vero

121 470 374 521 originarium
414 470 579 521 Spinelli
609 481 709 522 opus
749 470 916 509 dialecto
952 469 1081 521 Apula

119 532 218 571 Lud.
250 531 451 572 Antonius
479 534 719 573 Muratorius
748 537 842 572 tom.
873 533 954 572 V11.
993 533 1081 571 the-

116 595 225 633 sauri
254 606 386 634 rerum
419 596 644 635 Italicarum
676 607 762 647 pag.
813 595 930 635 4055.
974 596 1080 635 sicut

116 657 355 697 articulatim
387 657 634 710 discerptum
672 658 837 697 dederat
865 660 924 697 Jo.
954 653 1080 698 Anto-

117 721 208 759 nius
236 719 286 759 de
326 720 564 759 Summonte
596 722 632 760 in
664 726 770 759 torno
814 721 990 760 secundo
1020 722 1078 760 hi-

116 784 261 822 storiae
303 784 584 834 Neapolitanae
613 783 719 823 edito
754 785 888 823 Italice
917 785 1077 836 Neapoli

116 846 232 886 4604.
258 845 294 885 [ι.
317 847 497 886 Censura
525 848 691 886 Joannis
725 847 917 886 Bernardi
943 848 1076 887 Tafuri

115 909 229 948 obvia
260 911 298 947 in
337 910 490 961 sylloge
520 911 583 949 cui
627 911 797 949 titulus:
829 910 1000 949 raccolta
1036 909 1075 948 di

118 972 297 1023 opuscoli
328 972 536 1012 scientifici
567 978 610 1011 et
638 973 846 1024 filologici,
877 977 984 1011 tomo
1015 984 1076 1011 se-

116 1039 184 1073 xto
213 1043 301 1086 pag.
333 1035 424 1074 309.
453 1047 538 1086 seq.
568 1036 707 1075 Venet.
740 1035 857 1075 4732.
888 1036 949 1074 42.

169 1097 271 1146 (240.
299 1097 591 1137 Commentaire
621 1109 694 1137 sur
715 1097 770 1136 les
790 1097 1073 1150 Ephemerides

115 1158 214 1198 intic.
260 1161 437 1199 Diurnali
478 1160 516 1199 di
560 1162 705 1200 Matteo
751 1161 789 1199 di
821 1161 1073 1200 Giovenazzo

108 1232 192 1272 par
219 1223 264 1260 H.
294 1223 339 1260 D.
369 1223 538 1274 Luynes.
563 1222 688 1261 Paris
718 1223 833 1262 4839.
859 1224 896 1260 in
922 1222 958 1262 lt.
985 1235 1071 1274 pag.

166 1345 462 1386 MATTHAEUS
509 1345 685 1386 Udalrici
727 1349 769 1386 F.
805 1358 944 1398 supra,
975 1347 1076 1386 Μαι-

109 1408 254 1454 ,ἰήαθυε
282 1408 329 1448 de
358 1409 636 1461 Pappenheim.

163 1472 602 1524 MATTHAEUScppido
616 1473 765 1512 Galliae
781 1471 1075 1512 deocz·nensz·s

109 1535 322 1583 oriundus,
339 1535 608 1586 laudatusque
631 1537 798 1574 Henrico
815 1535 1073 1575 Gandavensi

108 1609 143 1637 c.
173 1598 237 1637 23.
267 1599 335 1649 qui
365 1598 669 1637 Bartholomaeo
699 1599 921 1638 Turonensi
952 1597 1001 1636 ab
1025 1597 1072 1635 A.

107 1661 226 1701 4477.
256 1661 306 1701 ad
336 1662 452 1701 4206.
482 1662 519 1711 a)
565 1661 903 1712 Archiepiscopo,
938 1657 1087 1698 Tobiass

107 1723 194 1763 dem
224 1736 339 1765 suam
371 1726 458 1763 sive
486 1724 755 1776 Metaphrasin
786 1724 873 1763 libri
903 1724 1070 1771 Tobiae,

106 1787 293 1826 versibus
322 1787 509 1838 elegiacis
539 1789 728 1838 scriptam
761 1787 974 1836 dedicavit,
1007 1797 1076 1824 ne-

106 1851 280 1889 cessario
304 1849 492 1889 diversus
523 1849 818 1889 existimandus
848 1854 911 1888 est
936 1851 958 1888 a
977 1851 1075 1888 Mat-

105 1913 252 1963 thae0,
284 1913 461 1953 Custode
500 1915 612 1965 regni
658 1913 808 1952 Galliae
839 1913 915 1952 sub
947 1912 1075 1952 Ludo-

110 1977 199 2015 vico
228 1987 332 2014 nono
353 2005 362 2025 ,
390 1981 530 2016 sancto
560 1975 711 2016 Galliae
735 1978 840 2028 Rege
862 2006 870 2024 ‚
889 1980 930 2014 et
954 1975 1002 2014 ab
1028 1975 1075 2014 A.

107 2039 222 2078 4260.
248 2039 402 2078 Abbate
431 2039 470 2077 S.
499 2041 677 2090 Dionysii
709 2039 747 2088 b)
778 2040 816 2077 in
841 2051 962 2090 quem
993 2040 1074 2090 epi-

105 2101 287 2152 taphium
319 2114 383 2141 an.
415 2104 533 2142 4286.
563 2102 667 2152 quod
700 2103 863 2153 incipit:

119 2174 180 2205 Hic
201 2174 292 2213 jacet
317 2173 485 2205 Abbatum
508 2173 683 2214 speculum
706 2172 853 2213 speciale
876 2172 1068 2212 probatum,

119 2225 184 2261 Qui
207 2223 301 2256 dedit
323 2224 498 2256 Ecclesiae
520 2231 682 2263 magnum
705 2224 832 2254 virtute
854 2222 1020 2259 decorem,

119 2273 388 2314 archiepiscopii
411 2275 524 2306 renuit
550 2275 754 2304 Turonensis
778 2274 939 2305 honorem
962 2276 1025 2305 etc.

104 2335 250 2374 Parum
280 2334 469 2373 credibile
502 2336 639 2385 utique
669 2333 773 2384 quod
820 2333 1004 2373 Oudinus
1043 2336 1069 2369 t.

104 2396 140 2434 3.
170 2409 210 2448 p.
240 2397 330 2435 483.
374 2396 582 2447 disputat,
613 2396 825 2435 Tobiadem
869 2395 1071 2434 Bartholo-

102 2470 215 2499 maeo
246 2458 418 2498 dicatam
451 2470 542 2497 esse
572 2458 727 2510 pridem
769 2458 985 2506 defuncto,
1028 2458 1073 2496 Ji-

103 2523 317 2572 centiaque
362 2521 515 2572 poetica
554 2532 575 2559 a
612 2520 810 2560 Matthaeo
859 2521 1072 2558 honoratos

102 2583 191 2634 ejus
235 2593 377 2621 manes
420 2587 611 2633 tanquam
656 2583 739 2619 vivi
779 2594 823 2620 ac
867 2583 1072 2632 spirantis.

103 2645 226 2686 Aliud
263 2645 381 2695 longe
411 2645 590 2683 tinniunt
620 2644 742 2682 verba
773 2644 920 2694 quibus
958 2644 1070 2682 illum

106 2708 324 2759 alloquitur
353 2705 462 2745 hunc
493 2707 530 2744 in
563 2705 744 2745 modum:

138 2777 309 2811 Ecclesiae
332 2778 535 2809 Turonensis
559 2785 642 2816 apex
661 2800 669 2815 ‚
695 2777 808 2808 ovium
832 2775 1019 2817 speculator
1037 2800 1046 2814 ,

159 2830 199 2860 nt
221 2827 407 2868 speculum.
431 2826 563 2866 praesul
587 2825 841 2858 Bartholomaeo
866 2827 949 2858 save.

105 2882 146 2917 et
174 2889 267 2917 cum
298 2877 346 2916 de
376 2877 623 2928 Engelbaldo
652 2878 839 2928 praesule
863 2878 940 2916 An.
967 2878 1070 2917 4457

111 2940 300 2980 defuncto
329 2940 529 2979 avunculo
558 2939 738 2989 ejusdcm
771 2939 968 2979 dixisset:

141 3013 237 3043 Hunc
252 3019 308 3043 rea
327 3017 416 3041 mors
435 3012 558 3049 rapuit,
578 3012 674 3042 cuius
693 3010 913 3050 dignissimus
941 3012 1055 3044 haeres

161 3062 298 3092 Tractas
317 3061 458 3091 emerita
483 3064 615 3100 sceptra
639 3064 780 3100 paterna
804 3070 918 3093 manu.

108 3113 228 3152 Porro
258 3110 466 3160 subjungit
487 3124 494 3148 :

143 3176 240 3213 Vive,
262 3173 350 3212 vale,
373 3173 473 3205 decus
502 3171 683 3213 Ecclesiae,
705 3172 844 3213 dispone
868 3177 1017 3213 precanti

163 3331 198 3373 a)
228 3333 477 3364 sammarthani
503 3334 594 3363 Tom.
616 3330 646 3361 1-
668 3308 742 3372 pag.
762 3332 834 3364 770.
860 3341 928 3374 seq.

163 3383 197 3417 ai
223 3383 307 3417 Vide
323 3383 545 3417 Felibleniuin
568 3383 653 3414 libro
672 3385 706 3414 v.
727 3382 888 3415 historiae
912 3385 1072 3418 abbatiae

1210 285 1347 315 Portum
1364 307 1373 323 ‚
1395 285 1608 326 naufragium
1632 287 1728 327 pelle,
1756 288 1888 320 medere
1910 291 1987 321 rati.

1190 334 1325 373 Suscipe
1341 335 1463 367 Tobiae
1486 338 1613 376 titulos,
1635 346 1710 369 cum
1733 338 1833 370 fratre
1859 341 2002 378 Decano,

1211 386 1248 415 Ut
1273 384 1428 416 timidum
1454 385 1577 426 duplex
1601 387 1694 419 steila
1719 392 1850 420 serenet
1875 391 1949 420 iter.

1189 434 1323 465 Gaudeo
1349 435 1420 466 luce
1445 444 1531 466 nova
1554 445 1611 469 vos
1635 438 1884 478 praelucescere
1911 444 1975 471 etc.

1191 485 1299 514 vivite
1323 483 1434 516 felices
1460 484 1592 525 fratres,
1615 496 1696 527 qoos
1711 497 1853 528 corpore
1875 489 1945 521 solo

1207 535 1287 565 Esse
1303 533 1399 573 duos,
1422 538 1537 568 eadem
1561 545 1653 570 mens
1678 539 1797 578 probat
1819 548 1889 572 esse
1911 541 1994 573 duos
2017 545 2081 574 etc.

1208 604 1326 643 Certe
1345 605 1463 654 igitur
1481 605 1668 645 diversus
1685 609 1707 646 a
1722 608 1866 647 Tobiae
1884 609 2110 660 metaphra-

1153 670 1215 704 ste
1259 667 1549 707 MATTHAEUS
1592 670 1631 708 S.
1672 670 1839 709 Dz‘om'sz'i
1877 670 2038 722 Abbas,
2062 672 2111 712 ad

1152 740 1271 778 quem
1302 729 1503 782 Epistolae
1522 732 1558 770 S.
1583 732 1771 771 Ludovici
1802 735 1894 771 noni
1924 735 1969 773 Α.
1995 735 2114 774 4270.

1152 791 1330 831 defuncti
1361 797 1400 831 et
1430 796 1677 833 successoris
1720 800 1807 845 ejus
1839 797 2000 848 Philippi
2033 803 2114 838 ter-

1151 855 1222 903 tii,
1243 859 1284 893 et
1304 854 1471 894 Abbatis
1496 856 1545 895 ad
1574 857 1798 909 Philippum
1822 860 1941 908 hunc,
1964 861 2113 900 Galliae

1149 919 1295 968 Regem
1328 920 1393 969 qui
1425 930 1529 957 anno
1559 932 1638 958 uno
1668 926 1761 959 ante
1785 922 1977 960 Abbatem
2004 924 2112 962 obiit.

1149 981 1323 1019 Exstant
1354 982 1554 1032 Epistulae
1579 983 1668 1023 illae
1697 983 1801 1035 apud
1826 985 2061 1024 Dacherium
2087 992 2112 1025 t.

1150 1044 1186 1082 2.
1217 1044 1410 1095 spicilegii
1443 1057 1479 1094 p.
1511 1045 1601 1084 548.
1635 1057 1718 1096 seq.
1750 1053 1790 1085 et
1819 1053 1914 1086 tom.
1946 1050 1980 1087 3.
2016 1049 2109 1087 edit.

1150 1117 1276 1146 novae
1318 1119 1406 1158 pag.
1452 1109 1541 1146 663.
1573 1109 1663 1147 664.
1693 1110 1784 1148 666.
1815 1112 1904 1149 669.
1951 1111 2040 1149 670.
2072 1116 2112 1150 et

1142 1170 1245 1208 Petri
1285 1170 1334 1208 de
1364 1170 1543 1210 Coudeto
1575 1171 1623 1210 ad
1654 1173 1825 1211 eundem
1867 1174 2112 1213 Matthaeum

1149 1244 1235 1284 pag.
1267 1232 1354 1271 667.
1386 1233 1434 1272 de
1474 1245 1568 1285 pace
1607 1236 1702 1274 inita
1732 1247 1823 1274 cuin
1856 1237 1960 1287 Rege
1991 1238 2110 1275 Tuni-

1148 1297 1272 1333 censi.
1301 1297 1452 1334 Auctor
1480 1308 1576 1335 vero
1609 1296 1819 1346 Tobiadis,
1849 1311 1967 1349 quam
2008 1299 2109 1338 male

1153 1356 1383 1396 Thebazdem
1414 1359 1551 1397 dixere
1578 1361 1770 1407 nonnulli,
1794 1366 1968 1400 testatus
1994 1374 2036 1400 se
2058 1374 2109 1400 cx

1149 1421 1271 1460 latina
1301 1423 1528 1472 Hieronymi
1560 1424 1820 1462 translatione
1842 1424 2106 1474 Metaphrasin

1149 1485 1265 1523 istam
1298 1495 1431 1522 suam:
1462 1484 1688 1523 condidisse
1714 1486 1814 1524 Libri
1847 1487 2016 1526 Tobiae:

1182 1558 1220 1586 Ut
1246 1563 1340 1588 saera
1366 1556 1560 1594 Hieronymi
1587 1555 1690 1587 tradit
1715 1557 1915 1594 translatio,
1939 1566 2072 1597 prosam

1203 1607 1443 1645 Quaiicunque
1464 1610 1572 1638 metro
1600 1607 1855 1638 vindocinensis
1871 1612 1954 1639 arat.

1152 1675 1204 1714 Et
1234 1675 1386 1724 aliquot
1416 1675 1602 1714 versibus
1632 1676 1898 1726 interpositis:

1184 1744 1355 1776 Transsert
1376 1747 1611 1784 Hieronymus,
1634 1748 1771 1787 exponit
1794 1747 1892 1784 Beda,
1917 1746 2085 1780 Mathaeus

1202 1795 1390 1834 Metrificat,
1411 1796 1568 1836 reprobat
1585 1796 1682 1835 livor,
1707 1799 1837 1828 amicus
1862 1796 1975 1829 habet.

1146 1853 1281 1905 Atque
1312 1856 1349 1892 in
1383 1856 1560 1906 Epilogo:

1310 1951 1320 1959 .
1364 1928 1428 1957 Has
1452 1927 1543 1958 sonte
1573 1927 1661 1959 beati

1183 1978 1374 2016 Hieronymi
1399 1985 1556 2017 praesens
1583 1986 1702 2009 urceus
1725 1977 1863 2009 bahurit
1885 1986 2001 2018 aquas.

1147 2038 1390 2076 Memoratur
1420 2038 1724 2076 vindocinensis
1749 2039 1798 2077 ab
1821 2040 1988 2078 chrico
2008 2040 2111 2078 Gan-

1148 2098 1341 2148 davensi,
1373 2100 1470 2138 libro
1500 2100 1548 2139 de
1580 2102 1677 2138 viris
1715 2101 1937 2140 illustribus
1967 2114 2003 2152 p.
2037 2103 2109 2140 466

1147 2172 1232 2212 cap.
1265 2162 1330 2201 23.
1361 2163 1517 2202 Citatur
1547 2175 1566 2201 a
1599 2165 1806 2202 Vincentio
1835 2165 2108 2203 Bellovacensi

1147 2225 1185 2262 in
1212 2226 1374 2275 speculo
1390 2226 1538 2274 Morali,
1555 2231 1595 2265 et
1611 2226 1659 2265 ab
1674 2228 1828 2277 aequali
1853 2229 1938 2266 eius
1960 2228 2109 2266 Thoma

1147 2287 1339 2327 Walleis:
1371 2288 1557 2339 Allegant
1599 2301 1691 2327 eum
1730 2290 1940 2340 aliquoties
1970 2295 2108 2329 auctor

1145 2351 1286 2389 florum
1317 2352 1592 2400 Poeticorum,
1625 2364 1701 2390 non
1733 2353 1887 2391 Alanus
1917 2352 2105 2402 quidem,

1145 2418 1189 2452 ut
1210 2416 1342 2452 visum
1365 2415 1538 2463 Bartbio,
1565 2415 1632 2453 sed
1652 2414 1787 2465 junior
1813 2415 1988 2466 quidam,
2013 2416 2107 2452 item

1144 2477 1349 2528 Sparanus
1381 2479 1417 2515 in
1445 2479 1620 2516 Rosario.
1653 2478 1804 2517 Laudat
1835 2480 1917 2529 ipsc
1947 2477 2108 2515 Gualte-

1145 2551 1233 2578 rum
1259 2541 1494 2590 scriptorem
1513 2539 1839 2585 Alexandreidos,
1865 2539 1913 2576 de
1939 2550 2016 2588 quo
2041 2549 2106 2576 su-

1144 2613 1212 2652 pra
1244 2606 1339 2639 tom.
1365 2601 1399 2638 3.
1431 2613 1516 2651 pag.
1545 2601 1631 2639 406.
1670 2599 1780 2638 Vobis
1816 2602 2104 2638 Heoeametrum

1145 2663 1247 2702 (lesit
1262 2663 1498 2708 Galtcridos,
1520 2662 1586 2699 ute?
1602 2661 1862 2700 Pentametris
1883 2660 1998 2711 ele91's
2019 2661 2105 2699 1'1'11-

1146 2725 1367 2765 docz'nenszs
1407 2728 1527 2762 amal.
1563 2724 1755 2774 Ejusdem
1786 2724 1971 2763 Matthaei
2013 2725 2104 2761 Poe-

1148 2788 1226 2826 te'ca
1249 2789 1335 2826 sive
1365 2787 1550 2837 Poetria,
1574 2792 1614 2826 ut
1643 2792 1727 2825 tum
1760 2787 1968 2833 vocabant,
1999 2797 2101 2836 quac

1146 2854 1278 2903 ignota
1308 2852 1477 2890 caeteris
1496 2880 1504 2895 ,
1535 2851 1663 2888 soluta
1695 2852 1855 2899 partim⁷
1886 2850 2027 2899 partim
2060 2849 2102 2886 li-

1146 2919 1235 2964 gata
1265 2915 1441 2952 oratione
1474 2913 1658 2951 laudatur
1689 2924 1763 2950 non
1796 2913 1918 2950 semei
1944 2911 1991 2949 ab
2018 2912 2103 2950 llie—

1144 2979 1267 3016 remia
1305 2977 1353 3015 dc
1386 2978 1676 3025 Montagnone,
1702 2977 1789 3013 cive
1829 2975 2029 3020 l‘aduano,
2062 2976 2099 3012 in

1144 3041 1324 3091 Epitoma
1357 3040 1595 3089 sapientiae,
1627 3039 1681 3076 uti
1708 3037 1822 3074 docet
1847 3038 2034 3075 Daumius
2060 3038 2097 3074 in

1143 3103 1384 3155 praefatione
1414 3101 1459 3140 ad
1493 3101 1718 3148 Hieronymi
1763 3100 1898 3136 Graeci
1938 3102 2101 3146 φιλοπο-

1143 3169 1237 3204 νὶαν.
1269 3167 1370 3203 llaec
1409 3165 1562 3202 Poctria
1595 3163 1649 3201 uti
1684 3169 1723 3199 et
1763 3162 1954 3212 scriptum
1993 3162 2098 3200 aliud

1134 3340 1164 3368 S.
1198 3336 1332 3374 Dionysi
1351 3349 1359 3365 .·
1379 3333 1652 3366 Saniinarilianos
1670 3335 1760 3364 Toni.
1781 3332 1812 3364 4.
1831 3341 1903 3374 pag.
1927 3333 1998 3365 556.
2022 3335 2104 3363 San-

1134 3387 1227 3418 dium
1247 3386 1287 3417 ad
1304 3385 1410 3415 vossii
1428 3391 1500 3423 pag.
1518 3384 1590 3414 805.
