2566 4009
768 277 1309 323 MARCELmNUs
1553 317 1560 324 ‚
1996 271 2047 314 1⁸3

66 361 145 400 ClS
173 360 206 408 a)
237 358 394 397 nominc
426 357 555 395 lucem
588 355 687 394 vidit
715 356 736 395 e
777 353 1017 394 Bibliotheca

66 424 109 461 D.
141 420 300 460 Henrici
326 418 561 462 Rantzovii,
593 418 787 456 Sereniss.
815 418 1016 456 Dacorum

66 485 183 535 Regis
209 494 277 534 per
297 481 510 521 Holsatiam
537 480 866 520 etDietmarsiam
884 478 1013 527 legati,

64 550 230 586 curante
256 543 422 584 ilenrico
438 543 607 581 Mollcro.
635 542 812 581 Lubecae
838 539 954 579 4575.
979 539 1015 577 8.

66 607 169 659 apud
193 606 386 646 Joannem
412 604 679 651 Balhornium‚
701 614 745 642 ac
767 612 934 641 recusus
960 601 1020 639 Li-

64 670 172 720 psiae
198 669 312 708 4585.
338 667 374 705 4.
398 667 582 705 Pluribus
606 670 742 716 postea
781 675 900 715 quam
927 674 1020 702 cen-

65 735 150 770 tum
173 731 289 769 annis
311 727 528 778 interjectis
548 728 587 765 V.
610 727 654 765 C.
678 726 848 766 Jacobus
870 725 1021 764 Grono-

65 794 156 832 vius
184 791 230 831 ad
256 791 405 830 calcem
447 789 775 839 Dactyliothecae·
804 788 1016 827 Abrahami

63 854 217 894 Gorlaei
239 853 357 900 Lugd.
376 854 460 891 Bat.
478 852 579 891 4695
600 852 633 889 4.
655 850 778 889 edidit
799 850 1017 901 expolitum

67 927 88 955 a
109 927 152 955 se
172 914 447 955 MARBODAEI
471 914 569 952 Galli
596 914 736 952 Poetae
761 913 910 951 vetusti
935 924 1021 950 cai·-

65 990 156 1017 men
181 977 229 1017 de
253 978 422 1029 gemmis
442 1006 450 1023 ,
474 982 636 1015 auctum
664 977 701 1013 in
728 975 805 1013 fine
837 975 1020 1013 versibus

63 1041 202 1080 XClll.
227 1043 268 1078 et
292 1039 524 1089 praemissis
548 1037 704 1077 duabus
724 1037 914 1088 Epistolis
939 1048 1018 1075 una

63 1108 254 1153 tanquam
293 1101 435 1139 Tiberii
464 1100 512 1139 ad
545 1101 721 1139 Evacem
758 1100 794 1148 b)
828 1104 868 1137 et
897 1099 1020 1138 altera

61 1165 210 1204 Evacis
225 1162 272 1202 ad
289 1162 500 1201 Tiberium.
519 1163 697 1212 Denique
716 1161 1015 1212 Beaugendrius

63 1226 216 1265 collatis
237 1223 477 1263 editionibus
502 1228 541 1261 et
572 1223 782 1261 Codicihus
805 1224 1022 1261 Manuscri-

61 1290 139 1340 ptis
155 1287 350 1325 recensito
368 1292 546 1324 veterem
563 1285 753 1323 Gallicam
770 1284 922 1323 addidit
941 1295 1022 1322 me-

60 1348 264 1400 taphrasin
286 1348 461 1386 auctoris
480 1358 556 1384 non
583 1347 709 1385 multo
730 1357 849 1396 quam
872 1346 1022 1384 Marbo-

62 1410 163 1450 deus
194 1410 268 1448 fuit.
283 1408 455 1461 junioris
471 1439 482 1456 ,
514 1420 616 1459 quae
642 1410 780 1458 incipit
799 1422 805 1446 :

199 1491 291 1521 Evax
311 1488 362 1519 sut
384 1497 430 1520 un
455 1490 560 1520 multe
582 1487 673 1520 riche
699 1489 774 1519 [teis

146 1576 149 1580 .
199 1541 248 1571 Lu
270 1546 371 1579 regne
395 1540 462 1570 tint
487 1540 545 1571 des
568 1539 718 1570 Arabais.

115 1607 278 1647 Addidit
301 1608 420 1646 etiam
451 1618 538 1658 pag.
572 1607 686 1645 4679.
718 1606 890 1645 Marbodi
932 1618 1023 1646 car—

65 1670 172 1710 mina
195 1669 242 1709 de
257 1670 343 1709 ΧΙῙ.
361 1668 561 1721 lapidibus
572 1669 762 1721 pretiosis
779 1670 1018 1721 Apocalyps.

66 1735 174 1782 XXI,
203 1734 264 1773 49.
289 1744 461 1783 quorum
494 1733 670 1771 initium:
702 1731 818 1772 Cives
847 1731 1022 1771 coelestis

62 1796 222 1848 patriae
245 1797 339 1847 Re9i
358 1806 499 1846 reyum
530 1794 746 1834 concinite:
770 1801 809 1834 et
834 1808 871 1847 p.
903 1796 1019 1836 4684.

66 1860 240 1910 prosario
269 1869 454 1897 sermone
484 1857 701 1896 eorundem
732 1856 909 1910 lapidum
938 1871 1030 1910 pre-

68 1920 258 1960 tiosorum
291 1920 498 1973 mysticam
529 1931 600 1959 seu
635 1920 828 1959 moralem
847 1921 1024 1974 applica-

75 1983 228 2023 tionem.

120 2047 183 2097 24)
208 2048 300 2086 Post
323 2046 494 2085 indicem
519 2051 720 2097 postremo
738 2047 822 2086 loco
843 2049 1026 2098 sequitur

67 2107 333 2161 Metaphrasis
359 2108 512 2148 Cantici
529 2108 784 2148 canticorum
801 2123 810 2148 ;
833 2111 955 2160 Incip.

102 2191 206 2227 Quem
229 2190 307 2220 sitio
331 2190 429 2227 votis,
453 2197 544 2221 nunc
568 2189 683 2220 oscula
708 2191 858 2229 porrigat
875 2191 957 2221 oris.

119 2258 176 2296 De
201 2258 274 2297 hac
295 2258 526 2308 Sigebertus
545 2268 577 2296 c.
599 2260 685 2297 458.
704 2257 934 2309 Mai-boelus,
951 2261 1029 2299 Re-

65 2318 248 2359 doriensis
268 2320 497 2376 EpiscopuS,
523 2320 689 2360 Cantica
706 2322 952 2361 canticoram
976 2322 1030 2362 ad

67 2385 262 2433 mteyram
284 2382 470 2434 exposuit
494 2383 657 2421 metrico
673 2383 804 2434 lepore
828 2389 867 2423 et
885 2384 1031 2436 alleqo·

67 2443 172 2482 riam
183 2455 400 2491 exornans,
416 2445 567 2484 Laudat
588 2447 882 2486 etTrithemius
900 2459 932 2486 c.
952 2449 1028 2486 339

124 2506 409 2545 Desiderantur
425 2508 462 2544 in
481 2508 925 2558 Beaugendriieditione
947 2511 1031 2548 Vita

68 2569 109 2607 S.
133 2567 273 2607 Aleaeii
289 2568 564 2616 Confessoris,
590 2570 665 2607 sub
698 2570 821 2608 seculi
849 2571 892 2608 V.
920 2572 1026 2610 initia

66 2632 236 2680 Romae,
267 2630 330 2668 vel
374 2629 550 2669 Edessae
583 2632 619 2669 in
653 2632 795 2682 Syria,
827 2643 931 2681 quae
961 2644 1030 2670 ex-

66 2697 147 2732 stat
178 2694 215 2730 in
247 2693 359 2731 Actis
403 2693 583 2732 Sanctor.
615 2698 712 2732 tom.
745 2694 805 2732 lv.
837 2694 930 2733 Julii
962 2694 1023 2733 47.

71 2766 158 2807 pag.
189 2755 266 2793 264
297 2755 390 2796 256.
423 2755 589 2806 Incipit:

168 2822 347 2866 praestans
372 2836 537 2875 magnatis
554 2843 702 2866 summae
720 2837 770 2866 vir
789 2835 974 2867 nobilitatis

165 2886 344 2916 Stemmata
366 2886 535 2916 Romanus
554 2885 722 2917 effulserat
738 2886 974 2918 Eulemianus.

131 2962 219 3001 Vita
251 2962 293 3001 S.
319 2960 502 3001 Gualteri
523 2974 594 3002 seu
634 2963 841 3013 Gauteriz',
868 2966 1031 3004 Abbatis

68 3029 110 3064 et
130 3025 316 3065 Canonici
348 3024 567 3075 Stirpensis
593 3027 629 3063 in
650 3025 819 3066 dioecesi
847 3029 1030 3066 Lemovi—

123 3167 158 3208 a)
175 3167 241 3199 Sub
259 3166 392 3198 Evacis
411 3167 546 3197 nomine
560 3165 684 3197 laudari
704 3168 744 3198 ab
762 3170 904 3200 ilenrico
920 3169 1039 3200 Modio-

67 3218 198 3251 lanensi
214 3241 224 3256 ‚
256 3217 386 3248 notavit
416 3215 569 3246 Bai-thius
592 3224 667 3256 pag.
690 3217 762 3248 704.
792 3217 833 3248 ad
864 3219 1037 3251 Claudian-

64 3269 158 3308 Apud
183 3267 354 3299 Albcrturn
381 3267 537 3305 Magnum
555 3289 564 3303 ,
590 3267 800 3297 vincentium
825 3268 1036 3300 Bellovaccn-

67 3327 136 3352 sem
150 3318 299 3358 aliosque
314 3317 406 3348 venit
422 3317 555 3347 nomine
570 3315 737 3346 Lithiarii
749 3319 817 3348 sive
832 3318 1035 3358 Lapidaria-

1091 351 1229 396 censi,
1259 351 1325 400 qui
1357 361 1419 388 an.
1448 350 1548 388 4070
1571 350 1665 388 obiit
1686 363 1692 387 ς
1717 352 1850 387 exstat
1876 349 2051 399 prosario

1092 423 1278 451 sermons.¹
1309 423 1329 450 a
1359 411 1542 450 Marbodo
1580 412 1799 463 composita
1832 411 1868 447 in
1910 409 2048 447 iisdem

1092 475 1205 513 Actis
1237 479 1332 512 tom.
1364 475 1399 512 2.
1430 473 1517 523 Maji
1550 475 1616 512 XI.
1650 487 1735 525 pag.
1766 474 1836 512 704
1875 472 1964 510 706.

1154 537 1239 576 Vita
1263 538 1304 575 S.
1330 537 1363 574 F
1367 535 1509 574 lorenzi
1531 536 1739 587 illartyris,
1766 545 1886 586 quam
1911 544 2052 584 exspe-

1093 603 1200 638 ctare
1225 598 1417 649 jubemur
1441 597 1489 636 ad
1515 598 1579 635 22.
1600 598 1860 648 Septembris.

1147 662 1187 700 S.
1215 660 1573 700 MARCELLINUS
1599 661 1828 706 humanm,
1870 660 1971 709 Papa
2002 657 2052 709 ab

1094 736 1158 763 an.
1187 724 1265 762 296
1296 723 1356 762 30.
1389 724 1481 760 Jun.
1512 722 1560 761 ad
1587 734 1651 760 an.
1684 722 1771 761 304.
1798 722 1955 761 Octobr.
1987 721 2051 758 24.

1094 786 1143 824 de
1173 797 1251 836 quo
1280 786 1380 824 Acta
1411 785 1593 823 Sanctor.
1625 788 1720 821 tom.
1752 784 1816 822 lll.
1848 784 1910 821 ⁶26.
1940 784 2054 834 Apri-

1095 849 1144 887 lis
1168 860 1256 899 pag.
1288 847 1365 886 442
1396 859 1480 897 seq.
1512 847 1574 885 ubi
1607 845 1859 884 thurificasse
1892 847 1983 893 Diis,
2010 846 2056 883 li-

1094 912 1267 961 brosque
1298 921 1434 949 sacros
1465 909 1676 948 tradidisse
1708 909 1745 946 in
1777 909 2053 959 persecutione

1095 973 1388 1019 Diocletianea‚
1415 971 1483 1010 sed
1516 973 1646 1023 egisse
1677 970 1820 1009 deinde
1852 972 2056 1021 poeniten-

1096 1039 1190 1075 tiam
1217 1039 1257 1074 et
1281 1035 1513 1085 Martyrium
1540 1034 1685 1072 obiisse
1711 1033 1893 1072 traditur.
1923 1033 2056 1079 Quan-

1097 1110 1217 1149 quam
1250 1099 1391 1136 Petrus
1420 1097 1618 1136 Constant
1650 1097 1686 1134 in
1709 1096 1898 1147 Epistolis
1925 1097 2055 1134 Ponti-

1099 1162 1218 1199 ficum
1245 1171 1331 1211 pag.
1364 1159 1440 1198 340
1466 1164 1593 1197 totum
1620 1157 1715 1197 illud
1739 1158 1788 1196 de
1819 1158 1931 1208 lapsu
1957 1158 2056 1196 Mar-

1097 1223 1255 1269 cellini,
1287 1221 1459 1260 fabulam
1505 1232 1595 1259 esse
1625 1223 1648 1259 a
1693 1221 1909 1258 Donatistis
1941 1230 2058 1258 exco-

1096 1286 1259 1336 gitatam
1278 1284 1416 1334 probat
1435 1295 1485 1321 ex
1503 1283 1741 1333 Augustino,
1759 1286 1799 1320 et
1821 1281 2061 1321 Sin-nessani

1098 1348 1135 1384 in
1167 1347 1382 1396 Campania
1427 1345 1590 1385 Concilii
1634 1345 1733 1383 Acta
1762 1344 1812 1383 de
1841 1344 2056 1382 Marcellini

1096 1409 1456 1455 condemnatione,
1501 1419 1602 1458 quae
1647 1407 1811 1445 exhibet
1853 1408 1972 1444 etiam
2019 1408 2057 1443 in

1096 1470 1316 1522 appendice
1348 1482 1433 1521 pag.
1456 1471 1519 1508 29.
1546 1471 1751 1520 supposita
1774 1480 1863 1507 esse
1890 1480 1965 1507 non
1987 1468 2059 1507 du-

1097 1535 1221 1573 bitat:
1266 1544 1368 1584 quae
1400 1534 1520 1571 etiam
1560 1537 1623 1570 est
1667 1533 1867 1570 sententia
1909 1531 2058 1569 Natalis

1097 1597 1212 1635 Alex.
1258 1594 1512 1646 Papebrochii
1563 1596 1599 1631 in
1631 1594 1844 1644 propylaeo
1873 1592 1921 1631 ad
1958 1593 2058 1632 Acta

1100 1659 1280 1698 Sanctor.
1306 1658 1393 1708 Maji
1424 1669 1512 1708 pag.
1541 1656 1604 1695 43.
1633 1657 1794 1694 Antonii
1825 1657 1914 1706 Pagi
1945 1656 1992 1694 ad
2014 1657 2062 1694 A.

1102 1722 1190 1760 30⁶2.
1217 1734 1256 1760 n.
1292 1722 1352 1760 48.
1383 1731 1468 1770 seq.
1499 1719 1740 1758 Tillemontii
1773 1721 1817 1757 T.
1846 1718 1890 1756 V.
1914 1730 2064 1757 memo-

1100 1786 1190 1823 riar.
1223 1796 1310 1836 pag.
1337 1784 1427 1823 643.
1454 1787 1494 1822 et
1523 1783 1662 1820 Norisii
1686 1781 1908 1821 Cardinalis
1938 1787 1965 1820 t.
1997 1783 2059 1821 IV.

1103 1848 1202 1899 Opp.
1234 1859 1317 1898 pag.
1352 1848 1426 1886 4⁶28
1457 1857 1541 1896 seq.
1572 1843 1770 1897 Epistolae
1796 1844 1898 1883 duae
1922 1846 2064 1884 Decre-

1105 1909 1232 1958 tales⁷
1268 1921 1348 1948 una
1384 1909 1438 1948 ad
1473 1907 1718 1948 Salomonem
1759 1907 1995 1960 Episcopum
2024 1912 2064 1946 et

1103 1973 1228 2011 altera
1252 1971 1307 2010 ad
1328 1972 1543 2024 Episcopos
1562 1982 1639 2022 per
1662 1969 1884 2009 Orientales
1899 1971 2066 2021 provin-

1104 2035 1188 2074 cias
1212 2035 1442 2073 constitutos
1480 2034 1693 2073 exhibetur
1723 2039 1762 2072 et
1794 2033 1943 2072 fraudis
1973 2044 2065 2071 con-

1105 2103 1209 2137 Victa
1227 2098 1405 2148 rejicitur
1422 2099 1444 2136 a
1464 2097 1667 2136 Blondello
1685 2098 1722 2135 in
1741 2096 2063 2135 Pseudo-Isidoro

1108 2171 1198 2211 pag.
1225 2161 1315 2199 389.
1346 2171 1436 2211 seq.

1156 2222 1394 2261 Ammianus
1423 2221 1805 2270 MARCELLINb'S,
1834 2221 1882 2260 de
1913 2232 1990 2272 quo
2021 2222 2059 2259 in

1104 2285 1204 2323 Bibl.
1236 2287 1375 2324 Latina
1406 2287 1471 2324 111.
1503 2286 1565 2324 42.

1160 2349 1197 2386 S.
1223 2348 1578 2387 MARCELLINUS
1602 2349 1689 2386 sive
1725 2346 2066 2387 MARCHELMUS

1104 2410 1339 2461 Briyantius
1361 2411 1515 2461 Anglus
1537 2410 1751 2460 Presbyter
1780 2416 1820 2448 et
1849 2410 2065 2449 Monachus

1104 2471 1395 2521 Eboracensz's,
1426 2475 1464 2512 S.
1498 2473 1741 2511 Willibrordi
1777 2473 1999 2522 discipulus
2029 2475 2061 2519 c)

1105 2537 1143 2573 in
1175 2537 1384 2583 Hibernia,
1416 2548 1461 2575 ac
1492 2535 1635 2574 deinde
1673 2536 1842 2583 Trajecti
1875 2540 1962 2585 post
1990 2536 2063 2572 An.

1104 2598 1180 2636 720
1207 2597 1377 2636 traditur
1407 2599 1577 2647 scriptor
1605 2597 1709 2634 Vitae
1732 2598 1773 2634 S.
1794 2594 2065 2634 SvibertiFri-

1107 2660 1256 2697 siorum
1304 2659 1510 2709 Apostoli,
1542 2669 1643 2708 quae
1681 2662 1816 2695 exstat
1845 2657 1947 2707 apud
1993 2658 2066 2696 Su-

1107 2723 1209 2760 rium
1245 2722 1277 2759 4.
1324 2722 1448 2760 Martii
1481 2726 1521 2759 et
1565 2720 1793 2758 defenditur
1822 2720 1870 2758 ab
1913 2719 2065 2769 AEgidio

1105 2784 1268 2823 Gelenio
1291 2785 1328 2822 in
1359 2785 1501 2834 clypeo
1533 2784 1785 2822 Svibertino:
1817 2782 1884 2820 scd
1922 2794 2066 2833 suppo-

1106 2848 1180 2884 sita
1205 2846 1240 2895 d)
1267 2848 1446 2897 arguitur
1465 2846 1603 2884 multis
1627 2847 1874 2895 argumentis
1897 2845 1944 2883 ab
1967 2846 2066 2883 ilen-

1106 2909 1269 2947 schenio
1318 2913 1411 2947 tom.
1447 2911 1480 2947 4.
1513 2909 1599 2947 Act.
1627 2909 1804 2947 Sanctor.
1831 2909 1953 2946 Martii
1979 2919 2062 2957 pag.

1107 2972 1156 3010 70
1189 2983 1272 3022 seq.
1304 2977 1343 3008 et
1373 2977 1467 3008 tom.
1500 2971 1533 3009 3.
1562 2972 1625 3009 ubi
1651 2963 1699 3008 dc
1722 2971 1759 3008 S.
1788 2969 1981 3019 Luidgero
1998 2971 2060 3008 26.

1105 3035 1230 3074 Martii
1256 3045 1342 3086 pag.
1371 3035 1447 3073 638
1472 3045 1554 3084 seq.
1587 3034 1627 3071 ln
1663 3032 1780 3070 huius
1806 3033 1911 3070 vit-ac
1935 3034 2063 3083 capite

1102 3168 1245 3200 darium
1278 3167 1411 3207 collegit
1440 3168 1590 3207 prosario
1614 3173 1790 3204 sermone,
1815 3167 1872 3205 qui
1903 3168 2068 3198 manuscr.

1097 3221 1226 3260 Lipsiae
1249 3221 1283 3249 in
1311 3218 1395 3249 Bibl.
1417 3217 1555 3248 Paulina
1580 3221 1662 3247 teste
1686 3218 1706 3246 B
1745 3215 1872 3247 Fellero
1894 3225 1969 3258 pag.
1995 3217 2069 3251 59¹.

1162 3270 1196 3301 b‘·
1220 3271 1256 3299 ln
1282 3269 1499 3307 Bt'ssugcsstll'il
1525 3266 1671 3298 editione
1694 3274 1768 3307 pag.
1792 3266 1883 3298 1687.

1161 3319 1192 3355 c)
1222 3319 1302 3350 Vide
1326 3319 1502 3349 Lelaniluni
1527 3325 1600 3357 cap.
1628 3316 1696 3348 104.
1723 3317 1856 3349 Baleum
1882 3320 1922 3350 ll.
1959 3318 2009 3351 ¹9.
2037 3325 2067 3351 et

61 3370 136 3401 vide
159 3370 251 3400 Tom.
273 3369 352 3398 ΧΠ.
382 3366 467 3406 Bibl,
493 3367 638 3398 Graecae
666 3374 740 3406 pag.
768 3365 837 3398 118,
854 3369 900 3399 Ex
918 3369 1039 3400 Alberti
1104 3371 1249 3400 Pitscum
1273 3376 1347 3407 pag.
1381 3367 1451 3398 1252).

61 3421 102 3451 M.
123 3419 162 3451 de
185 3416 400 3450 minutalibus
425 3418 527 3449 etium
551 3418 680 3448 BRUNO
705 3415 744 3448 de
768 3417 905 3449 Colonia
925 3418 1035 3458 Lapi-

1163 3420 1197 3456 d)
1221 3417 1342 3450 oudin.
1367 3420 1459 3449 Tom.
1488 3416 1517 3451 1.
1540 3425 1614 3457 pag.
1642 3416 1732 3449 1677.
1758 3424 1825 3456 seq.
