2517 4009
896 238 1297 281 ZACIIARIAS

160 307 442 351 ZACHARIAS
467 306 817 362 Chrysopolitanus
841 309 927 350 sive
951 308 1064 350 Gold-

105 371 316 425 sborouqh,
346 372 524 424 Anglus‚
566 373 727 412 Ordinis
773 374 1060 413 Canonicorum

104 436 560 476 praemonstratensium
588 436 624 474 in
657 436 819 475 Abbatia
847 437 885 475 S,
907 437 1060 476 Martini

107 498 384 538 Laudunensis
412 498 512 536 circa
543 508 577 536 a.
609 498 722 537 4450.
754 498 920 548 Scripsit
950 498 1062 538 Com-

104 559 344 599 mentarium
391 558 431 597 in
477 559 736 599 Concordiam
780 559 1060 610 Evanqelicam

102 620 304 661 Ammonii
326 619 604 669 Alexandrini,
645 632 747 672 quae
778 622 911 661 Colon.
943 623 1059 661 4535.

103 683 167 723 fol.
197 688 238 723 et
267 686 355 735 post
384 684 420 722 in
451 684 707 722 Bibliothocis
756 685 915 723 Patrum
954 683 1059 723 edita

101 749 177 786 est.
204 745 388 786 Oudinus
416 750 511 785 tom.
542 747 589 785 ΙΙ.
619 759 656 797 p.
684 745 810 785 4449.

154 807 442 848 ZACHARIAS
461 808 689 857 Ferrerias,
706 808 951 856 vicentinus,
969 807 1061 858 Epi-

100 882 246 923 scopus
275 872 447 923 primum
479 870 751 914 Sebastensis,
801 870 890 909 dein
935 870 1060 909 Guar-

99 934 263 985 diensis‚
293 935 435 973 Leonis
463 935 513 974 X.
541 933 666 985 Papae
693 933 896 972 Praelatus
925 932 1060 972 dome-

99 998 227 1036 sticus
269 1008 314 1035 ac
358 995 674 1045 Referendarius,
724 1007 793 1046 per
829 996 1058 1034 universam

98 1060 312 1108 Poloniam,
343 1070 434 1098 cum
467 1060 599 1111 Legati
621 1059 670 1097 de
693 1060 844 1105 Latere,
875 1062 915 1096 et
940 1057 1061 1107 majo-

98 1122 153 1161 ris
169 1122 464 1161 poenitentiarii
486 1121 535 1160 de
558 1121 661 1161 Urbe
679 1125 874 1172 potestate
892 1131 926 1159 a.
945 1119 1058 1159 4590.

97 1185 271 1224 Nuntius
299 1195 345 1222 ac
372 1183 526 1231 Orator,
557 1183 643 1222 ideo
674 1186 835 1230 missus,
873 1187 917 1222 ut
959 1183 1062 1221 inter

97 1245 397 1297 sigismundum
430 1247 458 1285 1.
490 1246 672 1285 Poloniae
703 1247 849 1297 Regem
898 1250 938 1284 et
985 1247 1061 1284 Ma-

95 1319 219 1359 gnum
239 1308 419 1347 Prussiae
435 1308 687 1358 Magistrum,
704 1308 913 1347 Albertum
939 1309 1062 1346 Bran-

94 1369 383 1421 denburgicum
402 1399 412 1416 ,
442 1371 588 1408 sororis
619 1369 707 1419 ejus
739 1370 879 1417 filium,
921 1381 1059 1421 pacem

96 1432 345 1480 conciliaret,
394 1443 496 1482 quae
540 1436 674 1470 tamen
724 1444 800 1470 non
850 1434 1061 1471 successit.

96 1495 264 1545 Scripsit
300 1493 426 1532 Vitam
455 1494 496 1533 S.
528 1493 731 1542 Casimiri,
765 1494 832 1545 qui
880 1494 1060 1532 Poloniae

97 1556 219 1608 Regis
247 1557 379 1605 filius,
407 1560 448 1594 et
479 1557 560 1595 Rex
591 1556 820 1608 Hungariae
851 1557 935 1605 fuit,
961 1557 1064 1596 Tho-

99 1619 201 1658 runii
233 1629 268 1658 a.
301 1618 416 1658 1524.
446 1621 554 1670 typis
598 1619 759 1668 editam,
809 1623 849 1657 et
894 1624 983 1670 post
1023 1621 1061 1657 in

100 1679 213 1719 Actis
240 1681 308 1720 SS.
338 1682 464 1720 Martii
491 1686 584 1720 tom.
611 1683 638 1720 1.
661 1694 696 1732 p.
725 1683 813 1720 347.
836 1684 1060 1732 repetitam.

101 1743 270 1795 Scripsit
305 1745 424 1783 etiam
472 1743 732 1795 Luydunense
779 1745 971 1784 somnium
1016 1744 1062 1782 (le

101 1806 198 1846 Divi
222 1806 360 1847 Leonis
389 1807 430 1846 X.
463 1806 508 1845 P.
539 1807 593 1846 ad
619 1819 816 1846 summum
856 1807 1063 1860 Apostola-

105 1873 168 1910 tus
195 1869 347 1923 apicem
377 1869 558 1909 electione
578 1874 616 1909 et
634 1870 834 1922 Epistolas
854 1871 909 1910 acl
937 1871 1061 1910 Ludo-

102 1933 235 1974 vicum
263 1934 514 1972 Francorum
545 1936 686 1984 Reqem
730 1935 819 1972 XII.
850 1946 953 1984 quae
985 1934 1062 1973 duo

103 1999 220 2038 simul
251 1999 443 2050 impressa
474 2002 570 2037 sunt
599 1998 780 2049 Lugduni
814 1999 930 2037 4513.
966 1998 1061 2037 ⁴>{ide

101 2063 219 2101 Bern.
247 2061 297 2100 de
325 2061 574 2100 Montfaucon
609 2060 704 2099 Bibl.
728 2060 1062 2099 Bibliothecarum

100 2125 210 2165 MSS.
239 2136 276 2176 p.
308 2124 397 2163 308.
427 2124 576 2175 Hippoi.
619 2124 818 2163 Marraccii
859 2123 956 2161 Bibl.
986 2125 1064 2161 Ma-

103 2188 253 2226 rianam
283 2190 391 2225 tomo
420 2187 468 2225 11.
509 2199 546 2238 p.
590 2187 681 2225 449.
726 2186 878 2236 Ughelli
909 2186 1060 2224 Italiam

104 2259 257 2288 sacram
288 2253 395 2287 tomo
423 2249 526 2288 Vlll.
556 2261 594 2300 p.
622 2249 715 2289 298.

157 2311 438 2351 ZACHARiUS
462 2310 598 2354 Lilius.
624 2310 870 2359 vicentinuS,
896 2312 1066 2351 Canoni-

104 2385 177 2413 cus
202 2373 408 2425 regularis,
443 2374 603 2424 scripsit
645 2372 901 2412 Breviarium
930 2373 1065 2423 orbis,

105 2437 279 2477 Florent.
308 2448 378 2488 per
401 2435 617 2475 Antonium
641 2437 914 2475 Miscominum
949 2437 1065 2476 4493.

107 2500 144 2539 4.
160 2501 281 2551 Neap.
297 2501 311 2539 4
325 2500 413 2539 496.
429 2497 466 2537 4.
495 2496 694 2550 Opuseula
710 2499 878 2537 Floreat.
899 2498 1013 2537 1496.
1030 2498 1065 2537 4.

166 2562 189 2585 ³*
207 2562 269 2602 Ab
292 2562 496 2614 opusculis
521 2562 583 2600 hic
609 2561 792 2600 indicatis
816 2560 1003 2600 differunt
1024 2562 1068 2600 li-

106 2624 196 2665 belli
229 2625 316 2664 eius
354 2623 400 2664 de
430 2623 600 2676 perenni
632 2624 870 2663 Sanctorum
909 2623 1066 2675 ploria,

107 2698 208 2740 quos
231 2687 280 2726 ab
303 2687 470 2726 authore
495 2698 567 2726 suo
592 2688 790 2737 recepisse
823 2697 866 2725 se
897 2699 1070 2726 comme-

107 2755 237 2791 morat
251 2749 451 2790 Mattheus
473 2751 620 2788 Bossus
646 2750 681 2786 in
711 2750 884 2800 Epistola
909 2750 998 2788 994.
1019 2750 1065 2790 ad

107 2813 280 2853 eundem
299 2813 439 2852 Lilium
477 2814 580 2850 inter
611 2812 811 2861 Epistolas
835 2813 920 2850 eius
938 2818 1068 2862 poste-

108 2877 233 2916 riores
253 2875 434 2927 legenda.
472 2874 611 2913 Actum
637 2873 677 2911 in
700 2872 789 2922 illis,
817 2875 869 2913 ait
894 2876 1068 2923 Bossius‚

108 2937 156 2977 de
173 2948 270 2978 vero
294 2936 371 2976 Dei
390 2935 501 2976 cultu
520 2934 767 2987 suscipiendo
783 2967 794 2984 ,
819 2935 865 2974 de
895 2935 1069 2988 inspectu

113 2999 221 3040 illius
259 2998 481 3052 majestatis
527 3002 739 3047 aeternae,
779 2996 823 3036 de
857 3000 1069 3051 utriusque

108 3061 237 3101 animi
256 3064 295 3100 et
314 3060 494 3114 corporis
526 3059 681 3099 dotibus
718 3063 834 3112 atque
865 3060 1066 3111 aureolis,

108 3124 156 3164 de
177 3123 403 3163 animorum
425 3123 711 3177 perpetuitate,
737 3122 783 3160 de
805 3123 1020 3163 revicturis
1043 3136 1068 3162 a

109 3189 252 3236 morte,
272 3192 311 3226 et
325 3185 561 3239 judicandis
581 3183 772 3232 omnibus,
797 3184 843 3224 de
859 3187 1067 3237 pur-qando

110 3247 268 3301 iynibus
297 3251 371 3287 toto
407 3246 593 3292 orbe,de
632 3246 799 3298 sinyulis
839 3247 1068 3289 coelestibus

109 3308 275 3350 orbibus
297 3310 435 3359 astris,
453 3313 491 3349 et
511 3309 649 3361 simiis,
672 3309 796 3362 deque
815 3310 978 3362 anyelis,
1002 3311 1068 3351 ho-

109 3371 359 3425 minibusque
388 3370 563 3412 beandis.

2019 243 2091 284 621

1194 310 1475 353 ZACllARIAS
1504 311 1551 352 de
1582 310 1817 363 Luniyiana,
1846 311 1940 352 Ord.
1982 314 2099 353 Prae-

1138 374 1212 414 dic.
1244 388 1293 414 ex
1338 375 1549 414 Conventu
1581 375 1619 413 S.
1649 377 1763 414 Marci
1796 375 1844 413 de
1876 376 2097 423 Florentia,

1138 438 1399 476 Concionator
1428 439 1593 488 insignis
1635 439 1735 476 circa
1767 449 1801 477 a.
1833 438 1948 476 1499.
1994 439 2098 478 Scri-

1137 502 1216 551 psit
1244 500 1477 552 Apoloqiam
1522 500 1561 538 in
1598 499 1777 552 favorem
1807 500 2092 540 Savonarolae.

1135 562 1271 601 Ambr.
1300 563 1348 601 ab
1370 563 1572 602 Altamura
1615 563 1709 601 Bibl.
1742 564 1997 603 Dominicana
2032 575 2098 614 pa-

1136 625 1223 674 gina
1254 623 1345 663 918.
1379 623 1489 662 Vinc.
1511 625 1627 663 Maria
1659 626 1835 664 Fontana
1868 626 1904 663 in
1936 627 2097 665 Provin-

1136 687 1194 725 cia
1224 687 1397 724 nomana
1429 686 1524 725 Ord.
1559 686 1693 725 Praed.
1727 699 1763 738 p.
1792 687 1882 726 384.

1190 746 1469 787 ZACllARIAS
1498 747 1544 786 de
1568 747 1779 799 lihodz'qio,
1805 750 1897 787 milii
1926 751 2096 801 ignotus„

1136 811 1296 861 scripsit
1334 809 1380 848 de
1416 809 1622 849 donatione
1663 811 1920 851 Constantini.
1950 814 2028 852 MS.
2057 815 2095 852 in

1135 872 1233 911 Bibl.
1262 872 1461 911 Vaticana.
1495 874 1611 911 Bern.
1641 872 1689 911 de
1719 875 1968 913 montfaucon
2001 876 2096 915 Bibl.

1134 934 1466 974 Bibliothecarum
1498 935 1605 974 MSS.
1641 947 1682 986 p.
1715 935 1805 975 449.

1191 996 1208 1012 *
1233 996 1515 1036 ZACUARIAS
1538 996 1670 1035 Abbas
1703 998 1797 1035 mihi
1837 999 1954 1037 unice
1980 1004 2099 1038 notus

1135 1071 1183 1098 cx
1210 1059 1399 1098 Nevizani
1439 1059 1560 1109 Sylva
1600 1060 1797 1109 Nuptiali,
1823 1062 1889 1110 qui
1929 1061 2041 1099 Libro
2070 1061 2097 1100 1.

1138 1123 1202 1162 fol.
1232 1123 1269 1160 8.
1299 1120 1392 1159 edit.
1425 1121 1608 1171 Lugdun.
1638 1120 1744 1160 4525
1787 1122 1918 1161 habet.
1962 1122 2100 1163 Abbas

1138 1183 1365 1224 Zacharias
1395 1182 1433 1221 in
1472 1194 1651 1222 sermone
1677 1183 1845 1224 Concilii
1878 1185 2024 1224 Pisani
2060 1185 2099 1224 in

1133 1247 1211 1299 fine
1238 1247 1303 1286 tt.
1334 1245 1526 1293 chartae,
1557 1244 1629 1284 ubi
1667 1245 1714 1285 de
1745 1245 2018 1297 duodenario,
2051 1247 2098 1287 de

1142 1306 1480 1361 quinquennariO.
1533 1309 1752 1348 Concilium
1805 1311 1991 1350 Pisanum
2037 1311 2100 1350 liic

1139 1372 1304 1421 intelligi
1333 1370 1426 1409 illud
1466 1370 1610 1418 credo,
1637 1371 1740 1421 quod
1767 1373 1971 1411 occasione
1997 1373 2100 1411 schi-

1139 1435 1281 1472 smatis
1320 1433 1366 1471 A.
1408 1432 1510 1471 1409
1553 1433 1730 1472 habitum
1763 1439 1837 1472 est.
1868 1435 1968 1472 Num
2001 1435 2098 1473 forte

1139 1497 1242 1535 idem
1287 1499 1350 1533 est
1396 1495 1604 1533 Zacharias
1650 1495 1698 1533 de
1737 1495 1950 1546 Rhodigio,
1981 1508 2100 1547 quem

1139 1558 1188 1597 de
1218 1559 1435 1597 Donatione
1466 1558 1718 1597 Constantini
1765 1560 1975 1610 scripsisse
2006 1561 2102 1600 hacc

1140 1622 1310 1672 legimus
1329 1619 1349 1659 ?

1195 1683 1521 1723 ZANE'l'TlNUS
1566 1683 1734 1723 Raecius
1750 1716 1759 1732 ,
1792 1685 2075 1725 Cremonensis
2091 1719 2100 1734 ,

1139 1749 1241 1786 circa
1272 1758 1305 1785 a.
1338 1746 1453 1785 1494.
1484 1749 1652 1798 Scripsit
1684 1747 1876 1786 Carmina
1896 1747 2013 1787 varia
2038 1760 2103 1788 vo-

1145 1809 1237 1849 lum.
1262 1811 1299 1849 3.
1321 1811 1494 1862 Ilymnos
1522 1809 1560 1847 in
1586 1808 1742 1848 laudem
1767 1811 1807 1850 S.
1831 1810 2014 1859 Himerii,
2039 1811 2111 1850 Pe-

1142 1874 1200 1912 {ri
1216 1885 1263 1912 ac
1281 1872 1520 1920 itlarcellini,
1536 1885 1583 1911 ac
1603 1872 1828 1920 IIomoboni,
1857 1872 2101 1912 Tutelarium

1142 1938 1371 1978 Cremonae.
1403 1935 1653 1977 Comoediam
1684 1936 1915 1988 inscriptam
1961 1936 2102 1976 Filote-

1140 2000 1216 2048 cia,
1248 2000 1294 2039 de
1322 2000 1405 2053 fato
1439 2000 1572 2039 Tract.
1604 2003 1639 2039 4.
1668 1999 1785 2039 Arisii
1826 1999 2020 2039 Cremona
2053 2001 2097 2040 li-

1140 2068 1266 2104 terata
1298 2069 1393 2102 tom.
1427 2065 1453 2102 Ι.
1486 2077 1523 2115 p.
1554 2063 1644 2103 938.

1195 2127 1508 2167 ZANETTINUS
1529 2128 1700 2174 Zaccus,
1725 2126 2105 2175 Cremonensis,cir-

1140 2202 1182 2230 ca
1214 2202 1247 2229 a.
1275 2190 1392 2229 4444.
1417 2191 1583 2241 Scripsit
1606 2191 1781 2228 carmine
1808 2189 1936 2228 Vitam
1958 2191 1996 2229 S.
2025 2191 2105 2228 Ειι-

1140 2251 1242 2293 sebii
1269 2251 1434 2292 Abbatis
1460 2253 1749 2299 Cremonensis,
1782 2251 2013 2291 Comoedias
2040 2265 2105 2291 so-

1141 2327 1245 2364 cias,
1271 2317 1398 2355 soluta
1431 2328 1524 2354 vero
1554 2317 1732 2354 oratione
1779 2314 1826 2353 de
1870 2315 1977 2354 vitiis
2003 2316 2105 2355 evel-

1143 2379 1277 2419 lendis.
1308 2379 1416 2418 Idem
1449 2391 1486 2428 p.
1516 2380 1605 2417 966.

1197 2443 1299 2492 (345)
1332 2442 1613 2482 ZANOBINUS
1642 2443 1894 2480 pistoriensis
1936 2442 2106 2480 Canoni-

1143 2518 1228 2545 cus.
1254 2506 1420 2556 Scripsit
1441 2505 1496 2542 De
1513 2503 1619 2543 Bello
1647 2503 1768 2544 Civili
1785 2503 2102 2551 Pistoriensium‚

1145 2567 1247 2619 quod
1275 2579 1374 2617 opus
1398 2578 1524 2617 usque
1545 2566 1592 2605 ad
1614 2579 1676 2605 an.
1696 2569 1776 2606 MD.
1800 2572 2006 2605 servatum
2034 2567 2106 2604 l'uit

1144 2633 1248 2670 inter
1286 2631 1362 2670 MS.
1403 2630 1568 2669 Codices
1611 2630 1880 2670 Cancelleriae
1906 2630 2106 2669 Civitatis.

1144 2696 1199 2734 lta
1226 2696 1264 2733 F.
1290 2695 1334 2732 Α.
1357 2693 1539 2731 Zacharia
1569 2706 1657 2744 pag.
1680 2693 1758 2732 930
1792 2693 1940 2731 Bibliot.
1981 2694 2106 2731 Pisto-

1145 2756 1299 2793 riensis.
1335 2754 1394 2793 An
1422 2763 1516 2790 vero
1547 2753 1646 2791 idem
1688 2755 1735 2790 sit
1763 2764 1864 2803 opus
1888 2752 1992 2803 quod
2016 2764 2105 2790 ver-

1145 2817 1283 2856 nacula
1302 2817 1433 2866 lingua
1453 2818 1510 2854 tit.
1533 2815 1672 2855 Istorz‘e
1692 2814 1868 2854 Pistolesi
1883 2816 2104 2857 Florentiae

1145 2891 1207 2918 an.
1236 2880 1349 2918 1578.
1367 2883 1406 2916 et
1423 2880 1458 2916 in
1477 2879 1590 2916 Prato
1606 2878 1804 2917 an.18.‘i5.
1833 2879 1895 2917 49.
1918 2882 1960 2917 ut
1985 2880 2102 2918 etiam

1144 2942 1181 2979 in
1205 2941 1282 2979 vol.
1315 2942 1383 2980 xi.
1408 2942 1553 2979 Rerum
1578 2940 1803 2979 Italicarum
1830 2939 1999 2989 prodiit,
2026 2952 2102 2979 non

1143 3003 1271 3042 adhuc
1297 3002 1463 3042 eruditis
1488 3003 1602 3052 plane
1629 3006 1877 3051 compertum
1900 3008 1975 3040 est.

1198 3065 1249 3103 At
1279 3064 1538 3103 Sebastianus
1568 3063 1718 3114 Ciampi
1744 3063 1912 3114 (Notizie
1932 3062 2105 3104 (148030-

1144 3139 1253 3166 rneno
1279 3139 1363 3178 pag.
1388 3126 1448 3174 30)
1475 3137 1495 3164 a
1521 3127 1740 3164 Sozomeno
1766 3127 1848 3175 ipso
1874 3137 1948 3163 non
1975 3126 2106 3166 diver-

1143 3201 1232 3229 sum
1268 3200 1357 3227 esse
1395 3189 1632 3238 suspicatur.
1671 3187 1715 3226 Y.
1740 3187 2038 3229 SOZOMENUS
2064 3190 2100 3229 h.

1144 3252 1367 3290 Volumine.

1198 3313 1338 3358 ΖΕΝΟ,
1369 3312 1610 3351 Veronensis
1633 3313 1869 3364 Episcopus,
1893 3325 2012 3364 quem
2039 3315 2102 3354 alii

1143 3376 1353 3421 Graecum,
1384 3373 1448 3413 alii
1480 3375 1750 3416 veronensem
1783 3377 1906 3427 patria
1939 3375 2103 3416 tradunt
