2533 4009
480 204 557 242 322

478 281 620 314 centn.
651 274 870 311 Comment-
904 271 939 304 in
972 267 1174 313 Psalmos‚
1204 271 1425 307 sententias

479 348 524 374 ex
545 335 777 380 Augustino.
796 322 1053 368 Colonienses
1072 327 1186 365 4536.
1204 329 1306 366 4538
1325 331 1426 369 4540

479 398 512 433 8.
543 395 690 432 addunt
719 391 835 428 libros
859 388 907 424 de
933 380 1293 436 praedicationibus
1317 395 1357 427 et
1381 390 1428 428 de

478 462 557 493 vita
587 450 909 499 contemplativa.
951 448 1008 485 Jo.
1053 448 1227 486 Sotellus
1268 450 1432 488 Theolo-

476 527 549 565 gus
583 511 861 554 Lovaniensis,
894 509 1053 546 Lovanii
1077 508 1192 547 4565.
1217 510 1252 546 4.
1281 510 1432 549 addidit

476 573 693 624 Epistulam
739 570 953 619 Augustini
983 569 1031 607 de
1076 570 1432 620 Semipelagianis,

477 635 600 673 libris*
629 633 677 669 de
727 632 933 668 vocatione
976 631 1155 680 gentium
1176 660 1187 678 -..
1213 632 1430 682 Epistolam

474 696 531 734 adv
552 693 841 732 Demetriadem
861 723 870 738 ,
897 697 937 730 et
968 693 1151 730 Canones
1182 693 1344 731 Concilii
1385 694 1431 732 Il.

473 756 716 795 Arausicani.
751 755 792 792 ln
823 754 994 792 editione
1026 754 1221 792 Duacensi
1255 755 1368 793 4577,
1396 757 1431 793 8.

473 828 572 855 nova
605 827 680 853 non
712 820 996 862 accesserunt,
1027 817 1132 854 sicut
1173 827 1245 853 nec
1289 818 1325 853 in
1370 828 1432 855 se-

471 877 688 927 quentibus
717 877 851 916 Coton.
886 876 1001 915 4609.
1048 876 1163 914 4630.
1203 877 1238 913 8.
1284 877 1430 916 Romae

472 939 587 977 4641.
618 939 738 989 Lugd.
774 939 889 977 1639.
919 939 979 975 Ex
1011 937 1245 974 recensione
1269 938 1326 974 Jo.
1351 937 1430 976 Oli—

471 1002 567 1038 varii
599 1002 635 1037 in
667 1000 762 1038 Bibl.
795 1001 861 1037 PP.
893 998 1118 1036 Coloniensi
1146 1002 1172 1034 t.
1202 996 1299 1035 Vlll.
1326 999 1426 1037 Cum

468 1062 652 1111 operibus
689 1063 829 1099 Leonis
863 1066 901 1097 et
934 1060 1101 1097 aliorum
1143 1069 1212 1108 per
1251 1058 1426 1110 Tlieopb.

467 1123 729 1172 llagnaudum
750 1153 758 1169 ‚
791 1123 910 1160 Paris.
956 1120 1071 1159 4674.
1104 1121 1166 1158 fol.
1199 1120 1358 1170 Optima
1387 1127 1427 1159 et

468 1185 698 1234 plenissima
731 1184 807 1222 huc
839 1194 967 1233 usque
999 1183 1072 1220 fuit
1101 1181 1220 1220 editio
1252 1183 1426 1221 l'arisina

470 1246 583 1284 ⁴714.
615 1246 675 1283 sol.
707 1245 754 1284 ad
786 1244 950 1284 Codices
974 1244 1268 1293 manuscriptos
1290 1256 1426 1283 recen‘

467 1309 541 1345 sita
570 1313 609 1345 et
639 1306 962 1345 annotationibus
1008 1305 1216 1343 illustrata.
1249 1306 1284 1353 a)
1319 1307 1425 1344 -lluic

466 1369 661 1407 accedunt
681 1368 885 1407 Confessio
910 1372 949 1404 et
974 1366 1195 1405 Chronicon
1225 1367 1423 1416 Prosperi,

468 1435 508 1468 et
537 1431 610 1468 alia
641 1430 837 1480 quaedam
869 1428 916 1467 ad
941 1430 1118 1466 notitiam
1146 1428 1426 1478 Semipelagia—

468 1503 607 1530 norum
634 1492 830 1529 facientia.
850 1489 1166 1539 Unumquodque
1191 1500 1291 1539 opus
1313 1500 1422 1538 prae—

468 1555 628 1591 missam
668 1553 787 1591 babet
832 1553 1152 1591 observationem
1195 1552 1420 1600 praeviam,

468 1615 534 1653 sed
567 1627 614 1652 ex
648 1614 898 1652 Tillemontio
929 1613 1090 1662 petitam
1109 1642 1120 1658 2
1146 1610 1262 1659 cujus
1288 1616 1421 1649 tomus

467 1678 569 1716 xvi.
600 1676 760 1713 demum
787 1685 891 1712 anno
920 1673 1102 1722 sequenti
1137 1671 1305 1721 prodiit,
1332 1671 1424 1710 Edi-

467 1745 527 1776 tor
558 1739 674 1788 igitnr
716 1748 807 1775 eum
838 1735 964 1773 oculis
1007 1738 1099 1771 ante
1130 1734 1253 1782 ipsam
1286 1732 1424 1771 editio-

468 1812 559 1837 nem
606 1799 828 1849 usurpavit.
871 1798 957 1835 Vita
1002 1795 1072 1845 ipsi
1119 1795 1338 1843 praemissa
1374 1805 1423 1832 ex

467 1863 605 1900 eodem
637 1860 888 1898 'l‘illemontio
920 1859 957 1894 in
989 1856 1172 1894 Latinum
1196 1865 1422 1894 sermonem

467 1933 662 1960 conversa
693 1926 769 1958 est.

521 1983 745 2021 Novissime
791 1980 1025 2031 prodierunt
1064 1978 1300 2016 Sanctorum
1335 1978 1426 2014 Pro-

467 2048 569 2096 speri
615 2045 800 2094 Aquitani
845 2047 884 2080 et
932 2039 1114 2079 Honorati
1167 2038 1426 2076 Massiliensis

467 2108 593 2157 Opera
612 2136 620 2150 ,
647 2107 750 2143 notis
775 2101 1200 2150 observationibusque
1228 2100 1424 2137 illustrata

466 2180 486 2207 a
517 2171 547 2206 b
602 2170 753 2206 Joanne
799 2166 979 2210 Salinas,
1009 2161 1279 2210 Neapolitano,
1325 2161 1423 2198 Can.

466 2233 558 2276 Res-¹.
591 2232 670 2267 Lat.
702 2239 747 2266 ac
777 2228 816 2265 8.
847 2225 978 2263 'l'iieoL
1006 2226 1112 2261 Lect.
1133 2221 1180 2260 ad
1209 2223 1246 2260 S.
1275 2223 1312 2259 P.
1338 2222 1425 2260 Cle-

469 2297 643 2329 mentem
675 2290 760 2328 Xll.
793 2290 903 2326 Pont.
934 2288 1032 2324 Max.
1065 2286 1209 2322 Rornae
1241 2283 1343 2321 ‘1732
1387 2283 1422 2319 8.

467 2354 587 2390 forma
621 2350 780 2400 majore.
810 2348 884 2387 Sed
917 2358 1013 2385 cave
1043 2345 1211 2392 credas,
1242 2348 1312 2382 aut
1340 2355 1424 2382 om—

469 2426 554 2460 nia,
585 2418 654 2451 aut
682 2416 789 2450 certe
820 2410 990 2460 genuina
1015 2418 1132 2457 opera
1155 2406 1422 2455 Prosperi=hic

467 2475 627 2522 baberi,
658 2484 799 2511 verum
831 2468 1108 2510 tantummodo
1130 2468 1338 2516 sequentia
1365 2469 1422 2505 in-

464 2541 572 2574 sunt.
617 2537 708 2573 Post
745 2533 1034 2572 dedicationem
1065 2534 1104 2567 et
1134 2529 1420 2579 praefationem

463 2598 635 2635 occurrit
666 2597 752 2634 Vita
777 2593 957 2643 Prosperi
982 2604 1028 2630 ex
1052 2590 1223 2629 editione
1249 2590 1424 2627 Parisina

462 2670 551 2696 curn
590 2656 913 2696 annotationibus
951 2653 1124 2693 Editoris
1170 2662 1245 2689 non
1288 2655 1423 2688 conte-

465 2719 676 2766 mnendis,
708 2720 854 2767 quippe
883 2717 950 2765 qui
981 2713 1192 2753 Codicibus
1222 2713 1423 2750 Vaticanis

464 2793 539 2818 non
571 2781 782 2818 infeliciter
812 2789 910 2817 usus
940 2781 1014 2814 est.
1057 2775 1246 2824 Sequitur
1297 2774 1423 2822 Syno-

463 2843 544 2890 psis
574 2840 855 2888 Clironologica
885 2848 1049 2887 operum
1080 2846 1125 2873 ac
1146 2839 1349 2883 gestorum
1380 2835 1419 2872 S.

464 2903 638 2952 l‘rospcri
670 2901 882 2951 Aquitani,
909 2898 1087 2948 Prosperi
1113 2900 1152 2934 et
1173 2896 1303 2933 llilarii
1330 2896 1420 2944 Epi-

463 2965 586 3001 stol-ae,
617 2963 665 3001 ad
703 2963 1001 3012 Augustinum,
1033 2957 1209 3006 Prosperi
1248 2957 1415 2993 Carmen

463 3024 510 3061 dc-
541 3026 705 3073 ingratis
728 3035 818 3062 cum
847 3025 981 3061 annot.
1002 3025 1087 3058 tum
1112 3017 1304 3067 propriis,
1331 3020 1415 3054 tum

467 3086 640 3122 liosttoris
672 3084 930 3123 Lovaniensis
959 3086 1000 3119 et
1028 3079 1202 3118 Editoris
1234 3077 1418 3124 parisini,

521 3265 536 3281 -i
589 3257 719 3285 Journal
745 3257 798 3285 de>
825 3262 947 3287 navans
977 3255 1063 3285 1712.
1106 3264 1135 3293 p.
1162 3255 1231 3285 284.
1265 3256 1358 3285 Meni.
1385 3253 1424 3283 de

470 3304 610 3331 iim-»ux
641 3302 714 3332 1713
747 3313 774 3340 μ,
807 3305 990 3335 18.’».’».Λι;1ει
1015 3304 1113 3334 Erud.
1145 3303 1233 3334 iris.
1277 3313 1307 3341 p.
1343 3303 1416 3333 245.

1296 167 1625 236 rnosrssn

1500 268 1574 304 tria
1614 268 1934 318 Epigrammata,
1976 274 2016 307 et
2060 269 2220 308 tandem
2266 269 2454 324 Honorati

1504 328 1762 367 Massiliensis
1793 330 1878 368 Vita
1909 330 2039 369 Hilarii
2089 331 2335 370 Arelatensis
2363 333 2456 382 Epi-

1505 389 1610 437 scopi
1642 389 1689 426 ad
1721 390 1816 427 MSt.
1845 390 2012 429 Codices
2040 397 2080 430 et
2111 393 2346 442 insigniores
2374 392 2456 432 edi-

1506 448 1634 486 tiones
1664 452 1862 500 recognita
1894 453 2075 502 notisque
2107 453 2316 492 illustrata.

1561 508 1581 529 ³*
1611 510 1744 547 Sancti
1776 510 1894 549 huius
1928 513 2000 549 viri
2030 515 2362 563 epigrammatum
2407 525 2457 553 ex

1508 569 1547 607 S.
1577 569 1787 620 Augustini
1818 571 1927 609 libris
1956 577 2080 610 metro
2109 576 2311 624 expressis
2353 575 2459 614 codi—

1507 641 1593 668 cem
1625 632 1702 669 MS.
1731 632 1873 670 offendi
1906 634 1942 670 in
1973 634 2213 674 Bibliotheca
2242 636 2335 674 olim
2382 637 2456 674 viri

1508 692 1658 730 clariss.
1691 694 1888 730 Francisci
1931 695 1978 731 M.
2021 694 2233 734 Florentini
2264 697 2456 747 scriptum

1510 758 1552 791 ut
1582 765 1631 792 ex
1663 765 1757 792 vera
1785 756 2013 793 coniectura
2043 754 2170 795 iudico
2214 768 2318 798 saec.
2352 759 2458 797 Xlll.

1508 816 1580 853 Est
1612 827 1706 854 vero
1745 815 1840 855 illud
1885 817 1983 854 satis
2025 815 2233 867 diligenter
2273 823 2459 859 curatum

1508 877 1663 927 fertque
1687 877 1898 916 adiunctas
1922 877 2200 917 adnotationes
2223 880 2376 930 aliquas
2393 891 2457 919 ea-

1505 938 1595 976 dem
1632 950 1708 988 qua
1753 944 1909 978 caetera
1941 950 2060 978 manu
2091 939 2312 991 descriptas
2336 943 2458 981 inter-

1507 1000 1706 1049 lineares,
1737 1004 1782 1038 ut
1812 1005 1985 1049 vocant,
2016 1002 2132 1039 Porro
2178 1002 2217 1039 in
2248 1001 2310 1040 his
2338 1013 2460 1042 anno—

1504 1063 1721 1102 tationibus
1749 1064 1875 1102 bonae
1907 1064 2032 1114 frugis
2077 1075 2206 1115 pauca
2246 1065 2312 1104 vel
2352 1067 2460 1107 nulla

1503 1129 1599 1163 sunt
1615 1137 1628 1163 .·
1659 1126 1854 1175 scriptum
1881 1124 1977 1163 illud
2002 1126 2182 1176 Prosperi
2207 1127 2306 1166 satis
2325 1138 2461 1166 emen·
2518 1158 2522 1163 .

1502 1185 1642 1225 datum
1667 1215 1675 1234 ,
1704 1190 1745 1225 et
1774 1187 1855 1225 fere
1892 1197 2119 1236 congruens
2160 1197 2253 1226 cum
2297 1189 2458 1238 optimis

1503 1247 1579 1285 illis
1599 1247 1827 1296 codicibus,
1853 1259 1955 1298 quos
1986 1249 2196 1287 novissimi
2226 1260 2390 1300 operum
2421 1250 2464 1289 S.

1499 1310 1676 1360 Prosperi
1701 1310 1875 1349 editores
1898 1311 2201 1350 consuluerunt.
2224 1313 2268 1351 In
2290 1311 2367 1351 fine
2391 1312 2460 1352 ab-

1499 1383 1599 1422 sque
1630 1383 1733 1410 novo
1762 1372 1880 1410 titulo
1909 1372 2030 1410 habet
2059 1374 2260 1424 integrum
2295 1385 2456 1413 carmen
2518 1388 2520 1390 ·

1499 1434 1545 1472 ad
1578 1445 1768 1480 uxorem⁷
1800 1445 1876 1471 non
1916 1445 1962 1473 ea
2006 1435 2283 1473 tantummodo
2315 1438 2453 1485 parte,

1498 1506 1600 1544 quae
1630 1497 1907 1533 anacreontica
1937 1500 2026 1544 est,
2056 1494 2127 1534 sed
2169 1500 2211 1534 et
2238 1496 2362 1534 altera
2391 1506 2458 1546 pa-

1498 1559 1619 1605 riter,
1666 1568 1768 1606 quae
1811 1557 1985 1607 elegiaco
2030 1558 2207 1596 carmine
2255 1558 2454 1597 scribitur.

1497 1619 1598 1658 Nihil
1629 1618 1822 1657 ineditum
1866 1619 1904 1655 in
1949 1629 1994 1656 eo
2037 1618 2130 1656 mihi
2175 1620 2348 1658 occurrit
2377 1620 2470 1664 nisi,

1498 1691 1621 1730 pauca
1663 1680 1760 1717 haec
1803 1681 2007 1728 carmina,
2060 1691 2162 1730 quae
2207 1682 2244 1719 in
2289 1679 2451 1719 exordio
2516 1724 2518 1730 y

1497 1743 1831 1791 epigrammatum
1879 1741 1928 1779 ab
1970 1741 2045 1779 alio
2079 1743 2265 1792 quopiam
2301 1742 2456 1780 adiecta

1498 1807 1666 1851 constat,
1692 1802 1754 1840 hic
1781 1813 1874 1840 vero
1904 1812 1996 1840 cum
2030 1802 2166 1841 nullibi
2196 1803 2310 1842 obvia
2340 1807 2454 1850 sunt,

1499 1863 1628 1902 danda
1659 1874 1816 1902 censeo.

1517 1952 1608 1981 naec
1634 1952 1812 1989 Augustini
1840 1951 1942 1982 sacris
1965 1953 2205 1990 epigrammata
2227 1951 2327 1984 dictis

1513 2000 1693 2031 Dulcisono
1717 2000 1830 2030 rethor
1854 2007 2058 2039 componens
2080 2003 2244 2033 carmine.
2264 2004 2406 2042 Prosper

1514 2050 1670 2080 versibus
1695 2049 1897 2080 hexametris
1921 2049 2075 2088 depinxit
2102 2052 2392 2090 pentametrisque
2410 2074 2419 2090 ‚

1512 2099 1664 2130 Floribus
1686 2106 1724 2130 ex
1749 2099 1850 2128 variis
1875 2106 1936 2129 ceu
1958 2098 2062 2138 fulget
2086 2107 2169 2136 nexa
2192 2107 2342 2138 σοι-οπως

1513 2150 1600 2179 Unde
1623 2155 1684 2187 ego
1707 2150 1739 2178 te
1762 2147 1865 2178 lector
1888 2147 2008 2186 relegis
2033 2149 2091 2186 qui
2115 2147 2197 2179 haec
2223 2146 2376 2187 sedulus,
2395 2155 2454 2179 oro

1513 2199 1662 2227 intentas
1687 2195 1848 2226 adhibere
1873 2197 1964 2226 sonis
1988 2196 2191 2228 caelestibus
2215 2203 2336 2234 aures;

1513 2248 1589 2276 istic
1614 2253 1690 2275 nam
1715 2246 1867 2276 invenies
1891 2246 2040 2275 animum
2060 2268 2069 2284 ,
2097 2246 2123 2277 si
2149 2252 2230 2276 cura
2254 2244 2443 2281 subintrat,

1511 2297 1652 2326 Maxime
1678 2302 1764 2333 quac
1788 2295 1930 2325 doceant
1955 2301 2074 2326 sacrae
2096 2295 2326 2326 modulamina
2347 2293 2429 2332 legis

1510 2345 1698 2376 Observare
1723 2344 1876 2374 homines
1900 2343 1949 2374 vel
1973 2342 2064 2382 quod
2086 2343 2151 2374 sibi
2173 2344 2320 2375 maxime
2342 2344 2463 2380 vitent,
2520 2351 2521 2354 ¹

1509 2396 1539 2425 Si
1566 2393 1701 2425 demum
1725 2393 1808 2425 coeli
1833 2394 1976 2432 cupiunt
2001 2393 2059 2431 qui
2085 2392 2246 2424 scandere
2267 2398 2422 2432 regnum.

1549 2469 1796 2516 PROSPER,
1828 2468 2012 2506 Notarius
2054 2468 2097 2505 B.
2144 2467 2288 2505 Leonis
2329 2467 2456 2516 Papae

1495 2537 1535 2569 et
1564 2532 1785 2582 Episcopus
1831 2527 2088 2580 Hispalensis.
2135 2527 2234 2577 Ejus
2263 2532 2325 2566 est
2357 2525 2457 2566 liber

1495 2592 1791 2644 responsionum
1815 2589 1870 2628 ad
1897 2585 2089 2640 excepta,
2121 2600 2224 2640 quae
2251 2587 2296 2628 de
2323 2588 2454 2628 Genu-

1496 2654 1581 2692 ensi
1602 2653 1761 2692 civitate
1784 2654 1879 2690 sunt
1898 2650 2048 2697 missa,
2072 2650 2152 2688 MS.
2181 2651 2220 2688 in
2245 2649 2343 2688 Bibl.
2367 2650 2455 2689 Cla-

1496 2715 1722 2753 revallensi.
1753 2716 1871 2751 Bern.
1904 2711 1952 2750 de
1981 2711 2233 2750 Montfaucon
2266 2710 2362 2750 Bibl.
2393 2711 2454 2750 Bi—

1495 2777 1777 2815 bliothecarum
1804 2774 1912 2812 MSS.
1942 2784 2029 2823 pag.
2059 2772 2176 2812 4367.

1541 2836 1780 2876 PROSPERI
1812 2833 1985 2886 Hispani
2006 2834 2104 2872 liber
2127 2833 2174 2872 de
2195 2832 2314 2885 factis
2338 2838 2376 2874 et
2394 2833 2452 2874 dz-

1492 2899 1563 2936 ctis
1586 2899 1625 2936 S.
1651 2894 1866 2946 Auyustz'nz‘
1887 2895 1962 2933 MS.
1997 2896 2034 2932 in
2065 2895 2163 2933 Bibl.
2189 2895 2450 2935 Ambrosiana
2515 2890 2522 2894 “

1492 2958 1784 2997 Mediolanensi.
1816 2955 2066 2994 Montfaucon
2099 2955 2122 2993 l.
2153 2967 2187 2994 c.
2219 2965 2255 3005 p.
2287 2957 2379 2995 522.

1547 3020 1768 3058 l‘ltOSl‘liR
1797 3015 2003 3055 Pedianus
2033 3017 2194 3068 scripsit
2215 3015 2261 3056 de
2281 3015 2449 3056 motibus

1492 3082 1607 3132 reqni
1644 3080 1769 3132 Cypri
1805 3077 2113 3118 commentaria.
2143 3078 2250 3117 MSS.
2282 3079 2319 3116 in
2350 3077 2446 3116 Bibl.

1549 3257 1716 3288 Deulsc'lm
1740 3259 1817 3288 Acta
1842 3255 1941 3286 Erud.
1967 3258 2046 3284 tom.
2073 3252 2097 3282 Ι.
2120 3260 2152 3290 p.
2175 3249 2247 3280 986.

2512 2401 2516 2433 l
