<?xml version="1.0" encoding="UTF-8"?>
<!DOCTYPE html PUBLIC "-//W3C//DTD XHTML 1.0 Transitional//EN"
    "http://www.w3.org/TR/xhtml1/DTD/xhtml1-transitional.dtd">
<html xmlns="http://www.w3.org/1999/xhtml" xml:lang="en" lang="en">
 <head>
  <title>
</title>
<meta http-equiv="Content-Type" content="text/html;charset=utf-8" />
  <meta name='ocr-system' content='tesseract 3.04.00' />
  <meta name='ocr-capabilities' content='ocr_page ocr_carea ocr_par ocr_line ocrx_word'/>
</head>
<body>
  <div class='ocr_page' id='page_1' title='image "./bibliothecalatin05fabruoft/bibliothecalatin05fabruoft_0661.png"; bbox 0 0 2517 4009; ppageno 0'>
   <div class='ocr_carea' id='block_1_1' title="bbox 676 210 1568 254">
    <p class='ocr_par' dir='ltr' id='par_1_1' title="bbox 676 210 1568 254">
     <span class='ocr_line' id='line_1_1' title="bbox 676 210 1568 254; baseline 0.004 -6"><span class='ocrx_word' id='word_1_1' title='bbox 676 210 758 250; x_wconf 77' lang='lat' dir='ltr'>DE</span> <span class='ocrx_word' id='word_1_2' title='bbox 807 212 1190 253; x_wconf 81' lang='lat' dir='ltr'>PRINCIPIS</span> <span class='ocrx_word' id='word_1_3' title='bbox 1234 214 1568 254; x_wconf 76' lang='lat' dir='ltr'>OFFICIIS</span> 
     </span>
    </p>
   </div>
   <div class='ocr_carea' id='block_1_2' title="bbox 112 282 1078 3408">
    <p class='ocr_par' dir='ltr' id='par_1_2' title="bbox 117 282 1075 572">
     <span class='ocr_line' id='line_1_2' title="bbox 118 282 1075 334; baseline -0.002 -11"><span class='ocrx_word' id='word_1_4' title='bbox 118 283 184 334; x_wconf 90' lang='lat' dir='ltr'>qui</span> <span class='ocrx_word' id='word_1_5' title='bbox 215 294 302 322; x_wconf 89' lang='lat' dir='ltr'>eam</span> <span class='ocrx_word' id='word_1_6' title='bbox 323 282 372 321; x_wconf 92' lang='lat' dir='ltr'>ob</span> <span class='ocrx_word' id='word_1_7' title='bbox 392 293 553 321; x_wconf 84' lang='lat' dir='ltr'>causam</span> <span class='ocrx_word' id='word_1_8' title='bbox 579 286 941 323; x_wconf 82' lang='lat' dir='ltr'>controversiarum</span> <span class='ocrx_word' id='word_1_9' title='bbox 966 296 1075 334; x_wconf 79' lang='lat' dir='ltr'>prae-</span> 
     </span>
     <span class='ocr_line' id='line_1_3' title="bbox 119 346 1074 398; baseline 0.001 -14"><span class='ocrx_word' id='word_1_10' title='bbox 119 346 209 396; x_wconf 87' lang='lat' dir='ltr'>mia,</span> <span class='ocrx_word' id='word_1_11' title='bbox 238 356 340 396; x_wconf 90' lang='lat' dir='ltr'>quas</span> <span class='ocrx_word' id='word_1_12' title='bbox 369 346 592 384; x_wconf 88' lang='lat' dir='ltr'>tricesimas</span> <span class='ocrx_word' id='word_1_13' title='bbox 624 347 830 394; x_wconf 86' lang='lat' dir='ltr'>vocabant,</span> <span class='ocrx_word' id='word_1_14' title='bbox 871 346 1074 398; x_wconf 87' lang='lat' dir='ltr'>judicibus</span> 
     </span>
     <span class='ocr_line' id='line_1_4' title="bbox 117 408 1075 458; baseline 0.002 -12"><span class='ocrx_word' id='word_1_15' title='bbox 117 408 294 456; x_wconf 81' lang='lat' dir='ltr'>sustulit,</span> <span class='ocrx_word' id='word_1_16' title='bbox 324 412 364 446; x_wconf 89' lang='lat' dir='ltr'>et</span> <span class='ocrx_word' id='word_1_17' title='bbox 394 409 548 458; x_wconf 90' lang='lat' dir='ltr'>proprio</span> <span class='ocrx_word' id='word_1_18' title='bbox 579 420 668 447; x_wconf 83' lang='lat' dir='ltr'>aere</span> <span class='ocrx_word' id='word_1_19' title='bbox 706 410 862 448; x_wconf 86' lang='lat' dir='ltr'>solvere</span> <span class='ocrx_word' id='word_1_20' title='bbox 909 411 1075 458; x_wconf 81' lang='lat' dir='ltr'>maluit,</span> 
     </span>
     <span class='ocr_line' id='line_1_5' title="bbox 117 471 1075 523; baseline 0.001 -14"><span class='ocrx_word' id='word_1_21' title='bbox 117 481 237 521; x_wconf 91' lang='lat' dir='ltr'>quam</span> <span class='ocrx_word' id='word_1_22' title='bbox 268 474 546 520; x_wconf 87' lang='lat' dir='ltr'>corruptorum</span> <span class='ocrx_word' id='word_1_23' title='bbox 587 471 824 523; x_wconf 86' lang='lat' dir='ltr'>judiciorum</span> <span class='ocrx_word' id='word_1_24' title='bbox 875 473 1075 511; x_wconf 74' lang='lat' dir='ltr'>infamiam</span> 
     </span>
     <span class='ocr_line' id='line_1_6' title="bbox 117 533 331 572; baseline -0.005 0"><span class='ocrx_word' id='word_1_25' title='bbox 117 533 331 572; x_wconf 85' lang='lat' dir='ltr'>sustinere.</span> 
     </span>
    </p>

    <p class='ocr_par' dir='ltr' id='par_1_3' title="bbox 112 594 1077 2839">
     <span class='ocr_line' id='line_1_7' title="bbox 170 594 1074 647; baseline 0.001 -12"><span class='ocrx_word' id='word_1_26' title='bbox 170 595 248 635; x_wconf 86' lang='lat' dir='ltr'>Sed</span> <span class='ocrx_word' id='word_1_27' title='bbox 278 594 324 634; x_wconf 91' lang='lat' dir='ltr'>ad</span> <span class='ocrx_word' id='word_1_28' title='bbox 356 596 680 636; x_wconf 86' lang='lat' dir='ltr'>conservandum</span> <span class='ocrx_word' id='word_1_29' title='bbox 711 598 888 647; x_wconf 87' lang='lat' dir='ltr'>justitiae</span> <span class='ocrx_word' id='word_1_30' title='bbox 915 609 1074 644; x_wconf 84' lang='lat' dir='ltr'>munus,</span> 
     </span>
     <span class='ocr_line' id='line_1_8' title="bbox 117 658 1075 711; baseline -0.002 -13"><span class='ocrx_word' id='word_1_31' title='bbox 117 658 213 698; x_wconf 89' lang='lat' dir='ltr'>nihil</span> <span class='ocrx_word' id='word_1_32' title='bbox 243 669 370 708; x_wconf 88' lang='lat' dir='ltr'>aeque</span> <span class='ocrx_word' id='word_1_33' title='bbox 396 659 527 697; x_wconf 89' lang='lat' dir='ltr'>valere</span> <span class='ocrx_word' id='word_1_34' title='bbox 554 659 775 710; x_wconf 88' lang='lat' dir='ltr'>putandum</span> <span class='ocrx_word' id='word_1_35' title='bbox 802 664 877 706; x_wconf 88' lang='lat' dir='ltr'>est,</span> <span class='ocrx_word' id='word_1_36' title='bbox 902 671 1021 711; x_wconf 84' lang='lat' dir='ltr'>quain</span> <span class='ocrx_word' id='word_1_37' title='bbox 1045 661 1075 697; x_wconf 92' lang='lat' dir='ltr'>si</span> 
     </span>
     <span class='ocr_line' id='line_1_9' title="bbox 117 721 1073 772; baseline 0 -12"><span class='ocrx_word' id='word_1_38' title='bbox 117 722 163 770; x_wconf 89' lang='lat' dir='ltr'>is,</span> <span class='ocrx_word' id='word_1_39' title='bbox 193 721 260 772; x_wconf 91' lang='lat' dir='ltr'>qui</span> <span class='ocrx_word' id='word_1_40' title='bbox 290 725 470 760; x_wconf 68' lang='lat' dir='ltr'>caeteros</span> <span class='ocrx_word' id='word_1_41' title='bbox 499 724 702 761; x_wconf 80' lang='lat' dir='ltr'>continere,</span> <span class='ocrx_word' id='word_1_42' title='bbox 743 723 853 770; x_wconf 74' lang='lat' dir='ltr'>velit,</span> <span class='ocrx_word' id='word_1_43' title='bbox 897 724 1073 772; x_wconf 80' lang='lat' dir='ltr'>seipsum</span> 
     </span>
     <span class='ocr_line' id='line_1_10' title="bbox 117 785 1076 825; baseline -0.002 -1"><span class='ocrx_word' id='word_1_44' title='bbox 117 785 346 824; x_wconf 83' lang='lat' dir='ltr'>contineat:</span> <span class='ocrx_word' id='word_1_45' title='bbox 379 795 455 822; x_wconf 90' lang='lat' dir='ltr'>non</span> <span class='ocrx_word' id='word_1_46' title='bbox 485 786 590 823; x_wconf 82' lang='lat' dir='ltr'>enim</span> <span class='ocrx_word' id='word_1_47' title='bbox 623 791 729 825; x_wconf 87' lang='lat' dir='ltr'>recte</span> <span class='ocrx_word' id='word_1_48' title='bbox 758 790 936 824; x_wconf 87' lang='lat' dir='ltr'>caeteros</span> <span class='ocrx_word' id='word_1_49' title='bbox 972 796 1076 823; x_wconf 83' lang='lat' dir='ltr'>corn-</span> 
     </span>
     <span class='ocr_line' id='line_1_11' title="bbox 116 847 1072 899; baseline 0 -13"><span class='ocrx_word' id='word_1_50' title='bbox 116 848 273 899; x_wconf 89' lang='lat' dir='ltr'>primet‚</span> <span class='ocrx_word' id='word_1_51' title='bbox 302 847 369 898; x_wconf 89' lang='lat' dir='ltr'>qui</span> <span class='ocrx_word' id='word_1_52' title='bbox 402 849 484 898; x_wconf 88' lang='lat' dir='ltr'>ipse</span> <span class='ocrx_word' id='word_1_53' title='bbox 515 849 637 887; x_wconf 85' lang='lat' dir='ltr'>frenis</span> <span class='ocrx_word' id='word_1_54' title='bbox 675 848 834 899; x_wconf 76' lang='lat' dir='ltr'>indiget.</span> <span class='ocrx_word' id='word_1_55' title='bbox 879 848 1072 894; x_wconf 80' lang='lat' dir='ltr'>Quoniam</span> 
     </span>
     <span class='ocr_line' id='line_1_12' title="bbox 116 911 1075 962; baseline -0.002 -12"><span class='ocrx_word' id='word_1_56' title='bbox 116 921 208 962; x_wconf 80' lang='lat' dir='ltr'>ergo</span> <span class='ocrx_word' id='word_1_57' title='bbox 237 912 403 962; x_wconf 80' lang='lat' dir='ltr'>principi</span> <span class='ocrx_word' id='word_1_58' title='bbox 433 912 517 950; x_wconf 87' lang='lat' dir='ltr'>dies</span> <span class='ocrx_word' id='word_1_59' title='bbox 546 924 566 952; x_wconf 91' lang='lat' dir='ltr'>a</span> <span class='ocrx_word' id='word_1_60' title='bbox 598 912 767 951; x_wconf 88' lang='lat' dir='ltr'>subditis</span> <span class='ocrx_word' id='word_1_61' title='bbox 798 911 871 950; x_wconf 88' lang='lat' dir='ltr'>dici</span> <span class='ocrx_word' id='word_1_62' title='bbox 905 923 980 949; x_wconf 89' lang='lat' dir='ltr'>non</span> <span class='ocrx_word' id='word_1_63' title='bbox 1009 922 1075 961; x_wconf 92' lang='lat' dir='ltr'>po-</span> 
     </span>
     <span class='ocr_line' id='line_1_13' title="bbox 116 974 1076 1025; baseline -0.001 -13"><span class='ocrx_word' id='word_1_64' title='bbox 116 977 209 1023; x_wconf 83' lang='lat' dir='ltr'>test,</span> <span class='ocrx_word' id='word_1_65' title='bbox 262 975 431 1025; x_wconf 88' lang='lat' dir='ltr'>ipsemet</span> <span class='ocrx_word' id='word_1_66' title='bbox 474 974 523 1014; x_wconf 89' lang='lat' dir='ltr'>de</span> <span class='ocrx_word' id='word_1_67' title='bbox 569 987 611 1014; x_wconf 84' lang='lat' dir='ltr'>se</span> <span class='ocrx_word' id='word_1_68' title='bbox 652 975 846 1025; x_wconf 90' lang='lat' dir='ltr'>judicium</span> <span class='ocrx_word' id='word_1_69' title='bbox 896 979 1076 1020; x_wconf 86' lang='lat' dir='ltr'>statuat;</span> 
     </span>
     <span class='ocr_line' id='line_1_14' title="bbox 118 1036 1076 1087; baseline 0 -12"><span class='ocrx_word' id='word_1_70' title='bbox 118 1036 222 1087; x_wconf 89' lang='lat' dir='ltr'>quod</span> <span class='ocrx_word' id='word_1_71' title='bbox 257 1038 330 1075; x_wconf 88' lang='lat' dir='ltr'>nisi</span> <span class='ocrx_word' id='word_1_72' title='bbox 361 1037 512 1084; x_wconf 87' lang='lat' dir='ltr'>fecerit,</span> <span class='ocrx_word' id='word_1_73' title='bbox 543 1049 619 1076; x_wconf 92' lang='lat' dir='ltr'>non</span> <span class='ocrx_word' id='word_1_74' title='bbox 643 1049 760 1077; x_wconf 89' lang='lat' dir='ltr'>secus</span> <span class='ocrx_word' id='word_1_75' title='bbox 781 1037 867 1076; x_wconf 87' lang='lat' dir='ltr'>aliis</span> <span class='ocrx_word' id='word_1_76' title='bbox 892 1048 1076 1076; x_wconf 84' lang='lat' dir='ltr'>coercen-</span> 
     </span>
     <span class='ocr_line' id='line_1_15' title="bbox 117 1098 1075 1151; baseline -0.001 -13"><span class='ocrx_word' id='word_1_77' title='bbox 117 1098 180 1138; x_wconf 89' lang='lat' dir='ltr'>dis</span> <span class='ocrx_word' id='word_1_78' title='bbox 207 1098 352 1138; x_wconf 86' lang='lat' dir='ltr'>frustra</span> <span class='ocrx_word' id='word_1_79' title='bbox 375 1100 577 1147; x_wconf 77' lang='lat' dir='ltr'>laborabit,</span> <span class='ocrx_word' id='word_1_80' title='bbox 602 1113 720 1151; x_wconf 84' lang='lat' dir='ltr'>quarn</span> <span class='ocrx_word' id='word_1_81' title='bbox 753 1102 783 1139; x_wconf 91' lang='lat' dir='ltr'>si</span> <span class='ocrx_word' id='word_1_82' title='bbox 810 1102 898 1151; x_wconf 91' lang='lat' dir='ltr'>quis</span> <span class='ocrx_word' id='word_1_83' title='bbox 922 1100 1075 1139; x_wconf 89' lang='lat' dir='ltr'>curvati</span> 
     </span>
     <span class='ocr_line' id='line_1_16' title="bbox 118 1161 1076 1214; baseline -0.001 -14"><span class='ocrx_word' id='word_1_84' title='bbox 118 1161 212 1213; x_wconf 82' lang='lat' dir='ltr'>ligni</span> <span class='ocrx_word' id='word_1_85' title='bbox 245 1162 424 1201; x_wconf 85' lang='lat' dir='ltr'>umbram</span> <span class='ocrx_word' id='word_1_86' title='bbox 455 1164 606 1214; x_wconf 79' lang='lat' dir='ltr'>erigere</span> <span class='ocrx_word' id='word_1_87' title='bbox 646 1163 765 1201; x_wconf 87' lang='lat' dir='ltr'>velit:</span> <span class='ocrx_word' id='word_1_88' title='bbox 811 1164 940 1213; x_wconf 87' lang='lat' dir='ltr'>ipsum</span> <span class='ocrx_word' id='word_1_89' title='bbox 984 1172 1076 1200; x_wconf 87' lang='lat' dir='ltr'>vero</span> 
     </span>
     <span class='ocr_line' id='line_1_17' title="bbox 117 1223 1075 1277; baseline 0 -14"><span class='ocrx_word' id='word_1_90' title='bbox 117 1223 281 1275; x_wconf 83' lang='lat' dir='ltr'>lignum,</span> <span class='ocrx_word' id='word_1_91' title='bbox 317 1237 367 1263; x_wconf 86' lang='lat' dir='ltr'>ex</span> <span class='ocrx_word' id='word_1_92' title='bbox 411 1237 488 1276; x_wconf 93' lang='lat' dir='ltr'>quo</span> <span class='ocrx_word' id='word_1_93' title='bbox 533 1225 672 1264; x_wconf 90' lang='lat' dir='ltr'>umbra</span> <span class='ocrx_word' id='word_1_94' title='bbox 715 1225 872 1277; x_wconf 84' lang='lat' dir='ltr'>jacitur,</span> <span class='ocrx_word' id='word_1_95' title='bbox 917 1236 1075 1263; x_wconf 86' lang='lat' dir='ltr'>movere</span> 
     </span>
     <span class='ocr_line' id='line_1_18' title="bbox 117 1287 1076 1339; baseline 0 -14"><span class='ocrx_word' id='word_1_96' title='bbox 117 1287 306 1338; x_wconf 77' lang='lat' dir='ltr'>negligat.</span> <span class='ocrx_word' id='word_1_97' title='bbox 336 1288 435 1327; x_wconf 91' lang='lat' dir='ltr'>Cum</span> <span class='ocrx_word' id='word_1_98' title='bbox 467 1292 600 1327; x_wconf 88' lang='lat' dir='ltr'>autem</span> <span class='ocrx_word' id='word_1_99' title='bbox 633 1289 669 1325; x_wconf 92' lang='lat' dir='ltr'>in</span> <span class='ocrx_word' id='word_1_100' title='bbox 701 1290 877 1339; x_wconf 83' lang='lat' dir='ltr'>seipsum</span> <span class='ocrx_word' id='word_1_101' title='bbox 909 1298 1076 1327; x_wconf 72' lang='lat' dir='ltr'>severus</span> 
     </span>
     <span class='ocr_line' id='line_1_19' title="bbox 117 1350 1076 1401; baseline 0.001 -13"><span class='ocrx_word' id='word_1_102' title='bbox 117 1350 309 1397; x_wconf 86' lang='lat' dir='ltr'>extiterit,</span> <span class='ocrx_word' id='word_1_103' title='bbox 340 1350 451 1389; x_wconf 84' lang='lat' dir='ltr'>facile</span> <span class='ocrx_word' id='word_1_104' title='bbox 494 1350 657 1400; x_wconf 88' lang='lat' dir='ltr'>reliquis</span> <span class='ocrx_word' id='word_1_105' title='bbox 701 1351 935 1400; x_wconf 85' lang='lat' dir='ltr'>imperabit:</span> <span class='ocrx_word' id='word_1_106' title='bbox 967 1362 1076 1401; x_wconf 86' lang='lat' dir='ltr'>prae·</span> 
     </span>
     <span class='ocr_line' id='line_1_20' title="bbox 114 1412 1075 1463; baseline 0 -13"><span class='ocrx_word' id='word_1_107' title='bbox 114 1412 266 1460; x_wconf 86' lang='lat' dir='ltr'>sertim,</span> <span class='ocrx_word' id='word_1_108' title='bbox 296 1413 387 1463; x_wconf 87' lang='lat' dir='ltr'>quia</span> <span class='ocrx_word' id='word_1_109' title='bbox 417 1423 463 1451; x_wconf 87' lang='lat' dir='ltr'>ea</span> <span class='ocrx_word' id='word_1_110' title='bbox 493 1416 632 1451; x_wconf 87' lang='lat' dir='ltr'>natura</span> <span class='ocrx_word' id='word_1_111' title='bbox 678 1412 945 1451; x_wconf 87' lang='lat' dir='ltr'>multitudinis</span> <span class='ocrx_word' id='word_1_112' title='bbox 988 1417 1075 1457; x_wconf 88' lang='lat' dir='ltr'>est,</span> 
     </span>
     <span class='ocr_line' id='line_1_21' title="bbox 116 1473 1076 1525; baseline -0.002 -12"><span class='ocrx_word' id='word_1_113' title='bbox 116 1478 159 1513; x_wconf 89' lang='lat' dir='ltr'>ut</span> <span class='ocrx_word' id='word_1_114' title='bbox 188 1473 236 1512; x_wconf 92' lang='lat' dir='ltr'>ad</span> <span class='ocrx_word' id='word_1_115' title='bbox 267 1475 456 1525; x_wconf 89' lang='lat' dir='ltr'>principis</span> <span class='ocrx_word' id='word_1_116' title='bbox 486 1485 617 1512; x_wconf 90' lang='lat' dir='ltr'>mores</span> <span class='ocrx_word' id='word_1_117' title='bbox 648 1485 737 1512; x_wconf 88' lang='lat' dir='ltr'>sese</span> <span class='ocrx_word' id='word_1_118' title='bbox 767 1474 1000 1512; x_wconf 83' lang='lat' dir='ltr'>conformet.</span> <span class='ocrx_word' id='word_1_119' title='bbox 1027 1475 1076 1512; x_wconf 84' lang='lat' dir='ltr'>Et</span> 
     </span>
     <span class='ocr_line' id='line_1_22' title="bbox 113 1535 1076 1586; baseline -0.001 -12"><span class='ocrx_word' id='word_1_120' title='bbox 113 1536 301 1586; x_wconf 81' lang='lat' dir='ltr'>profecto,</span> <span class='ocrx_word' id='word_1_121' title='bbox 331 1537 363 1574; x_wconf 90' lang='lat' dir='ltr'>si</span> <span class='ocrx_word' id='word_1_122' title='bbox 394 1535 604 1585; x_wconf 77' lang='lat' dir='ltr'>diligenter</span> <span class='ocrx_word' id='word_1_123' title='bbox 632 1547 724 1574; x_wconf 90' lang='lat' dir='ltr'>cum</span> <span class='ocrx_word' id='word_1_124' title='bbox 765 1537 896 1574; x_wconf 85' lang='lat' dir='ltr'>animo</span> <span class='ocrx_word' id='word_1_125' title='bbox 941 1540 1076 1573; x_wconf 91' lang='lat' dir='ltr'>nostro</span> 
     </span>
     <span class='ocr_line' id='line_1_23' title="bbox 113 1597 1074 1648; baseline 0 -12"><span class='ocrx_word' id='word_1_126' title='bbox 113 1602 297 1648; x_wconf 85' lang='lat' dir='ltr'>reputare</span> <span class='ocrx_word' id='word_1_127' title='bbox 327 1597 587 1644; x_wconf 88' lang='lat' dir='ltr'>voluerimus,</span> <span class='ocrx_word' id='word_1_128' title='bbox 619 1605 775 1648; x_wconf 86' lang='lat' dir='ltr'>praeter</span> <span class='ocrx_word' id='word_1_129' title='bbox 806 1598 930 1636; x_wconf 86' lang='lat' dir='ltr'>bonas</span> <span class='ocrx_word' id='word_1_130' title='bbox 955 1603 1074 1636; x_wconf 87' lang='lat' dir='ltr'>actio-</span> 
     </span>
     <span class='ocr_line' id='line_1_24' title="bbox 115 1660 1074 1710; baseline -0.001 -12"><span class='ocrx_word' id='word_1_131' title='bbox 115 1671 200 1708; x_wconf 89' lang='lat' dir='ltr'>nes,</span> <span class='ocrx_word' id='word_1_132' title='bbox 231 1661 326 1699; x_wconf 86' lang='lat' dir='ltr'>nihil</span> <span class='ocrx_word' id='word_1_133' title='bbox 359 1662 395 1698; x_wconf 90' lang='lat' dir='ltr'>in</span> <span class='ocrx_word' id='word_1_134' title='bbox 427 1660 500 1699; x_wconf 89' lang='lat' dir='ltr'>hac</span> <span class='ocrx_word' id='word_1_135' title='bbox 530 1662 610 1699; x_wconf 88' lang='lat' dir='ltr'>vita</span> <span class='ocrx_word' id='word_1_136' title='bbox 639 1661 897 1710; x_wconf 86' lang='lat' dir='ltr'>reperiemus,</span> <span class='ocrx_word' id='word_1_137' title='bbox 923 1672 971 1699; x_wconf 83' lang='lat' dir='ltr'>ex</span> <span class='ocrx_word' id='word_1_138' title='bbox 997 1672 1074 1710; x_wconf 89' lang='lat' dir='ltr'>quo</span> 
     </span>
     <span class='ocr_line' id='line_1_25' title="bbox 115 1723 1075 1774; baseline 0 -14"><span class='ocrx_word' id='word_1_139' title='bbox 115 1734 250 1762; x_wconf 87' lang='lat' dir='ltr'>veram</span> <span class='ocrx_word' id='word_1_140' title='bbox 283 1723 544 1774; x_wconf 80' lang='lat' dir='ltr'>voluptatem,</span> <span class='ocrx_word' id='word_1_141' title='bbox 590 1723 844 1773; x_wconf 88' lang='lat' dir='ltr'>fructumque</span> <span class='ocrx_word' id='word_1_142' title='bbox 889 1723 1075 1773; x_wconf 83' lang='lat' dir='ltr'>percipia-</span> 
     </span>
     <span class='ocr_line' id='line_1_26' title="bbox 117 1785 1074 1825; baseline -0.001 -1"><span class='ocrx_word' id='word_1_143' title='bbox 117 1796 237 1824; x_wconf 87' lang='lat' dir='ltr'>mus:</span> <span class='ocrx_word' id='word_1_144' title='bbox 266 1797 357 1824; x_wconf 91' lang='lat' dir='ltr'>nam</span> <span class='ocrx_word' id='word_1_145' title='bbox 387 1797 478 1824; x_wconf 86' lang='lat' dir='ltr'>cum</span> <span class='ocrx_word' id='word_1_146' title='bbox 509 1786 808 1825; x_wconf 75' lang='lat' dir='ltr'>benef-aeterum</span> <span class='ocrx_word' id='word_1_147' title='bbox 856 1785 1074 1823; x_wconf 70' lang='lat' dir='ltr'>recordatio</span> 
     </span>
     <span class='ocr_line' id='line_1_27' title="bbox 112 1846 1076 1897; baseline -0.001 -11"><span class='ocrx_word' id='word_1_148' title='bbox 112 1846 406 1897; x_wconf 88' lang='lat' dir='ltr'>jucundissima</span> <span class='ocrx_word' id='word_1_149' title='bbox 437 1849 513 1893; x_wconf 88' lang='lat' dir='ltr'>sit;</span> <span class='ocrx_word' id='word_1_150' title='bbox 544 1853 628 1887; x_wconf 89' lang='lat' dir='ltr'>tum</span> <span class='ocrx_word' id='word_1_151' title='bbox 662 1859 754 1886; x_wconf 91' lang='lat' dir='ltr'>vero</span> <span class='ocrx_word' id='word_1_152' title='bbox 787 1847 956 1895; x_wconf 87' lang='lat' dir='ltr'>laudem,</span> <span class='ocrx_word' id='word_1_153' title='bbox 991 1848 1076 1885; x_wconf 84' lang='lat' dir='ltr'>exi—</span> 
     </span>
     <span class='ocr_line' id='line_1_28' title="bbox 115 1910 1075 1961; baseline -0.001 -13"><span class='ocrx_word' id='word_1_154' title='bbox 115 1911 453 1961; x_wconf 87' lang='lat' dir='ltr'>stimatonemque</span> <span class='ocrx_word' id='word_1_155' title='bbox 479 1910 552 1950; x_wconf 87' lang='lat' dir='ltr'>hac</span> <span class='ocrx_word' id='word_1_156' title='bbox 576 1912 659 1961; x_wconf 87' lang='lat' dir='ltr'>ipsa</span> <span class='ocrx_word' id='word_1_157' title='bbox 686 1912 835 1949; x_wconf 87' lang='lat' dir='ltr'>ratione</span> <span class='ocrx_word' id='word_1_158' title='bbox 856 1921 1075 1960; x_wconf 83' lang='lat' dir='ltr'>conseque-</span> 
     </span>
     <span class='ocr_line' id='line_1_29' title="bbox 116 1972 1074 2024; baseline -0.001 -13"><span class='ocrx_word' id='word_1_159' title='bbox 116 1983 230 2012; x_wconf 85' lang='lat' dir='ltr'>mur:</span> <span class='ocrx_word' id='word_1_160' title='bbox 259 1984 432 2024; x_wconf 89' lang='lat' dir='ltr'>cumque</span> <span class='ocrx_word' id='word_1_161' title='bbox 461 1985 511 2012; x_wconf 84' lang='lat' dir='ltr'>ex</span> <span class='ocrx_word' id='word_1_162' title='bbox 541 1975 740 2024; x_wconf 90' lang='lat' dir='ltr'>corporeis</span> <span class='ocrx_word' id='word_1_163' title='bbox 769 1973 939 2011; x_wconf 87' lang='lat' dir='ltr'>vinculis</span> <span class='ocrx_word' id='word_1_164' title='bbox 978 1972 1074 2010; x_wconf 87' lang='lat' dir='ltr'>libe-</span> 
     </span>
     <span class='ocr_line' id='line_1_30' title="bbox 116 2034 1076 2085; baseline -0.001 -11"><span class='ocrx_word' id='word_1_165' title='bbox 116 2036 189 2074; x_wconf 88' lang='lat' dir='ltr'>rati</span> <span class='ocrx_word' id='word_1_166' title='bbox 220 2036 312 2075; x_wconf 87' lang='lat' dir='ltr'>hinc</span> <span class='ocrx_word' id='word_1_167' title='bbox 341 2035 620 2083; x_wconf 86' lang='lat' dir='ltr'>discedemus;</span> <span class='ocrx_word' id='word_1_168' title='bbox 651 2035 697 2074; x_wconf 90' lang='lat' dir='ltr'>ad</span> <span class='ocrx_word' id='word_1_169' title='bbox 730 2047 797 2074; x_wconf 90' lang='lat' dir='ltr'>eas</span> <span class='ocrx_word' id='word_1_170' title='bbox 841 2038 970 2083; x_wconf 82' lang='lat' dir='ltr'>sedes,</span> <span class='ocrx_word' id='word_1_171' title='bbox 1011 2034 1076 2085; x_wconf 89' lang='lat' dir='ltr'>ju·</span> 
     </span>
     <span class='ocr_line' id='line_1_31' title="bbox 116 2097 1074 2149; baseline -0.002 -12"><span class='ocrx_word' id='word_1_172' title='bbox 116 2099 222 2137; x_wconf 90' lang='lat' dir='ltr'>stitia</span> <span class='ocrx_word' id='word_1_173' title='bbox 253 2098 380 2148; x_wconf 89' lang='lat' dir='ltr'>duce,</span> <span class='ocrx_word' id='word_1_174' title='bbox 412 2099 684 2149; x_wconf 74' lang='lat' dir='ltr'>migrabimus,</span> <span class='ocrx_word' id='word_1_175' title='bbox 715 2099 753 2136; x_wconf 90' lang='lat' dir='ltr'>in</span> <span class='ocrx_word' id='word_1_176' title='bbox 785 2097 932 2148; x_wconf 90' lang='lat' dir='ltr'>quibus</span> <span class='ocrx_word' id='word_1_177' title='bbox 975 2107 1074 2136; x_wconf 83' lang='lat' dir='ltr'>aevo</span> 
     </span>
     <span class='ocr_line' id='line_1_32' title="bbox 118 2158 1074 2212; baseline -0.003 -11"><span class='ocrx_word' id='word_1_178' title='bbox 118 2161 296 2201; x_wconf 81' lang='lat' dir='ltr'>fruamur</span> <span class='ocrx_word' id='word_1_179' title='bbox 325 2163 591 2212; x_wconf 87' lang='lat' dir='ltr'>sempiterno:</span> <span class='ocrx_word' id='word_1_180' title='bbox 624 2161 685 2200; x_wconf 84' lang='lat' dir='ltr'>his</span> <span class='ocrx_word' id='word_1_181' title='bbox 709 2162 828 2208; x_wconf 87' lang='lat' dir='ltr'>enim,</span> <span class='ocrx_word' id='word_1_182' title='bbox 855 2161 921 2211; x_wconf 91' lang='lat' dir='ltr'>qui</span> <span class='ocrx_word' id='word_1_183' title='bbox 942 2158 1074 2209; x_wconf 84' lang='lat' dir='ltr'>justos</span> 
     </span>
     <span class='ocr_line' id='line_1_33' title="bbox 116 2223 1075 2275; baseline -0.002 -13"><span class='ocrx_word' id='word_1_184' title='bbox 116 2234 160 2262; x_wconf 88' lang='lat' dir='ltr'>se</span> <span class='ocrx_word' id='word_1_185' title='bbox 189 2223 460 2275; x_wconf 83' lang='lat' dir='ltr'>praebuerint,</span> <span class='ocrx_word' id='word_1_186' title='bbox 484 2235 541 2273; x_wconf 88' lang='lat' dir='ltr'>ea,</span> <span class='ocrx_word' id='word_1_187' title='bbox 564 2236 666 2274; x_wconf 89' lang='lat' dir='ltr'>quae</span> <span class='ocrx_word' id='word_1_188' title='bbox 691 2223 880 2269; x_wconf 83' lang='lat' dir='ltr'>diximus,</span> <span class='ocrx_word' id='word_1_189' title='bbox 903 2223 1075 2273; x_wconf 85' lang='lat' dir='ltr'>praemia</span> 
     </span>
     <span class='ocr_line' id='line_1_34' title="bbox 117 2284 1072 2337; baseline -0.001 -13"><span class='ocrx_word' id='word_1_190' title='bbox 117 2286 156 2324; x_wconf 88' lang='lat' dir='ltr'>in</span> <span class='ocrx_word' id='word_1_191' title='bbox 188 2290 358 2336; x_wconf 87' lang='lat' dir='ltr'>utraque</span> <span class='ocrx_word' id='word_1_192' title='bbox 389 2287 468 2324; x_wconf 91' lang='lat' dir='ltr'>vita</span> <span class='ocrx_word' id='word_1_193' title='bbox 500 2288 698 2337; x_wconf 91' lang='lat' dir='ltr'>proposita</span> <span class='ocrx_word' id='word_1_194' title='bbox 729 2296 818 2324; x_wconf 87' lang='lat' dir='ltr'>esse</span> <span class='ocrx_word' id='word_1_195' title='bbox 850 2296 966 2323; x_wconf 86' lang='lat' dir='ltr'>nemo</span> <span class='ocrx_word' id='word_1_196' title='bbox 1003 2284 1072 2323; x_wconf 56' lang='lat' dir='ltr'>dua</span> 
     </span>
     <span class='ocr_line' id='line_1_35' title="bbox 117 2347 1075 2396; baseline -0.003 -9"><span class='ocrx_word' id='word_1_197' title='bbox 117 2348 319 2387; x_wconf 83' lang='lat' dir='ltr'>bitaverit.</span> <span class='ocrx_word' id='word_1_198' title='bbox 349 2348 422 2394; x_wconf 88' lang='lat' dir='ltr'>Qui</span> <span class='ocrx_word' id='word_1_199' title='bbox 455 2360 549 2387; x_wconf 91' lang='lat' dir='ltr'>vero</span> <span class='ocrx_word' id='word_1_200' title='bbox 579 2359 667 2387; x_wconf 90' lang='lat' dir='ltr'>sese</span> <span class='ocrx_word' id='word_1_201' title='bbox 698 2349 804 2386; x_wconf 88' lang='lat' dir='ltr'>vitiis</span> <span class='ocrx_word' id='word_1_202' title='bbox 839 2347 1075 2396; x_wconf 80' lang='lat' dir='ltr'>addixerint,</span> 
     </span>
     <span class='ocr_line' id='line_1_36' title="bbox 118 2409 1076 2461; baseline -0.003 -11"><span class='ocrx_word' id='word_1_203' title='bbox 118 2415 156 2450; x_wconf 85' lang='lat' dir='ltr'>et</span> <span class='ocrx_word' id='word_1_204' title='bbox 179 2409 339 2461; x_wconf 83' lang='lat' dir='ltr'>injustis</span> <span class='ocrx_word' id='word_1_205' title='bbox 358 2411 597 2449; x_wconf 79' lang='lat' dir='ltr'>facinoribus</span> <span class='ocrx_word' id='word_1_206' title='bbox 623 2411 944 2461; x_wconf 79' lang='lat' dir='ltr'>inquinaverint3</span> <span class='ocrx_word' id='word_1_207' title='bbox 968 2421 1076 2459; x_wconf 87' lang='lat' dir='ltr'>prae-</span> 
     </span>
     <span class='ocr_line' id='line_1_37' title="bbox 119 2472 1077 2525; baseline -0.003 -12"><span class='ocrx_word' id='word_1_208' title='bbox 119 2473 408 2525; x_wconf 88' lang='lat' dir='ltr'>terquamquod</span> <span class='ocrx_word' id='word_1_209' title='bbox 433 2475 634 2525; x_wconf 86' lang='lat' dir='ltr'>perpetuis</span> <span class='ocrx_word' id='word_1_210' title='bbox 655 2474 920 2512; x_wconf 85' lang='lat' dir='ltr'>conscientiae</span> <span class='ocrx_word' id='word_1_211' title='bbox 945 2472 1077 2522; x_wconf 79' lang='lat' dir='ltr'>flagel-</span> 
     </span>
     <span class='ocr_line' id='line_1_38' title="bbox 121 2536 1077 2585; baseline -0.005 -9"><span class='ocrx_word' id='word_1_212' title='bbox 121 2537 170 2576; x_wconf 86' lang='lat' dir='ltr'>lis</span> <span class='ocrx_word' id='word_1_213' title='bbox 191 2537 464 2585; x_wconf 71' lang='lat' dir='ltr'>verberantur,</span> <span class='ocrx_word' id='word_1_214' title='bbox 488 2537 606 2574; x_wconf 87' lang='lat' dir='ltr'>etiam</span> <span class='ocrx_word' id='word_1_215' title='bbox 630 2547 722 2575; x_wconf 83' lang='lat' dir='ltr'>cum</span> <span class='ocrx_word' id='word_1_216' title='bbox 744 2547 764 2573; x_wconf 87' lang='lat' dir='ltr'>e</span> <span class='ocrx_word' id='word_1_217' title='bbox 789 2536 867 2574; x_wconf 86' lang='lat' dir='ltr'>vita</span> <span class='ocrx_word' id='word_1_218' title='bbox 894 2545 1077 2573; x_wconf 79' lang='lat' dir='ltr'>excesse-</span> 
     </span>
     <span class='ocr_line' id='line_1_39' title="bbox 119 2597 1076 2648; baseline -0.004 -10"><span class='ocrx_word' id='word_1_219' title='bbox 119 2600 212 2648; x_wconf 89' lang='lat' dir='ltr'>rint,</span> <span class='ocrx_word' id='word_1_220' title='bbox 234 2600 281 2638; x_wconf 88' lang='lat' dir='ltr'>iis</span> <span class='ocrx_word' id='word_1_221' title='bbox 304 2600 378 2638; x_wconf 89' lang='lat' dir='ltr'>erit</span> <span class='ocrx_word' id='word_1_222' title='bbox 398 2599 599 2638; x_wconf 88' lang='lat' dir='ltr'>seclusum</span> <span class='ocrx_word' id='word_1_223' title='bbox 624 2599 696 2637; x_wconf 90' lang='lat' dir='ltr'>iter</span> <span class='ocrx_word' id='word_1_224' title='bbox 719 2609 740 2636; x_wconf 91' lang='grc'>3</span> <span class='ocrx_word' id='word_1_225' title='bbox 761 2597 924 2636; x_wconf 83' lang='grc'><strong>00301110</strong></span> <span class='ocrx_word' id='word_1_226' title='bbox 945 2597 1076 2635; x_wconf 87' lang='lat' dir='ltr'>beato-</span> 
     </span>
     <span class='ocr_line' id='line_1_40' title="bbox 120 2661 1077 2711; baseline -0.007 -9"><span class='ocrx_word' id='word_1_227' title='bbox 120 2673 224 2707; x_wconf 90' lang='lat' dir='ltr'>rum,</span> <span class='ocrx_word' id='word_1_228' title='bbox 246 2662 283 2700; x_wconf 93' lang='lat' dir='ltr'>in</span> <span class='ocrx_word' id='word_1_229' title='bbox 303 2673 349 2701; x_wconf 89' lang='lat' dir='ltr'>ea</span> <span class='ocrx_word' id='word_1_230' title='bbox 373 2661 468 2709; x_wconf 88' lang='lat' dir='ltr'>loca,</span> <span class='ocrx_word' id='word_1_231' title='bbox 501 2661 562 2700; x_wconf 93' lang='lat' dir='ltr'>ubi</span> <span class='ocrx_word' id='word_1_232' title='bbox 591 2661 727 2711; x_wconf 88' lang='lat' dir='ltr'>paenis</span> <span class='ocrx_word' id='word_1_233' title='bbox 751 2661 980 2698; x_wconf 73' lang='lat' dir='ltr'>crucientur</span> <span class='ocrx_word' id='word_1_234' title='bbox 1014 2670 1077 2697; x_wconf 83' lang='lat' dir='ltr'>ae-</span> 
     </span>
     <span class='ocr_line' id='line_1_41' title="bbox 120 2723 1075 2775; baseline -0.004 -11"><span class='ocrx_word' id='word_1_235' title='bbox 120 2726 257 2765; x_wconf 87' lang='lat' dir='ltr'>ternis.</span> <span class='ocrx_word' id='word_1_236' title='bbox 282 2725 335 2764; x_wconf 89' lang='lat' dir='ltr'>Et</span> <span class='ocrx_word' id='word_1_237' title='bbox 353 2725 457 2764; x_wconf 87' lang='lat' dir='ltr'>cerie</span> <span class='ocrx_word' id='word_1_238' title='bbox 481 2725 546 2775; x_wconf 86' lang='lat' dir='ltr'>qui</span> <span class='ocrx_word' id='word_1_239' title='bbox 564 2723 759 2775; x_wconf 84' lang='lat' dir='ltr'>justitiam</span> <span class='ocrx_word' id='word_1_240' title='bbox 778 2724 1075 2774; x_wconf 77' lang='lat' dir='ltr'>contempserit,</span> 
     </span>
     <span class='ocr_line' id='line_1_42' title="bbox 121 2788 960 2839; baseline -0.006 -11"><span class='ocrx_word' id='word_1_241' title='bbox 121 2789 281 2839; x_wconf 81' lang='lat' dir='ltr'>tyranni</span> <span class='ocrx_word' id='word_1_242' title='bbox 311 2799 455 2827; x_wconf 87' lang='lat' dir='ltr'>nomen</span> <span class='ocrx_word' id='word_1_243' title='bbox 485 2788 671 2836; x_wconf 90' lang='lat' dir='ltr'>obtineat,</span> <span class='ocrx_word' id='word_1_244' title='bbox 699 2797 861 2824; x_wconf 86' lang='grc'><strong>3003553</strong></span> <span class='ocrx_word' id='word_1_245' title='bbox 886 2789 960 2824; x_wconf 83' lang='lat' dir='ltr'>est.</span> 
     </span>
    </p>

    <p class='ocr_par' dir='ltr' id='par_1_4' title="bbox 121 2847 1077 3270">
     <span class='ocr_line' id='line_1_43' title="bbox 201 2847 1077 2903; baseline -0.006 -11"><span class='ocrx_word' id='word_1_246' title='bbox 201 2853 339 2903; x_wconf 86' lang='lat' dir='ltr'>Neque</span> <span class='ocrx_word' id='word_1_247' title='bbox 381 2862 486 2890; x_wconf 84' lang='lat' dir='ltr'>enim</span> <span class='ocrx_word' id='word_1_248' title='bbox 531 2849 648 2888; x_wconf 88' lang='lat' dir='ltr'>debet</span> <span class='ocrx_word' id='word_1_249' title='bbox 696 2847 831 2898; x_wconf 84' lang='lat' dir='ltr'>justus</span> <span class='ocrx_word' id='word_1_250' title='bbox 875 2849 956 2886; x_wconf 79' lang='lat' dir='ltr'>Rex</span> <span class='ocrx_word' id='word_1_251' title='bbox 1008 2853 1077 2887; x_wconf 86' lang='lat' dir='ltr'>aut</span> 
     </span>
     <span class='ocr_line' id='line_1_44' title="bbox 122 2911 1077 2964; baseline -0.006 -10"><span class='ocrx_word' id='word_1_252' title='bbox 122 2925 292 2964; x_wconf 68' lang='lat' dir='ltr'>uxores,</span> <span class='ocrx_word' id='word_1_253' title='bbox 334 2916 406 2953; x_wconf 71' lang='lat' dir='ltr'>aut</span> <span class='ocrx_word' id='word_1_254' title='bbox 446 2914 614 2961; x_wconf 89' lang='lat' dir='ltr'>liberos,</span> <span class='ocrx_word' id='word_1_255' title='bbox 643 2917 712 2951; x_wconf 89' lang='lat' dir='ltr'>aut</span> <span class='ocrx_word' id='word_1_256' title='bbox 756 2912 829 2950; x_wconf 87' lang='lat' dir='ltr'>alia</span> <span class='ocrx_word' id='word_1_257' title='bbox 872 2911 970 2950; x_wconf 88' lang='lat' dir='ltr'>bona</span> <span class='ocrx_word' id='word_1_258' title='bbox 1023 2913 1077 2950; x_wconf 89' lang='lat' dir='ltr'>ci-</span> 
     </span>
     <span class='ocr_line' id='line_1_45' title="bbox 121 2973 1076 3027; baseline -0.007 -10"><span class='ocrx_word' id='word_1_259' title='bbox 121 2977 233 3017; x_wconf 87' lang='lat' dir='ltr'>vium</span> <span class='ocrx_word' id='word_1_260' title='bbox 284 2977 590 3027; x_wconf 69' lang='lat' dir='ltr'>concupiscere,</span> <span class='ocrx_word' id='word_1_261' title='bbox 643 2979 761 3024; x_wconf 83' lang='lat' dir='ltr'>atque</span> <span class='ocrx_word' id='word_1_262' title='bbox 796 2973 891 3012; x_wconf 76' lang='lat' dir='ltr'>adeo</span> <span class='ocrx_word' id='word_1_263' title='bbox 921 2974 952 3011; x_wconf 91' lang='lat' dir='ltr'>si</span> <span class='ocrx_word' id='word_1_264' title='bbox 983 2985 1076 3012; x_wconf 87' lang='lat' dir='ltr'>con-</span> 
     </span>
     <span class='ocr_line' id='line_1_46' title="bbox 122 3037 1074 3094; baseline -0.008 -13"><span class='ocrx_word' id='word_1_265' title='bbox 122 3041 342 3094; x_wconf 89' lang='lat' dir='ltr'>cupiscenti</span> <span class='ocrx_word' id='word_1_266' title='bbox 385 3051 463 3078; x_wconf 88' lang='lat' dir='ltr'>non</span> <span class='ocrx_word' id='word_1_267' title='bbox 506 3037 801 3084; x_wconf 72' lang='lat' dir='ltr'>concedantur,</span> <span class='ocrx_word' id='word_1_268' title='bbox 852 3037 922 3074; x_wconf 89' lang='lat' dir='ltr'>sibi</span> <span class='ocrx_word' id='word_1_269' title='bbox 976 3037 1074 3087; x_wconf 86' lang='lat' dir='ltr'>ipsi,</span> 
     </span>
     <span class='ocr_line' id='line_1_47' title="bbox 121 3101 1076 3156; baseline -0.006 -12"><span class='ocrx_word' id='word_1_270' title='bbox 121 3106 189 3156; x_wconf 89' lang='lat' dir='ltr'>qui</span> <span class='ocrx_word' id='word_1_271' title='bbox 217 3105 344 3144; x_wconf 84' lang='lat' dir='ltr'>aliena</span> <span class='ocrx_word' id='word_1_272' title='bbox 382 3105 694 3153; x_wconf 78' lang='lat' dir='ltr'>intemperanter</span> <span class='ocrx_word' id='word_1_273' title='bbox 717 3101 965 3150; x_wconf 68' lang='lat' dir='ltr'>appetiverit,</span> <span class='ocrx_word' id='word_1_274' title='bbox 997 3112 1076 3138; x_wconf 85' lang='lat' dir='ltr'>ma·</span> 
     </span>
     <span class='ocr_line' id='line_1_48' title="bbox 124 3162 1076 3220; baseline -0.007 -13"><span class='ocrx_word' id='word_1_275' title='bbox 124 3170 184 3220; x_wconf 86' lang='lat' dir='ltr'>gis</span> <span class='ocrx_word' id='word_1_276' title='bbox 227 3169 340 3207; x_wconf 84' lang='lat' dir='ltr'>irasci</span> <span class='ocrx_word' id='word_1_277' title='bbox 384 3166 528 3214; x_wconf 86' lang='lat' dir='ltr'>debet,</span> <span class='ocrx_word' id='word_1_278' title='bbox 571 3175 689 3215; x_wconf 85' lang='lat' dir='ltr'>quain</span> <span class='ocrx_word' id='word_1_279' title='bbox 729 3174 800 3201; x_wconf 88' lang='lat' dir='ltr'>sua</span> <span class='ocrx_word' id='word_1_280' title='bbox 836 3162 1007 3209; x_wconf 79' lang='lat' dir='ltr'>fortiter,</span> <span class='ocrx_word' id='word_1_281' title='bbox 1037 3167 1076 3200; x_wconf 87' lang='lat' dir='ltr'>et</span> 
     </span>
     <span class='ocr_line' id='line_1_49' title="bbox 123 3227 755 3270; baseline -0.011 0"><span class='ocrx_word' id='word_1_282' title='bbox 123 3231 320 3270; x_wconf 84' lang='lat' dir='ltr'>obstinate</span> <span class='ocrx_word' id='word_1_283' title='bbox 350 3235 479 3269; x_wconf 88' lang='lat' dir='ltr'>tutare</span> <span class='ocrx_word' id='word_1_284' title='bbox 520 3227 755 3266; x_wconf 87' lang='lat' dir='ltr'>volentibus.</span> 
     </span>
    </p>

    <p class='ocr_par' dir='ltr' id='par_1_5' title="bbox 123 3289 1078 3408">
     <span class='ocr_line' id='line_1_50' title="bbox 205 3289 1076 3345; baseline -0.01 -11"><span class='ocrx_word' id='word_1_285' title='bbox 205 3294 308 3334; x_wconf 87' lang='lat' dir='ltr'>Suas</span> <span class='ocrx_word' id='word_1_286' title='bbox 332 3294 451 3345; x_wconf 80' lang='lat' dir='ltr'>igitur</span> <span class='ocrx_word' id='word_1_287' title='bbox 481 3290 720 3342; x_wconf 86' lang='lat' dir='ltr'>cupiditates</span> <span class='ocrx_word' id='word_1_288' title='bbox 752 3289 935 3340; x_wconf 87' lang='lat' dir='ltr'>princeps</span> <span class='ocrx_word' id='word_1_289' title='bbox 969 3299 1076 3327; x_wconf 84' lang='lat' dir='ltr'>coer-</span> 
     </span>
     <span class='ocr_line' id='line_1_51' title="bbox 123 3352 1078 3408; baseline -0.007 -11"><span class='ocrx_word' id='word_1_290' title='bbox 123 3361 223 3408; x_wconf 82' lang='lat' dir='ltr'>ceat,</span> <span class='ocrx_word' id='word_1_291' title='bbox 248 3357 451 3398; x_wconf 86' lang='lat' dir='ltr'>libidinem</span> <span class='ocrx_word' id='word_1_292' title='bbox 480 3354 626 3404; x_wconf 86' lang='lat' dir='ltr'>domet,</span> <span class='ocrx_word' id='word_1_293' title='bbox 658 3357 790 3392; x_wconf 87' lang='lat' dir='ltr'>motus</span> <span class='ocrx_word' id='word_1_294' title='bbox 819 3352 939 3390; x_wconf 87' lang='lat' dir='ltr'>animi</span> <span class='ocrx_word' id='word_1_295' title='bbox 964 3356 1078 3403; x_wconf 76' lang='lat' dir='ltr'>cogat</span> 
     </span>
    </p>
   </div>
   <div class='ocr_carea' id='block_1_3' title="bbox 1149 217 2115 3402">
    <p class='ocr_par' dir='ltr' id='par_1_6' title="bbox 1151 217 2115 1022">
     <span class='ocr_line' id='line_1_52' title="bbox 2037 217 2113 256; baseline 0.026 -2"><span class='ocrx_word' id='word_1_296' title='bbox 2037 217 2113 256; x_wconf 68' lang='lat'>6:555</span> 
     </span>
     <span class='ocr_line' id='line_1_53' title="bbox 1156 287 2112 340; baseline 0.004 -18"><span class='ocrx_word' id='word_1_297' title='bbox 1156 287 1291 323; x_wconf 87' lang='lat' dir='ltr'>rationi</span> <span class='ocrx_word' id='word_1_298' title='bbox 1319 297 1473 337; x_wconf 84' lang='lat' dir='ltr'>parere;</span> <span class='ocrx_word' id='word_1_299' title='bbox 1496 300 1515 326; x_wconf 98' lang='grc'>3</span> <span class='ocrx_word' id='word_1_300' title='bbox 1542 289 1688 339; x_wconf 89' lang='lat' dir='ltr'>quibus</span> <span class='ocrx_word' id='word_1_301' title='bbox 1710 289 1740 326; x_wconf 80' lang='lat' dir='ltr'>si</span> <span class='ocrx_word' id='word_1_302' title='bbox 1763 299 1806 326; x_wconf 77' lang='lat' dir='ltr'>se</span> <span class='ocrx_word' id='word_1_303' title='bbox 1832 289 1933 327; x_wconf 90' lang='lat' dir='ltr'>vinci</span> <span class='ocrx_word' id='word_1_304' title='bbox 1967 290 2112 340; x_wconf 87' lang='lat' dir='ltr'>permi-</span> 
     </span>
     <span class='ocr_line' id='line_1_54' title="bbox 1152 348 2112 401; baseline 0.007 -18"><span class='ocrx_word' id='word_1_305' title='bbox 1152 348 1273 396; x_wconf 77' lang='lat' dir='ltr'>serit3</span> <span class='ocrx_word' id='word_1_306' title='bbox 1300 348 1393 388; x_wconf 87' lang='lat' dir='ltr'>nihil</span> <span class='ocrx_word' id='word_1_307' title='bbox 1424 351 1511 398; x_wconf 87' lang='lat' dir='ltr'>erit,</span> <span class='ocrx_word' id='word_1_308' title='bbox 1541 350 1589 389; x_wconf 74' lang='grc'>(13</span> <span class='ocrx_word' id='word_1_309' title='bbox 1619 362 1697 401; x_wconf 84' lang='grc'>330</span> <span class='ocrx_word' id='word_1_310' title='bbox 1729 351 1854 390; x_wconf 85' lang='lat' dir='ltr'>victor</span> <span class='ocrx_word' id='word_1_311' title='bbox 1884 351 2043 390; x_wconf 87' lang='lat' dir='ltr'>evadat.</span> <span class='ocrx_word' id='word_1_312' title='bbox 2074 351 2112 390; x_wconf 90' lang='lat' dir='ltr'>Si</span> 
     </span>
     <span class='ocr_line' id='line_1_55' title="bbox 1154 412 2113 465; baseline 0.005 -18"><span class='ocrx_word' id='word_1_313' title='bbox 1154 421 1246 448; x_wconf 89' lang='lat' dir='ltr'>vero</span> <span class='ocrx_word' id='word_1_314' title='bbox 1267 412 1545 452; x_wconf 78' lang='lat' dir='ltr'>immoderatos</span> <span class='ocrx_word' id='word_1_315' title='bbox 1561 415 1761 465; x_wconf 79' lang='lat' dir='ltr'>appetitus</span> <span class='ocrx_word' id='word_1_316' title='bbox 1777 425 1871 453; x_wconf 92' lang='lat' dir='ltr'>suos</span> <span class='ocrx_word' id='word_1_317' title='bbox 1888 419 2113 465; x_wconf 87' lang='lat' dir='ltr'>prostrave-</span> 
     </span>
     <span class='ocr_line' id='line_1_56' title="bbox 1154 473 2114 527; baseline 0.007 -18"><span class='ocrx_word' id='word_1_318' title='bbox 1154 474 1217 519; x_wconf 87' lang='lat' dir='ltr'>rit,</span> <span class='ocrx_word' id='word_1_319' title='bbox 1245 473 1354 512; x_wconf 86' lang='lat' dir='ltr'>facile.</span> <span class='ocrx_word' id='word_1_320' title='bbox 1381 476 1542 526; x_wconf 85' lang='lat' dir='ltr'>reliquis</span> <span class='ocrx_word' id='word_1_321' title='bbox 1559 478 1802 526; x_wconf 86' lang='lat' dir='ltr'>superiorem</span> <span class='ocrx_word' id='word_1_322' title='bbox 1830 488 1872 515; x_wconf 90' lang='lat' dir='ltr'>se</span> <span class='ocrx_word' id='word_1_323' title='bbox 1898 477 2114 527; x_wconf 81' lang='lat' dir='ltr'>praebebit.</span> 
     </span>
     <span class='ocr_line' id='line_1_57' title="bbox 1153 534 2115 580; baseline 0.007 -8"><span class='ocrx_word' id='word_1_324' title='bbox 1153 534 1319 580; x_wconf 86' lang='lat' dir='ltr'>Quando</span> <span class='ocrx_word' id='word_1_325' title='bbox 1349 542 1482 576; x_wconf 83' lang='lat' dir='ltr'>autem</span> <span class='ocrx_word' id='word_1_326' title='bbox 1515 541 1551 577; x_wconf 93' lang='lat' dir='ltr'>in</span> <span class='ocrx_word' id='word_1_327' title='bbox 1584 539 1702 578; x_wconf 88' lang='lat' dir='ltr'>rebus</span> <span class='ocrx_word' id='word_1_328' title='bbox 1744 538 1993 578; x_wconf 88' lang='lat' dir='ltr'>subditorum</span> <span class='ocrx_word' id='word_1_329' title='bbox 2036 541 2115 579; x_wconf 90' lang='lat' dir='ltr'>ali-</span> 
     </span>
     <span class='ocr_line' id='line_1_58' title="bbox 1153 596 2109 652; baseline 0.009 -18"><span class='ocrx_word' id='word_1_330' title='bbox 1153 596 1245 646; x_wconf 89' lang='lat' dir='ltr'>quid</span> <span class='ocrx_word' id='word_1_331' title='bbox 1276 601 1554 649; x_wconf 81' lang='lat' dir='ltr'>conspexerit,</span> <span class='ocrx_word' id='word_1_332' title='bbox 1585 602 1687 652; x_wconf 88' lang='lat' dir='ltr'>quod</span> <span class='ocrx_word' id='word_1_333' title='bbox 1720 601 1807 651; x_wconf 85' lang='lat' dir='ltr'>ejus</span> <span class='ocrx_word' id='word_1_334' title='bbox 1828 603 2005 642; x_wconf 86' lang='lat' dir='ltr'>animum</span> <span class='ocrx_word' id='word_1_335' title='bbox 2028 615 2109 642; x_wconf 92' lang='lat' dir='ltr'>mo-</span> 
     </span>
     <span class='ocr_line' id='line_1_59' title="bbox 1155 661 2112 715; baseline 0.008 -20"><span class='ocrx_word' id='word_1_336' title='bbox 1155 663 1247 697; x_wconf 86' lang='lat' dir='ltr'>veat</span> <span class='ocrx_word' id='word_1_337' title='bbox 1277 661 1494 709; x_wconf 87' lang='lat' dir='ltr'>(nonnulla</span> <span class='ocrx_word' id='word_1_338' title='bbox 1524 665 1629 701; x_wconf 85' lang='lat' dir='ltr'>enirn</span> <span class='ocrx_word' id='word_1_339' title='bbox 1662 675 1751 702; x_wconf 82' lang='lat' dir='ltr'>esse</span> <span class='ocrx_word' id='word_1_340' title='bbox 1783 666 2003 715; x_wconf 88' lang='lat' dir='ltr'>possunt),</span> <span class='ocrx_word' id='word_1_341' title='bbox 2043 670 2112 705; x_wconf 88' lang='lat' dir='ltr'>aut</span> 
     </span>
     <span class='ocr_line' id='line_1_60' title="bbox 1156 726 2111 778; baseline 0.01 -21"><span class='ocrx_word' id='word_1_342' title='bbox 1156 732 1232 759; x_wconf 90' lang='lat' dir='ltr'>non</span> <span class='ocrx_word' id='word_1_343' title='bbox 1264 727 1396 773; x_wconf 83' lang='lat' dir='ltr'>petat3</span> <span class='ocrx_word' id='word_1_344' title='bbox 1428 729 1497 763; x_wconf 87' lang='lat' dir='ltr'>aut</span> <span class='ocrx_word' id='word_1_345' title='bbox 1528 726 1561 763; x_wconf 90' lang='lat' dir='ltr'>si</span> <span class='ocrx_word' id='word_1_346' title='bbox 1606 726 1778 775; x_wconf 73' lang='lat' dir='ltr'>petierit,</span> <span class='ocrx_word' id='word_1_347' title='bbox 1825 728 1937 777; x_wconf 83' lang='lat' dir='ltr'>longe</span> <span class='ocrx_word' id='word_1_348' title='bbox 1983 730 2111 778; x_wconf 88' lang='lat' dir='ltr'>majus</span> 
     </span>
     <span class='ocr_line' id='line_1_61' title="bbox 1151 784 2108 839; baseline 0.009 -18"><span class='ocrx_word' id='word_1_349' title='bbox 1151 784 1305 833; x_wconf 85' lang='lat' dir='ltr'>aliquod</span> <span class='ocrx_word' id='word_1_350' title='bbox 1340 797 1488 825; x_wconf 91' lang='lat' dir='ltr'>munus</span> <span class='ocrx_word' id='word_1_351' title='bbox 1516 793 1651 826; x_wconf 88' lang='lat' dir='ltr'>contra</span> <span class='ocrx_word' id='word_1_352' title='bbox 1685 794 1820 839; x_wconf 70' lang='lat' dir='ltr'>paret,</span> <span class='ocrx_word' id='word_1_353' title='bbox 1853 789 1912 828; x_wconf 91' lang='lat' dir='ltr'>vel</span> <span class='ocrx_word' id='word_1_354' title='bbox 1937 792 2108 839; x_wconf 88' lang='lat' dir='ltr'>pretium</span> 
     </span>
     <span class='ocr_line' id='line_1_62' title="bbox 1151 849 2107 899; baseline 0.008 -15"><span class='ocrx_word' id='word_1_355' title='bbox 1151 849 1306 886; x_wconf 87' lang='lat' dir='ltr'>tantum</span> <span class='ocrx_word' id='word_1_356' title='bbox 1338 854 1483 899; x_wconf 77' lang='lat' dir='ltr'>eroget,</span> <span class='ocrx_word' id='word_1_357' title='bbox 1517 855 1559 890; x_wconf 92' lang='lat' dir='ltr'>ut</span> <span class='ocrx_word' id='word_1_358' title='bbox 1590 862 1665 889; x_wconf 91' lang='lat' dir='ltr'>non</span> <span class='ocrx_word' id='word_1_359' title='bbox 1691 852 1785 890; x_wconf 90' lang='lat' dir='ltr'>lucri</span> <span class='ocrx_word' id='word_1_360' title='bbox 1811 852 2014 897; x_wconf 86' lang='lat' dir='ltr'>aviditate,</span> <span class='ocrx_word' id='word_1_361' title='bbox 2039 854 2107 892; x_wconf 85' lang='lat' dir='ltr'>sed</span> 
     </span>
     <span class='ocr_line' id='line_1_63' title="bbox 1153 909 2107 959; baseline 0.007 -12"><span class='ocrx_word' id='word_1_362' title='bbox 1153 914 1223 948; x_wconf 87' lang='lat' dir='ltr'>aut</span> <span class='ocrx_word' id='word_1_363' title='bbox 1256 909 1532 959; x_wconf 77' lang='lat' dir='ltr'>delectatione,</span> <span class='ocrx_word' id='word_1_364' title='bbox 1576 919 1647 952; x_wconf 87' lang='lat' dir='ltr'>aut</span> <span class='ocrx_word' id='word_1_365' title='bbox 1692 916 1930 954; x_wconf 76' lang='lat' dir='ltr'>necessitate</span> <span class='ocrx_word' id='word_1_366' title='bbox 1975 916 2021 955; x_wconf 85' lang='lat' dir='ltr'>ad</span> <span class='ocrx_word' id='word_1_367' title='bbox 2072 916 2107 954; x_wconf 88' lang='lat' dir='ltr'>id</span> 
     </span>
     <span class='ocr_line' id='line_1_64' title="bbox 1151 973 1860 1022; baseline 0.007 -11"><span class='ocrx_word' id='word_1_368' title='bbox 1151 973 1410 1022; x_wconf 67' lang='lat' dir='ltr'>flagitandum</span> <span class='ocrx_word' id='word_1_369' title='bbox 1444 974 1634 1014; x_wconf 89' lang='lat' dir='ltr'>inductus</span> <span class='ocrx_word' id='word_1_370' title='bbox 1667 977 1860 1016; x_wconf 79' lang='lat' dir='ltr'>videatur.</span> 
     </span>
    </p>

    <p class='ocr_par' dir='ltr' id='par_1_7' title="bbox 1151 1037 2113 1526">
     <span class='ocr_line' id='line_1_65' title="bbox 1207 1037 2110 1090; baseline 0.01 -17"><span class='ocrx_word' id='word_1_371' title='bbox 1207 1037 1372 1075; x_wconf 85' lang='lat' dir='ltr'>Maxime</span> <span class='ocrx_word' id='word_1_372' title='bbox 1404 1048 1500 1076; x_wconf 90' lang='lat' dir='ltr'>vero</span> <span class='ocrx_word' id='word_1_373' title='bbox 1531 1040 1764 1090; x_wconf 79' lang='lat' dir='ltr'>protegendi</span> <span class='ocrx_word' id='word_1_374' title='bbox 1791 1046 1885 1079; x_wconf 89' lang='lat' dir='ltr'>sunt</span> <span class='ocrx_word' id='word_1_375' title='bbox 1910 1043 2110 1082; x_wconf 85' lang='lat' dir='ltr'>tenuiores</span> 
     </span>
     <span class='ocr_line' id='line_1_66' title="bbox 1152 1098 2112 1155; baseline 0.011 -21"><span class='ocrx_word' id='word_1_376' title='bbox 1152 1098 1387 1149; x_wconf 84' lang='lat' dir='ltr'>viduaeque,</span> <span class='ocrx_word' id='word_1_377' title='bbox 1418 1105 1458 1139; x_wconf 91' lang='lat' dir='ltr'>et</span> <span class='ocrx_word' id='word_1_378' title='bbox 1490 1102 1646 1152; x_wconf 83' lang='lat' dir='ltr'>pupilli,</span> <span class='ocrx_word' id='word_1_379' title='bbox 1680 1114 1726 1140; x_wconf 88' lang='lat' dir='ltr'>ne</span> <span class='ocrx_word' id='word_1_380' title='bbox 1760 1103 1807 1141; x_wconf 92' lang='lat' dir='ltr'>ob</span> <span class='ocrx_word' id='word_1_381' title='bbox 1839 1104 2035 1155; x_wconf 87' lang='lat' dir='ltr'>inopiam,</span> <span class='ocrx_word' id='word_1_382' title='bbox 2067 1117 2112 1144; x_wconf 89' lang='lat' dir='ltr'>ac</span> 
     </span>
     <span class='ocr_line' id='line_1_67' title="bbox 1153 1160 2108 1215; baseline 0.01 -18"><span class='ocrx_word' id='word_1_383' title='bbox 1153 1160 1408 1201; x_wconf 87' lang='lat' dir='ltr'>solitudinem</span> <span class='ocrx_word' id='word_1_384' title='bbox 1449 1174 1561 1202; x_wconf 87' lang='lat' dir='ltr'>suam</span> <span class='ocrx_word' id='word_1_385' title='bbox 1607 1167 1820 1215; x_wconf 87' lang='lat' dir='ltr'>patrocinio</span> <span class='ocrx_word' id='word_1_386' title='bbox 1864 1166 2045 1208; x_wconf 88' lang='lat' dir='ltr'>destituti</span> <span class='ocrx_word' id='word_1_387' title='bbox 2089 1180 2108 1207; x_wconf 90' lang='grc'>3</span> 
     </span>
     <span class='ocr_line' id='line_1_68' title="bbox 1151 1225 2110 1280; baseline 0.01 -20"><span class='ocrx_word' id='word_1_388' title='bbox 1151 1225 1438 1273; x_wconf 86' lang='lat' dir='ltr'>potentioribus</span> <span class='ocrx_word' id='word_1_389' title='bbox 1477 1227 1608 1276; x_wconf 82' lang='lat' dir='ltr'>(quod</span> <span class='ocrx_word' id='word_1_390' title='bbox 1650 1228 1729 1266; x_wconf 84' lang='lat' dir='ltr'>sere</span> <span class='ocrx_word' id='word_1_391' title='bbox 1760 1229 1938 1269; x_wconf 69' lang='lat' dir='ltr'>accidere</span> <span class='ocrx_word' id='word_1_392' title='bbox 1983 1232 2110 1280; x_wconf 79' lang='lat' dir='ltr'>solet)</span> 
     </span>
     <span class='ocr_line' id='line_1_69' title="bbox 1151 1288 2113 1339; baseline 0.01 -17"><span class='ocrx_word' id='word_1_393' title='bbox 1151 1288 1438 1335; x_wconf 76' lang='lat' dir='ltr'>opprimantur,</span> <span class='ocrx_word' id='word_1_394' title='bbox 1468 1293 1588 1339; x_wconf 83' lang='lat' dir='ltr'>atque</span> <span class='ocrx_word' id='word_1_395' title='bbox 1620 1296 1846 1330; x_wconf 83' lang='lat' dir='ltr'>vexentur:</span> <span class='ocrx_word' id='word_1_396' title='bbox 1897 1303 1997 1331; x_wconf 82' lang='lat' dir='ltr'>neve</span> <span class='ocrx_word' id='word_1_397' title='bbox 2042 1294 2113 1331; x_wconf 91' lang='lat' dir='ltr'>mi-</span> 
     </span>
     <span class='ocr_line' id='line_1_70' title="bbox 1152 1350 2112 1404; baseline 0.009 -19"><span class='ocrx_word' id='word_1_398' title='bbox 1152 1359 1270 1387; x_wconf 88' lang='lat' dir='ltr'>nores</span> <span class='ocrx_word' id='word_1_399' title='bbox 1299 1350 1371 1399; x_wconf 88' lang='lat' dir='ltr'>(ut</span> <span class='ocrx_word' id='word_1_400' title='bbox 1401 1351 1539 1400; x_wconf 78' lang='lat' dir='ltr'>ajunt)</span> <span class='ocrx_word' id='word_1_401' title='bbox 1572 1353 1700 1402; x_wconf 83' lang='lat' dir='ltr'>pisces</span> <span class='ocrx_word' id='word_1_402' title='bbox 1732 1365 1751 1391; x_wconf 90' lang='grc'>3</span> <span class='ocrx_word' id='word_1_403' title='bbox 1786 1353 2004 1404; x_wconf 84' lang='lat' dir='ltr'>majoribus</span> <span class='ocrx_word' id='word_1_404' title='bbox 2046 1355 2112 1394; x_wconf 85' lang='lat' dir='ltr'>de-</span> 
     </span>
     <span class='ocr_line' id='line_1_71' title="bbox 1153 1413 2111 1467; baseline 0.009 -20"><span class='ocrx_word' id='word_1_405' title='bbox 1153 1417 1356 1450; x_wconf 84' lang='lat' dir='ltr'>vorentur.</span> <span class='ocrx_word' id='word_1_406' title='bbox 1388 1413 1543 1451; x_wconf 76' lang='lat' dir='ltr'>Nobiles</span> <span class='ocrx_word' id='word_1_407' title='bbox 1573 1415 1691 1459; x_wconf 87' lang='lat' dir='ltr'>enim,</span> <span class='ocrx_word' id='word_1_408' title='bbox 1722 1427 1765 1453; x_wconf 87' lang='lat' dir='ltr'>ac</span> <span class='ocrx_word' id='word_1_409' title='bbox 1797 1416 2014 1467; x_wconf 83' lang='lat' dir='ltr'>locupletes</span> <span class='ocrx_word' id='word_1_410' title='bbox 2053 1430 2111 1455; x_wconf 88' lang='lat' dir='ltr'>re-</span> 
     </span>
     <span class='ocr_line' id='line_1_72' title="bbox 1152 1472 2110 1526; baseline 0.008 -16"><span class='ocrx_word' id='word_1_411' title='bbox 1152 1472 1227 1511; x_wconf 89' lang='lat' dir='ltr'>bus</span> <span class='ocrx_word' id='word_1_412' title='bbox 1257 1475 1342 1512; x_wconf 90' lang='lat' dir='ltr'>suis</span> <span class='ocrx_word' id='word_1_413' title='bbox 1374 1476 1524 1525; x_wconf 85' lang='lat' dir='ltr'>propria</span> <span class='ocrx_word' id='word_1_414' title='bbox 1557 1486 1629 1526; x_wconf 87' lang='lat' dir='ltr'>ope</span> <span class='ocrx_word' id='word_1_415' title='bbox 1660 1476 1842 1515; x_wconf 82' lang='lat' dir='ltr'>facillime</span> <span class='ocrx_word' id='word_1_416' title='bbox 1881 1479 2110 1518; x_wconf 87' lang='lat' dir='ltr'>consulunt.</span> 
     </span>
    </p>

    <p class='ocr_par' dir='ltr' id='par_1_8' title="bbox 1149 1535 2114 2389">
     <span class='ocr_line' id='line_1_73' title="bbox 1205 1535 2110 1591; baseline 0.009 -19"><span class='ocrx_word' id='word_1_417' title='bbox 1205 1535 1401 1575; x_wconf 89' lang='lat' dir='ltr'>Omnibus</span> <span class='ocrx_word' id='word_1_418' title='bbox 1433 1539 1468 1575; x_wconf 92' lang='lat' dir='ltr'>in</span> <span class='ocrx_word' id='word_1_419' title='bbox 1501 1537 1608 1584; x_wconf 90' lang='grc'><strong>10015,</strong></span> <span class='ocrx_word' id='word_1_420' title='bbox 1641 1538 1703 1576; x_wconf 89' lang='lat' dir='ltr'>ubi</span> <span class='ocrx_word' id='word_1_421' title='bbox 1750 1541 1957 1590; x_wconf 88' lang='lat' dir='ltr'>praecipua</span> <span class='ocrx_word' id='word_1_422' title='bbox 2004 1542 2110 1591; x_wconf 80' lang='lat' dir='ltr'>viget</span> 
     </span>
     <span class='ocr_line' id='line_1_74' title="bbox 1152 1596 2111 1653; baseline 0.009 -19"><span class='ocrx_word' id='word_1_423' title='bbox 1152 1596 1394 1646; x_wconf 88' lang='lat' dir='ltr'>humanitas,</span> <span class='ocrx_word' id='word_1_424' title='bbox 1424 1613 1468 1639; x_wconf 83' lang='lat' dir='ltr'>ea</span> <span class='ocrx_word' id='word_1_425' title='bbox 1499 1600 1747 1640; x_wconf 87' lang='lat' dir='ltr'>consuetudo</span> <span class='ocrx_word' id='word_1_426' title='bbox 1777 1609 1851 1650; x_wconf 86' lang='lat' dir='ltr'>est,</span> <span class='ocrx_word' id='word_1_427' title='bbox 1885 1615 2004 1653; x_wconf 87' lang='lat' dir='ltr'>quam</span> <span class='ocrx_word' id='word_1_428' title='bbox 2044 1605 2111 1644; x_wconf 90' lang='lat' dir='ltr'>tibi</span> 
     </span>
     <span class='ocr_line' id='line_1_75' title="bbox 1151 1663 2112 1715; baseline 0.005 -15"><span class='ocrx_word' id='word_1_429' title='bbox 1151 1672 1309 1712; x_wconf 84' lang='lat' dir='ltr'>quoque</span> <span class='ocrx_word' id='word_1_430' title='bbox 1332 1663 1482 1712; x_wconf 81' lang='lat' dir='ltr'>probari</span> <span class='ocrx_word' id='word_1_431' title='bbox 1504 1666 1643 1714; x_wconf 81' lang='lat' dir='ltr'>cupi03</span> <span class='ocrx_word' id='word_1_432' title='bbox 1671 1669 1713 1702; x_wconf 92' lang='lat' dir='ltr'>ut</span> <span class='ocrx_word' id='word_1_433' title='bbox 1740 1667 1991 1715; x_wconf 84' lang='lat' dir='ltr'>praestitutis</span> <span class='ocrx_word' id='word_1_434' title='bbox 2018 1679 2112 1705; x_wconf 91' lang='lat' dir='ltr'>non-</span> 
     </span>
     <span class='ocr_line' id='line_1_76' title="bbox 1152 1723 2112 1776; baseline 0.007 -16"><span class='ocrx_word' id='word_1_435' title='bbox 1152 1723 1271 1761; x_wconf 90' lang='lat' dir='ltr'>nullis</span> <span class='ocrx_word' id='word_1_436' title='bbox 1301 1724 1440 1764; x_wconf 87' lang='lat' dir='ltr'>diebus</span> <span class='ocrx_word' id='word_1_437' title='bbox 1483 1726 1626 1776; x_wconf 85' lang='lat' dir='ltr'>aliquis</span> <span class='ocrx_word' id='word_1_438' title='bbox 1673 1728 1708 1764; x_wconf 97' lang='grc'>13</span> <span class='ocrx_word' id='word_1_439' title='bbox 1753 1739 1910 1770; x_wconf 83' lang='lat' dir='ltr'>carcere</span> <span class='ocrx_word' id='word_1_440' title='bbox 1956 1730 2112 1767; x_wconf 85' lang='lat' dir='ltr'>vinctos</span> 
     </span>
     <span class='ocr_line' id='line_1_77' title="bbox 1152 1785 2113 1841; baseline 0.009 -20"><span class='ocrx_word' id='word_1_441' title='bbox 1152 1785 1312 1828; x_wconf 85' lang='lat' dir='ltr'>invisat,</span> <span class='ocrx_word' id='word_1_442' title='bbox 1343 1799 1561 1838; x_wconf 87' lang='lat' dir='ltr'>eorumque</span> <span class='ocrx_word' id='word_1_443' title='bbox 1592 1801 1754 1828; x_wconf 86' lang='lat' dir='ltr'>causam</span> <span class='ocrx_word' id='word_1_444' title='bbox 1785 1791 2026 1841; x_wconf 87' lang='lat' dir='ltr'>principibus</span> <span class='ocrx_word' id='word_1_445' title='bbox 2053 1803 2113 1830; x_wconf 81' lang='lat' dir='ltr'>re-</span> 
     </span>
     <span class='ocr_line' id='line_1_78' title="bbox 1151 1850 2112 1902; baseline 0.007 -17"><span class='ocrx_word' id='word_1_446' title='bbox 1151 1850 1333 1888; x_wconf 89' lang='lat' dir='ltr'>nuntiet:</span> <span class='ocrx_word' id='word_1_447' title='bbox 1367 1856 1409 1889; x_wconf 90' lang='lat' dir='ltr'>ut</span> <span class='ocrx_word' id='word_1_448' title='bbox 1439 1852 1470 1890; x_wconf 90' lang='lat' dir='ltr'>si</span> <span class='ocrx_word' id='word_1_449' title='bbox 1515 1853 1580 1902; x_wconf 87' lang='lat' dir='ltr'>qui</span> <span class='ocrx_word' id='word_1_450' title='bbox 1625 1853 1673 1891; x_wconf 92' lang='lat' dir='ltr'>ob</span> <span class='ocrx_word' id='word_1_451' title='bbox 1716 1865 1783 1891; x_wconf 88' lang='lat' dir='ltr'>aes</span> <span class='ocrx_word' id='word_1_452' title='bbox 1821 1853 1994 1892; x_wconf 82' lang='lat' dir='ltr'>alienum</span> <span class='ocrx_word' id='word_1_453' title='bbox 2020 1884 2029 1901; x_wconf 93' lang='lat'>,</span> <span class='ocrx_word' id='word_1_454' title='bbox 2072 1859 2112 1892; x_wconf 86' lang='lat' dir='ltr'>et</span> 
     </span>
     <span class='ocr_line' id='line_1_79' title="bbox 1151 1910 2107 1966; baseline 0.006 -19"><span class='ocrx_word' id='word_1_455' title='bbox 1151 1910 1323 1961; x_wconf 88' lang='lat' dir='ltr'>inopiam</span> <span class='ocrx_word' id='word_1_456' title='bbox 1356 1915 1443 1951; x_wconf 77' lang='lat' dir='ltr'>nexi</span> <span class='ocrx_word' id='word_1_457' title='bbox 1479 1914 1635 1962; x_wconf 84' lang='lat' dir='ltr'>fuerint,</span> <span class='ocrx_word' id='word_1_458' title='bbox 1667 1926 1804 1953; x_wconf 90' lang='lat' dir='ltr'>eorum</span> <span class='ocrx_word' id='word_1_459' title='bbox 1837 1916 1954 1954; x_wconf 86' lang='lat' dir='ltr'>saluti</span> <span class='ocrx_word' id='word_1_460' title='bbox 1981 1916 2107 1966; x_wconf 75' lang='lat' dir='ltr'>legiti-</span> 
     </span>
     <span class='ocr_line' id='line_1_80' title="bbox 1151 1975 2108 2028; baseline 0.006 -19"><span class='ocrx_word' id='word_1_461' title='bbox 1151 1983 1212 2010; x_wconf 90' lang='lat' dir='ltr'>ma</span> <span class='ocrx_word' id='word_1_462' title='bbox 1244 1975 1306 2012; x_wconf 88' lang='lat' dir='ltr'>via</span> <span class='ocrx_word' id='word_1_463' title='bbox 1336 1975 1594 2023; x_wconf 79' lang='lat' dir='ltr'>consulatur;</span> <span class='ocrx_word' id='word_1_464' title='bbox 1626 1981 1669 2015; x_wconf 91' lang='lat' dir='ltr'>ut</span> <span class='ocrx_word' id='word_1_465' title='bbox 1717 1977 1887 2016; x_wconf 83' lang='lat' dir='ltr'>vinculis</span> <span class='ocrx_word' id='word_1_466' title='bbox 1932 1978 2108 2028; x_wconf 79' lang='lat' dir='ltr'>exempti</span> 
     </span>
     <span class='ocr_line' id='line_1_81' title="bbox 1149 2034 2114 2088; baseline 0.004 -15"><span class='ocrx_word' id='word_1_467' title='bbox 1149 2034 1196 2073; x_wconf 88' lang='lat' dir='ltr'>ad</span> <span class='ocrx_word' id='word_1_468' title='bbox 1229 2042 1422 2086; x_wconf 82' lang='lat' dir='ltr'>quaestus</span> <span class='ocrx_word' id='word_1_469' title='bbox 1452 2049 1546 2078; x_wconf 90' lang='lat' dir='ltr'>suos</span> <span class='ocrx_word' id='word_1_470' title='bbox 1576 2039 1731 2088; x_wconf 83' lang='lat' dir='ltr'>abeant,</span> <span class='ocrx_word' id='word_1_471' title='bbox 1762 2044 1801 2078; x_wconf 88' lang='lat' dir='ltr'>et</span> <span class='ocrx_word' id='word_1_472' title='bbox 1831 2050 1919 2078; x_wconf 88' lang='lat' dir='ltr'>sese</span> <span class='ocrx_word' id='word_1_473' title='bbox 1941 2051 1962 2078; x_wconf 92' lang='lat' dir='ltr'>a</span> <span class='ocrx_word' id='word_1_474' title='bbox 1988 2039 2114 2079; x_wconf 88' lang='lat' dir='ltr'>credi-</span> 
     </span>
     <span class='ocr_line' id='line_1_82' title="bbox 1150 2099 2113 2153; baseline 0.004 -17"><span class='ocrx_word' id='word_1_475' title='bbox 1150 2099 1302 2139; x_wconf 90' lang='lat' dir='ltr'>toribus</span> <span class='ocrx_word' id='word_1_476' title='bbox 1333 2101 1544 2140; x_wconf 83' lang='lat' dir='ltr'>redimant.</span> <span class='ocrx_word' id='word_1_477' title='bbox 1575 2103 1613 2141; x_wconf 93' lang='lat' dir='ltr'>Si</span> <span class='ocrx_word' id='word_1_478' title='bbox 1645 2103 1710 2153; x_wconf 92' lang='lat' dir='ltr'>qui</span> <span class='ocrx_word' id='word_1_479' title='bbox 1744 2114 1836 2141; x_wconf 89' lang='lat' dir='ltr'>vero</span> <span class='ocrx_word' id='word_1_480' title='bbox 1866 2104 1947 2141; x_wconf 89' lang='lat' dir='ltr'>sint</span> <span class='ocrx_word' id='word_1_481' title='bbox 1968 2104 2113 2153; x_wconf 82' lang='lat' dir='ltr'>capita—</span> 
     </span>
     <span class='ocr_line' id='line_1_83' title="bbox 1151 2160 2112 2215; baseline 0.005 -17"><span class='ocrx_word' id='word_1_482' title='bbox 1151 2160 1256 2200; x_wconf 84' lang='lat' dir='ltr'>libus</span> <span class='ocrx_word' id='word_1_483' title='bbox 1296 2165 1435 2214; x_wconf 87' lang='lat' dir='ltr'>paenis</span> <span class='ocrx_word' id='word_1_484' title='bbox 1477 2164 1648 2209; x_wconf 79' lang='lat' dir='ltr'>obnoxii,</span> <span class='ocrx_word' id='word_1_485' title='bbox 1692 2164 1906 2215; x_wconf 91' lang='lat' dir='ltr'>aliquando</span> <span class='ocrx_word' id='word_1_486' title='bbox 1952 2164 2112 2203; x_wconf 88' lang='lat' dir='ltr'>tandem</span> 
     </span>
     <span class='ocr_line' id='line_1_84' title="bbox 1151 2224 2114 2277; baseline 0.005 -16"><span class='ocrx_word' id='word_1_487' title='bbox 1151 2224 1241 2262; x_wconf 91' lang='lat' dir='ltr'>inde</span> <span class='ocrx_word' id='word_1_488' title='bbox 1264 2225 1311 2263; x_wconf 88' lang='lat' dir='ltr'>ad</span> <span class='ocrx_word' id='word_1_489' title='bbox 1331 2227 1572 2277; x_wconf 89' lang='lat' dir='ltr'>supplicium</span> <span class='ocrx_word' id='word_1_490' title='bbox 1603 2233 1862 2277; x_wconf 87' lang='lat' dir='ltr'>promantur:</span> <span class='ocrx_word' id='word_1_491' title='bbox 1891 2238 1979 2266; x_wconf 86' lang='lat' dir='ltr'>nam</span> <span class='ocrx_word' id='word_1_492' title='bbox 2008 2239 2114 2266; x_wconf 89' lang='lat' dir='ltr'>mors</span> 
     </span>
     <span class='ocr_line' id='line_1_85' title="bbox 1151 2287 2113 2341; baseline 0.004 -16"><span class='ocrx_word' id='word_1_493' title='bbox 1151 2287 1333 2327; x_wconf 86' lang='lat' dir='ltr'>celeriter</span> <span class='ocrx_word' id='word_1_494' title='bbox 1364 2289 1530 2340; x_wconf 84' lang='lat' dir='ltr'>irrogata</span> <span class='ocrx_word' id='word_1_495' title='bbox 1572 2289 1752 2328; x_wconf 79' lang='lat' dir='ltr'>beneficii</span> <span class='ocrx_word' id='word_1_496' title='bbox 1796 2290 1880 2329; x_wconf 89' lang='grc'><strong>1000</strong></span> <span class='ocrx_word' id='word_1_497' title='bbox 1923 2301 2113 2341; x_wconf 88' lang='lat' dir='ltr'>persaepe</span> 
     </span>
     <span class='ocr_line' id='line_1_86' title="bbox 1152 2349 1423 2389; baseline 0.007 -2"><span class='ocrx_word' id='word_1_498' title='bbox 1152 2349 1285 2388; x_wconf 83' lang='lat' dir='ltr'>haberi</span> <span class='ocrx_word' id='word_1_499' title='bbox 1312 2351 1423 2389; x_wconf 88' lang='lat' dir='ltr'>solet.</span> 
     </span>
    </p>

    <p class='ocr_par' dir='ltr' id='par_1_9' title="bbox 1151 2411 2111 3150">
     <span class='ocr_line' id='line_1_87' title="bbox 1206 2411 2109 2466; baseline 0.004 -16"><span class='ocrx_word' id='word_1_500' title='bbox 1206 2411 1446 2452; x_wconf 88' lang='lat' dir='ltr'>Instituendi</span> <span class='ocrx_word' id='word_1_501' title='bbox 1478 2419 1573 2453; x_wconf 90' lang='lat' dir='ltr'>sunt</span> <span class='ocrx_word' id='word_1_502' title='bbox 1603 2415 1736 2464; x_wconf 88' lang='lat' dir='ltr'>etiam,</span> <span class='ocrx_word' id='word_1_503' title='bbox 1766 2415 1832 2466; x_wconf 89' lang='lat' dir='ltr'>qui</span> <span class='ocrx_word' id='word_1_504' title='bbox 1863 2427 2109 2466; x_wconf 80' lang='lat' dir='ltr'>egenorum,</span> 
     </span>
     <span class='ocr_line' id='line_1_88' title="bbox 1151 2474 2110 2528; baseline 0.003 -17"><span class='ocrx_word' id='word_1_505' title='bbox 1151 2474 1554 2527; x_wconf 86' lang='lat' dir='ltr'>calamitosorumque</span> <span class='ocrx_word' id='word_1_506' title='bbox 1588 2479 1851 2528; x_wconf 89' lang='lat' dir='ltr'>patrocinium</span> <span class='ocrx_word' id='word_1_507' title='bbox 1879 2479 2110 2528; x_wconf 89' lang='lat' dir='ltr'>suscipiant,</span> 
     </span>
     <span class='ocr_line' id='line_1_89' title="bbox 1152 2538 2106 2590; baseline 0.002 -15"><span class='ocrx_word' id='word_1_508' title='bbox 1152 2541 1191 2575; x_wconf 92' lang='lat' dir='ltr'>et</span> <span class='ocrx_word' id='word_1_509' title='bbox 1220 2549 1356 2576; x_wconf 88' lang='lat' dir='ltr'>eorum</span> <span class='ocrx_word' id='word_1_510' title='bbox 1387 2550 1522 2578; x_wconf 88' lang='lat' dir='ltr'>curam</span> <span class='ocrx_word' id='word_1_511' title='bbox 1546 2544 1691 2590; x_wconf 75' lang='lat' dir='ltr'>agant:</span> <span class='ocrx_word' id='word_1_512' title='bbox 1726 2541 1829 2590; x_wconf 85' lang='lat' dir='ltr'>iique</span> <span class='ocrx_word' id='word_1_513' title='bbox 1851 2540 2035 2589; x_wconf 88' lang='lat' dir='ltr'>quotiens</span> <span class='ocrx_word' id='word_1_514' title='bbox 2060 2538 2106 2577; x_wconf 85' lang='lat' dir='ltr'>ad</span> 
     </span>
     <span class='ocr_line' id='line_1_90' title="bbox 1153 2601 2109 2652; baseline 0.001 -15"><span class='ocrx_word' id='word_1_515' title='bbox 1153 2603 1190 2637; x_wconf 88' lang='lat' dir='ltr'>te</span> <span class='ocrx_word' id='word_1_516' title='bbox 1220 2603 1474 2648; x_wconf 82' lang='lat' dir='ltr'>accesserint,</span> <span class='ocrx_word' id='word_1_517' title='bbox 1506 2601 1674 2652; x_wconf 68' lang='lat' dir='ltr'>benigne</span> <span class='ocrx_word' id='word_1_518' title='bbox 1705 2601 1904 2647; x_wconf 84' lang='lat' dir='ltr'>audiendi,</span> <span class='ocrx_word' id='word_1_519' title='bbox 1935 2606 1975 2640; x_wconf 90' lang='lat' dir='ltr'>et</span> <span class='ocrx_word' id='word_1_520' title='bbox 2001 2601 2109 2639; x_wconf 91' lang='lat' dir='ltr'>omni</span> 
     </span>
     <span class='ocr_line' id='line_1_91' title="bbox 1154 2662 2111 2714; baseline 0.003 -15"><span class='ocrx_word' id='word_1_521' title='bbox 1154 2662 1286 2700; x_wconf 82' lang='lat' dir='ltr'>favore</span> <span class='ocrx_word' id='word_1_522' title='bbox 1317 2663 1593 2714; x_wconf 84' lang='lat' dir='ltr'>prosequendi,</span> <span class='ocrx_word' id='word_1_523' title='bbox 1624 2676 1669 2703; x_wconf 88' lang='lat' dir='ltr'>ac</span> <span class='ocrx_word' id='word_1_524' title='bbox 1693 2664 1874 2703; x_wconf 80' lang='lat' dir='ltr'>celeriter</span> <span class='ocrx_word' id='word_1_525' title='bbox 1900 2663 2111 2714; x_wconf 84' lang='lat' dir='ltr'>expedien-</span> 
     </span>
     <span class='ocr_line' id='line_1_92' title="bbox 1152 2724 2109 2777; baseline 0.003 -15"><span class='ocrx_word' id='word_1_526' title='bbox 1152 2724 1189 2763; x_wconf 92' lang='lat' dir='ltr'>di</span> <span class='ocrx_word' id='word_1_527' title='bbox 1219 2731 1351 2765; x_wconf 87' lang='lat' dir='ltr'>erunt.</span> <span class='ocrx_word' id='word_1_528' title='bbox 1377 2726 1417 2764; x_wconf 89' lang='lat' dir='ltr'>ld</span> <span class='ocrx_word' id='word_1_529' title='bbox 1440 2727 1544 2764; x_wconf 87' lang='lat' dir='ltr'>enim</span> <span class='ocrx_word' id='word_1_530' title='bbox 1571 2737 1660 2766; x_wconf 88' lang='lat' dir='ltr'>cum</span> <span class='ocrx_word' id='word_1_531' title='bbox 1686 2728 1764 2765; x_wconf 88' lang='lat' dir='ltr'>Deo</span> <span class='ocrx_word' id='word_1_532' title='bbox 1785 2727 2109 2777; x_wconf 87' lang='lat' dir='ltr'>acceptissimum</span> 
     </span>
     <span class='ocr_line' id='line_1_93' title="bbox 1152 2788 2106 2836; baseline 0.001 -11"><span class='ocrx_word' id='word_1_533' title='bbox 1152 2789 1226 2836; x_wconf 71' lang='lat' dir='ltr'>sit,</span> <span class='ocrx_word' id='word_1_534' title='bbox 1259 2793 1343 2827; x_wconf 90' lang='lat' dir='ltr'>tum</span> <span class='ocrx_word' id='word_1_535' title='bbox 1371 2800 1463 2827; x_wconf 80' lang='lat' dir='ltr'>vero</span> <span class='ocrx_word' id='word_1_536' title='bbox 1488 2788 1535 2827; x_wconf 88' lang='lat' dir='ltr'>ad</span> <span class='ocrx_word' id='word_1_537' title='bbox 1562 2788 1808 2828; x_wconf 78' lang='lat' dir='ltr'>alliciendam</span> <span class='ocrx_word' id='word_1_538' title='bbox 1839 2788 2106 2828; x_wconf 87' lang='lat' dir='ltr'>multitudinis</span> 
     </span>
     <span class='ocr_line' id='line_1_94' title="bbox 1153 2851 2109 2902; baseline 0 -13"><span class='ocrx_word' id='word_1_539' title='bbox 1153 2851 1471 2890; x_wconf 85' lang='lat' dir='ltr'>benevolentiam</span> <span class='ocrx_word' id='word_1_540' title='bbox 1503 2851 1716 2902; x_wconf 86' lang='lat' dir='ltr'>plurimum</span> <span class='ocrx_word' id='word_1_541' title='bbox 1745 2851 1934 2902; x_wconf 86' lang='lat' dir='ltr'>prodest;</span> <span class='ocrx_word' id='word_1_542' title='bbox 1968 2862 2039 2889; x_wconf 84' lang='lat' dir='ltr'>nec</span> <span class='ocrx_word' id='word_1_543' title='bbox 2061 2851 2109 2889; x_wconf 86' lang='lat' dir='ltr'>ti-</span> 
     </span>
     <span class='ocr_line' id='line_1_95' title="bbox 1153 2913 2106 2964; baseline -0.001 -12"><span class='ocrx_word' id='word_1_544' title='bbox 1153 2913 1188 2952; x_wconf 93' lang='lat' dir='ltr'>bi</span> <span class='ocrx_word' id='word_1_545' title='bbox 1219 2914 1382 2952; x_wconf 89' lang='lat' dir='ltr'>dubium</span> <span class='ocrx_word' id='word_1_546' title='bbox 1413 2925 1502 2952; x_wconf 84' lang='lat' dir='ltr'>esse</span> <span class='ocrx_word' id='word_1_547' title='bbox 1532 2914 1649 2953; x_wconf 87' lang='lat' dir='ltr'>debet</span> <span class='ocrx_word' id='word_1_548' title='bbox 1687 2915 1826 2964; x_wconf 84' lang='lat' dir='ltr'>injuria</span> <span class='ocrx_word' id='word_1_549' title='bbox 1872 2915 2017 2952; x_wconf 89' lang='lat' dir='ltr'>muitos</span> <span class='ocrx_word' id='word_1_550' title='bbox 2070 2915 2106 2951; x_wconf 91' lang='lat' dir='ltr'>in</span> 
     </span>
     <span class='ocr_line' id='line_1_96' title="bbox 1151 2976 2110 3027; baseline 0.001 -14"><span class='ocrx_word' id='word_1_551' title='bbox 1151 2976 1374 3013; x_wconf 84' lang='lat' dir='ltr'>civitatibes</span> <span class='ocrx_word' id='word_1_552' title='bbox 1404 2976 1518 3023; x_wconf 81' lang='lat' dir='ltr'>affici,</span> <span class='ocrx_word' id='word_1_553' title='bbox 1549 2978 1640 3027; x_wconf 84' lang='lat' dir='ltr'>quia</span> <span class='ocrx_word' id='word_1_554' title='bbox 1683 2977 1741 3014; x_wconf 82' lang='lat' dir='ltr'>vel</span> <span class='ocrx_word' id='word_1_555' title='bbox 1789 2977 1946 3027; x_wconf 85' lang='lat' dir='ltr'>inopia,</span> <span class='ocrx_word' id='word_1_556' title='bbox 1989 2981 2110 3026; x_wconf 86' lang='lat' dir='ltr'>atque</span> 
     </span>
     <span class='ocr_line' id='line_1_97' title="bbox 1153 3037 2104 3085; baseline 0.003 -11"><span class='ocrx_word' id='word_1_557' title='bbox 1153 3037 1447 3085; x_wconf 87' lang='lat' dir='ltr'>imbecillitate,</span> <span class='ocrx_word' id='word_1_558' title='bbox 1479 3039 1539 3076; x_wconf 89' lang='lat' dir='ltr'>vel</span> <span class='ocrx_word' id='word_1_559' title='bbox 1587 3039 1739 3076; x_wconf 73' lang='lat' dir='ltr'>inscitia</span> <span class='ocrx_word' id='word_1_560' title='bbox 1784 3049 1946 3077; x_wconf 85' lang='lat' dir='ltr'>causam</span> <span class='ocrx_word' id='word_1_561' title='bbox 1991 3049 2104 3077; x_wconf 86' lang='lat' dir='ltr'>suam</span> 
     </span>
     <span class='ocr_line' id='line_1_98' title="bbox 1154 3102 1638 3150; baseline 0 -12"><span class='ocrx_word' id='word_1_562' title='bbox 1154 3102 1270 3138; x_wconf 87' lang='lat' dir='ltr'>tutari</span> <span class='ocrx_word' id='word_1_563' title='bbox 1304 3111 1378 3137; x_wconf 92' lang='lat' dir='ltr'>non</span> <span class='ocrx_word' id='word_1_564' title='bbox 1411 3106 1638 3150; x_wconf 86' lang='lat' dir='ltr'>potuerunt.</span> 
     </span>
    </p>

    <p class='ocr_par' dir='ltr' id='par_1_10' title="bbox 1153 3162 2109 3402">
     <span class='ocr_line' id='line_1_99' title="bbox 1206 3162 2106 3213; baseline 0.001 -12"><span class='ocrx_word' id='word_1_565' title='bbox 1206 3162 1548 3208; x_wconf 83' lang='lat' dir='ltr'>Quemadmodum</span> <span class='ocrx_word' id='word_1_566' title='bbox 1580 3168 1712 3202; x_wconf 79' lang='lat' dir='ltr'>autem</span> <span class='ocrx_word' id='word_1_567' title='bbox 1740 3162 1842 3213; x_wconf 86' lang='lat' dir='ltr'>juris</span> <span class='ocrx_word' id='word_1_568' title='bbox 1867 3162 2021 3202; x_wconf 83' lang='lat' dir='ltr'>dicendi</span> <span class='ocrx_word' id='word_1_569' title='bbox 2049 3170 2106 3202; x_wconf 86' lang='lat' dir='ltr'>te·</span> 
     </span>
     <span class='ocr_line' id='line_1_100' title="bbox 1154 3225 2106 3277; baseline 0.002 -14"><span class='ocrx_word' id='word_1_570' title='bbox 1154 3236 1224 3263; x_wconf 94' lang='lat' dir='ltr'>nor</span> <span class='ocrx_word' id='word_1_571' title='bbox 1255 3226 1472 3271; x_wconf 79' lang='lat' dir='ltr'>uniformis,</span> <span class='ocrx_word' id='word_1_572' title='bbox 1501 3237 1546 3264; x_wconf 89' lang='grc'>30</span> <span class='ocrx_word' id='word_1_573' title='bbox 1571 3226 1735 3277; x_wconf 80' lang='lat' dir='ltr'>simplex</span> <span class='ocrx_word' id='word_1_574' title='bbox 1763 3237 1851 3264; x_wconf 84' lang='lat' dir='ltr'>esse</span> <span class='ocrx_word' id='word_1_575' title='bbox 1878 3225 2008 3273; x_wconf 82' lang='lat' dir='ltr'>debet,</span> <span class='ocrx_word' id='word_1_576' title='bbox 2034 3237 2106 3265; x_wconf 86' lang='lat' dir='ltr'>nec</span> 
     </span>
     <span class='ocr_line' id='line_1_101' title="bbox 1153 3287 2109 3339; baseline 0 -12"><span class='ocrx_word' id='word_1_577' title='bbox 1153 3299 1423 3339; x_wconf 86' lang='lat' dir='ltr'>personarum,</span> <span class='ocrx_word' id='word_1_578' title='bbox 1453 3287 1521 3327; x_wconf 88' lang='lat' dir='ltr'>sed</span> <span class='ocrx_word' id='word_1_579' title='bbox 1552 3299 1763 3328; x_wconf 84' lang='lat' dir='ltr'>causarum</span> <span class='ocrx_word' id='word_1_580' title='bbox 1795 3293 2028 3328; x_wconf 82' lang='lat' dir='ltr'>varietatem</span> <span class='ocrx_word' id='word_1_581' title='bbox 2052 3289 2109 3327; x_wconf 88' lang='lat' dir='ltr'>in-</span> 
     </span>
     <span class='ocr_line' id='line_1_102' title="bbox 1154 3351 2107 3402; baseline 0.003 -13"><span class='ocrx_word' id='word_1_582' title='bbox 1154 3356 1407 3398; x_wconf 83' lang='lat' dir='ltr'>ternoscere;</span> <span class='ocrx_word' id='word_1_583' title='bbox 1439 3353 1494 3391; x_wconf 90' lang='lat' dir='ltr'>sic</span> <span class='ocrx_word' id='word_1_584' title='bbox 1525 3351 1562 3390; x_wconf 90' lang='lat' dir='ltr'>in</span> <span class='ocrx_word' id='word_1_585' title='bbox 1593 3351 2018 3402; x_wconf 79' lang='lat' dir='ltr'>animadveisionibus,</span> <span class='ocrx_word' id='word_1_586' title='bbox 2045 3363 2107 3392; x_wconf 83' lang='lat' dir='ltr'>ca-</span> 
     </span>
    </p>
   </div>
  </div>
 </body>
</html>
