2533 4009
413 249 492 287 202

413 320 673 358 denbrogiana
703 317 829 353 lucem
860 309 957 347 vidit
987 308 1198 357 {lamburgi
1241 308 1357 346 4614.

417 384 452 420 4,
482 382 551 419 hoc
564 360 710 417 ιῐίωἰο;
741 373 1002 411 Diuersarum
1032 368 1213 407 Gentium
1243 368 1359 406 histo—

413 443 500 481 riae
515 440 698 490 antiquae
711 435 921 486 scriptores
945 435 1026 470 tres
1044 463 1051 476 ‚
1069 431 1361 471 JORNANDES

414 506 631 554 Episcopus
660 497 705 535 (le
733 505 946 546 reynerum
971 505 1018 531 ac
1038 497 1255 544 temporum
1271 502 1361 535 sucss

415 559 660 601 cessionibus.
706 556 897 606 Ejusdem
941 555 1108 594 historia
1131 553 1177 593 de
1207 552 1359 604 oriyine

415 618 648 662 Gochbrum:
673 620 904 659 ISlDORUS
934 618 1177 670 Hispalensis
1207 616 1255 655 de
1287 615 1361 654 Go-

418 686 514 724 this.
547 681 751 722 Wandalis
776 685 813 719 et
834 680 984 721 Svevis.
1017 680 1209 730 Ejusdem
1238 677 1362 718 Chro-

413 748 523 786 nicon
546 747 689 795 Reyum
727 742 1044 794 Wisigsothorum.
1075 742 1221 780 PAULI
1251 742 1365 778 War-

413 807 550 847 nesridi
573 809 611 845 F.
632 808 790 846 Diaconi
809 805 857 843 de
872 804 993 856 ¹qestis
1012 801 1362 854 Lonyobardorum

413 869 507 909 libri
531 870 589 908 VI.
630 870 808 918 Denique
832 868 951 906 hosce
976 867 1081 906 Pauli
1122 866 1243 904 libros
1272 874 1364 902 cum

413 933 533 972 variis
557 932 792 970 lectionibus
822 930 1013 969 Codicum
1044 927 1294 967 Ambrosiani
1326 930 1366 963 et

412 994 703 1039 hlodoitiensis,
741 997 781 1030 et
810 993 913 1030 notis
941 991 1150 1030 clarissimi
1182 990 1262 1027 Viri
1291 989 1371 1027 Ho-

412 1055 658 1094 ratiiBlanci
675 1055 855 1093 exhibuit
879 1053 1179 1092 laudatissimus
1198 1053 1371 1090 Murato-

414 1120 496 1157 rius
526 1124 619 1156 tom.
646 1120 679 1156 4.
706 1118 881 1155 thesauri
909 1117 1148 1166 scriptorum
1172 1114 1306 1152 ltaliae
1333 1125 1369 1163 p.

416 1182 505 1220 395.-
526 1180 729 1219 Mediolan.
753 1179 867 1218 4723.
909 1178 972 1216 sol.
1000 1178 1090 1226 (242
1120 1177 1268 1216 Notitia
1300 1176 1377 1213 lta-

414 1244 578 1282 licarum
608 1243 837 1280 versionum
868 1252 970 1290 quae
1001 1251 1120 1289 supra
1152 1240 1189 1276 in
1221 1250 1259 1276 n.
1282 1237 1372 1275 244.

416 1306 477 1344 hic
519 1306 653 1344 verius
684 1302 934 1351 referenda.)
967 1303 1021 1340 De
1051 1300 1376 1340 ERCHEMBER-

416 1368 480 1407 TO
525 1367 719 1404 Historiae
763 1365 869 1403 Pauli
911 1365 1186 1402 continuatore
1225 1362 1375 1400 dictum

420 1441 541 1480 supra
572 1435 668 1467 tom.
697 1428 722 1465 2
751 1438 836 1477 pag.
863 1428 952 1465 545.

480 1492 566 1530 Vita
585 1493 624 1530 S.
647 1489 833 1540 Greyorii
851 1490 881 1527 I.
905 1490 1038 1539 Papae
1053 1520 1062 1537 ,
1089 1488 1197 1526 libris
1218 1488 1279 1525 IV.
1297 1486 1379 1525 lau-

427 1555 518 1594 data
543 1553 745 1604 Sigeberto
762 1583 770 1593 .
795 1557 914 1603 atque
931 1551 1034 1590 edita
1057 1551 1078 1589 a
1095 1552 1140 1589 Jo
1161 1550 1380 1589 Mabillonio

428 1618 513 1655 Sec.
554 1618 588 1654 4.
620 1614 863 1654 Benedictin.
895 1626 980 1665 pag.
1012 1613 1101 1651 385.
1140 1618 1260 1662 atque
1290 1610 1381 1648 inde

429 1681 467 1717 in
500 1680 714 1716 novissima
738 1678 911 1728 Operum
943 1677 979 1714 S.
1005 1675 1180 1727 Gregorii
1212 1675 1382 1713 editione

429 1748 534 1779 tomo
559 1741 620 1779 IV.
649 1741 767 1779 Paris.
807 1740 921 1778 4706.
964 1739 1028 1777 fol.
1060 1744 1103 1777 ut
1147 1737 1227 1775 dixi
1263 1747 1381 1786 supra

429 1809 522 1842 tom.
552 1805 587 1842 3.
604 1814 690 1854 pag.
715 1801 776 1840 84.
803 1801 898 1840 Vide
922 1806 962 1839 et
984 1799 1146 1852 {laudati
1175 1798 1381 1838 Mabillonii

432 1866 618 1905 Analecta
641 1864 735 1903 edit.
767 1875 888 1903 novae
913 1875 997 1914 pag.
1025 1861 1115 1901 498.
1144 1873 1226 1911 seq.
1252 1861 1384 1899 Memi-

432 1930 489 1966 nit
514 1928 656 1966 Paulus
682 1929 764 1977 ipse
789 1927 854 1965 lib.
879 1927 913 1965 3.
938 1925 986 1964 de
1011 1926 1134 1976 gestis
1162 1923 1382 1974 Longobar-

433 1990 572 2029 dorum
602 2001 634 2028 c.
660 1988 722 2027 24.

488 2052 660 2091 Libellus
689 2051 736 2089 de
761 2063 926 2090 numero
951 2053 1036 2089 sive
1061 2050 1196 2088 ordine
1227 2047 1385 2099 Episco-

427 2126 572 2166 porum
590 2115 655 2164 qui
671 2115 741 2152 sibi
767 2114 816 2152 ab
841 2115 922 2164 ipso
947 2112 1249 2163 praedicationis
1274 2122 1386 2148 exor-

435 2178 497 2216 dio
522 2179 559 2215 in
576 2176 746 2215 Civitate
763 2176 928 2215 JIetensi
949 2178 1232 2214 successerunt
1258 2183 1384 2222 usque

435 2240 482 2279 ad
509 2240 552 2278 Α.
580 2239 667 2278 777.
693 2240 895 2288 flagitante
927 2239 1101 2288 scriptus
1123 2234 1383 2286 Anqilramno

434 2302 642 2352 Episcopo.
663 2302 805 2339 Exstat
832 2302 868 2338 in
891 2300 1049 2338 Freheri
1076 2299 1245 2348 Corpore
1265 2297 1389 2334 histo-

435 2365 514 2402 riae
531 2365 739 2402 Francicae
766 2375 851 2413 pag.
880 2362 967 2401 474.
990 2366 1031 2399 ct
1055 2362 1091 2398 in
1112 2360 1208 2399 Bibl.
1227 2361 1386 2398 Patrum

436 2425 528 2464 edit.
551 2425 671 2475 Lugd.
688 2430 783 2463 tom.
804 2426 862 2463 43.
888 2436 976 2475 pag.
994 2424 1082 2462 329.
1107 2428 1147 2460 et
1172 2422 1387 2460 novissime

437 2490 474 2525 in
498 2488 710 2538 Augustini
737 2488 903 2526 Calmcti
929 2487 1093 2525 historia
1112 2485 1227 2524 Civili
1253 2489 1293 2522 et
1317 2483 1391 2522 Ee-

437 2551 657 2589 clesiastica
684 2550 954 2599 Lotharingiae
970 2580 978 2597 ⁷
996 2549 1100 2588 edita
1117 2547 1264 2586 Gallice
1289 2546 1390 2584 Nan-

437 2614 532 2662 ceJis
558 2613 671 2651 4728.
697 2612 762 2650 fol.
784 2612 845 2650 Ex
871 2611 943 2650 hoc
966 2611 1095 2650 libello
1122 2610 1388 2660 fragmentum

438 2675 483 2714 (le
515 2673 652 2714 Caroli
670 2675 719 2713 M.
750 2672 970 2726 majoribus
995 2677 1031 2712 et
1053 2671 1216 2720 liberis,
1248 2672 1284 2708 in
1310 2669 1390 2708 An-

438 2737 555 2776 dreae
593 2737 645 2776 du
676 2737 832 2776 Chesne
870 2742 964 2774 tom.
1004 2737 1027 2773 2
1066 2736 1301 2784 scriptorum
1342 2731 1389 2770 de

439 2800 557 2838 rebus
587 2801 828 2838 Francorum
870 2810 954 2848 pag.
994 2799 1083 2836 204.
1128 2802 1168 2834 et
1197 2795 1243 2833 de
1271 2795 1390 2832 Beato

440 2860 607 2913 Arnulfo
626 2892 636 2908 ,
659 2861 815 2911 Pappoli
843 2870 1100 2907 successore,
1136 2859 1173 2895 in
1206 2857 1308 2894 Petri
1335 2856 1392 2893 Pi-

441 2924 543 2961 thoei
569 2923 775 2962 duodecim
807 2922 1065 2972 scriptoribus
1090 2932 1174 2971 pag.
1201 2919 1290 2956 288.
1316 2919 1392 2956 Me-

445 2987 557 3022 minit
580 2986 721 3024 Paulus
747 2987 829 3034 ipse
854 2985 916 3022 Vl.
942 2984 1002 3023 lii.
1025 2983 1073 3021 de
1100 2982 1223 3032 gestis
1247 2981 1393 3029 Longo-

443 3046 596 3084 bardor.
625 3052 665 3084 et
704 3047 933 3097 sigebertus
971 3057 1055 3096 cap.
1095 3045 1156 3083 80.
1188 3043 1254 3093 qui
1282 3043 1393 3091 9esta

448 3108 673 3157 Pontificum
697 3108 925 3148 Metensium
956 3108 1142 3159 appellat.
1167 3107 1228 3145 Ex
1254 3104 1326 3142 hoc
1351 3102 1395 3141 li-

449 3168 548 3205 bello
573 3173 737 3218 petitum
764 3169 1018 3221 Epitaphium
1047 3167 1202 3219 Ariqisi
1231 3165 1289 3215 (al
1317 3164 1396 3203 An-

451 3229 571 3276 chisi')
594 3233 782 3282 Principis
806 3232 1026 3270 Beneventi
1046 3261 1054 3278 ,
1077 3231 1239 3269 obvium
1263 3230 1299 3265 in
1326 3226 1398 3264 Pe-

509 3369 524 3389 a
568 3363 658 3390 Tom.
677 3362 727 3391 lv,
746 3371 934 3396 τηειηοι-ιετ.
950 3367 986 3395 Η.
1005 3366 1040 3394 Ρ
1055 3373 1086 3403 p.
1106 3363 1178 3394 65⁵³.
1206 3362 1283 3394 edit.
1300 3361 1404 3391 Paris.

1255 232 1550 274 PAULUS

1436 304 1580 354 regrini
1602 302 1765 343 historia
1782 305 2006 356 Principum
2024 303 2366 355 Longobardorum
2384 331 2393 348 ‚

1433 365 1535 417 apud
1574 364 1698 403 celeb.
1727 366 1989 406 Muratorium
2012 371 2114 406 tom.
2138 369 2174 406 4.
2212 366 2392 405 thesauri

1435 429 1672 478 scriptorum
1690 428 1822 466 ltaliae
1856 440 1946 479 pag.
1972 430 2060 468 395.
2086 433 2125 468 et
2143 427 2398 480 Epitaphium

1436 492 1475 530 S.
1493 488 1760 541 Hildeyardis
1780 493 1874 528 tom.
1898 491 1933 529 3.
1949 491 2036 530 Act.
2055 492 2233 531 Sanctor.
2251 490 2397 542 Aprilis

1435 564 1522 604 pag.
1538 553 1629 590 789.
1659 551 1765 602 quod
1785 552 2009 592 ALCUINO
2029 555 2221 593 Baronius
2244 556 2400 604 praeter

1433 626 1518 653 rem
1546 614 1754 653 tribuerat.
1878 613 1881 617 '

1488 675 1706 716 Miracula
1729 677 1769 716 S.
1791 674 2003 727 Arnulphi,
2026 679 2092 728 qui
2116 679 2242 729 primo
2265 676 2401 728 MaJ'or-

1438 740 1584 778 domus
1627 740 1745 789 Regis
1782 739 2048 788 Francorum,
2088 745 2222 790 postea
2252 742 2405 779 Meten-

1441 805 1545 841 sium
1567 803 1804 852 Episcopus,
1822 802 2067 840 eremiticam
2084 803 2219 850 vitam,
2241 806 2403 841 notante

1443 864 1650 914 Sigeberto
1679 864 1872 914 expetiit.
1902 864 2088 914 diemque
2117 863 2212 903 obiit
2234 865 2280 904 A.
2310 865 2399 904 632.

1442 927 1559 967 Edita
1584 932 1692 965 tomo
1717 928 1834 965 tertio
1855 926 2030 978 Operum
2054 926 2205 965 BEDAE
2232 927 2408 965 Venera-

1445 990 1560 1038 bilis,
1593 995 1637 1028 ut
1663 989 1744 1028 dixi
1770 994 1869 1027 tom.
1895 991 1932 1028 4.
1956 1001 2044 1040 pag.
2079 987 2170 1028 476.
2199 992 2240 1027 et
2267 989 2408 1028 deinde

1447 1053 1566 1091 Paulo
1591 1053 1741 1091 auctori
1776 1051 1976 1090 vindicata
2005 1053 2027 1090 a
2051 1052 2167 1091 Surio
2187 1051 2252 1090 24.
2277 1050 2412 1102 Augu-

1449 1117 1512 1153 sti.
1554 1115 1731 1154 Meminit
1772 1114 1916 1154 Paulus
1953 1115 2038 1165 ipse
2076 1114 2140 1153 Vl.
2173 1114 2235 1153 45.
2274 1113 2414 1152 histor.

1450 1177 1532 1215 Lon
1545 1176 1704 1227 gohard.

1504 1239 1747 1291 Martyrium
1769 1240 1814 1278 S.
1839 1237 2037 1290 Cypriani
2057 1237 2414 1289 Carthaginiensis,

1453 1302 1604 1341 editum
1636 1304 1674 1340 in
1703 1302 1903 1352 Cypriano
1927 1300 2059 1340 Jacobi
2089 1301 2250 1340 Pamelii
2271 1330 2280 1349 ‚
2304 1301 2341 1339 in
2367 1300 2419 1339 O-

1453 1367 1636 1405 xoniensi
1660 1369 1794 1404 autem
1819 1365 1980 1403 Joannis
2004 1364 2122 1412 Felli⁷
2146 1363 2313 1414 aliisque
2333 1362 2415 1402 edi-

1455 1428 1652 1476 tionibus‘
1681 1433 1720 1466 et
1746 1429 1782 1465 in
1807 1427 1987 1466 Ruinarti
2003 1426 2113 1466 Actis
2129 1426 2289 1465 selectis
2311 1428 2411 1465 Mar-
2487 1425 2491 1427 ’

1456 1496 1592 1542 tyrum
1610 1489 2117 1537 omissumtTiliemontioa)
2135 1488 2413 1540 etiamjudice,

1452 1554 1599 1606 juniori
1641 1553 1786 1599 Paulo,
1823 1555 1890 1604 qui
1920 1557 2099 1602 tempore
2138 1552 2264 1592 Caroli
2305 1551 2417 1591 Calvi

1458 1619 1690 1667 scripserit,
1720 1615 1979 1655 tribuendum
2004 1614 2175 1653 videtur.
2486 1652 2491 1658 ,

1516 1679 1622 1718 Vitae
1639 1681 1678 1718 S.
1700 1677 1898 1716 Benedicti
1913 1677 1978 1727 qui
1999 1676 2043 1715 A.
2061 1675 2152 1715 543.
2168 1679 2208 1714 et
2218 1676 2259 1715 S.
2282 1676 2419 1715 Mauri

1459 1745 1523 1792 qui
1544 1742 1587 1780 A.
1608 1742 1696 1781 584.
1721 1742 1760 1780 S.
1785 1738 2050 1779 scholasticae
2077 1736 2249 1788 Vzryinis
2263 1768 2274 1786 ,
2295 1737 2323 1776 S
2345 1739 2420 1775 Be-

1458 1804 1603 1842 nedicti
1634 1803 1805 1849 sororis,
1837 1813 1938 1852 quae
1968 1802 2071 1838 circa
2101 1799 2147 1838 A.
2177 1798 2268 1838 542.
2297 1798 2416 1846 obiit,

1461 1866 1695 1918 prodierunt
1719 1866 1867 1903 Romae
1894 1863 2009 1902 4590.
2035 1861 2072 1901 li.
2099 1863 2136 1900 in
2162 1865 2275 1913 parte
2305 1862 2419 1899 tertia

1458 1932 1685 1979 poematum
1711 1928 1753 1965 T.
1778 1926 1959 1976 Prosperi
1983 1924 2232 1974 Martinengi‚
2255 1927 2296 1961 et
2315 1921 2419 1973 apud

1458 1991 1724 2030 Mabillonium
1756 1989 1890 2028 seculo
1930 1985 1956 2025 1.
1988 1986 2234 2026 Benedictin.
2273 1984 2350 2025 Sed
2381 1986 2418 2022 in

1458 2054 1569 2092 Actis
1595 2054 1771 2092 Sanctor.
1801 2055 1898 2088 tom.
1919 2049 1957 2088 3.
1983 2049 2107 2088 Martii
2130 2048 2193 2087 24.
2219 2059 2306 2099 pag.
2328 2047 2419 2086 275.

1461 2121 1501 2154 et
1537 2120 1633 2153 tom.
1661 2116 1698 2153 4.
1724 2115 1887 2152 Januar.
1913 2112 1974 2151 15.
2000 2122 2089 2162 pag.
2115 2110 2232 2149 4039.
2255 2114 2296 2148 et
2324 2114 2418 2148 tom.

1461 2179 1484 2218 2
1515 2178 1700 2216 Februar.
1735 2178 1797 2215 40.
1833 2187 1869 2226 p.
1902 2175 1992 2214 393.
2021 2174 2191 2211 omissas
2216 2172 2301 2211 illas
2329 2182 2419 2210 esse

1462 2240 1576 2279 video
1591 2241 1779 2278 Veracem
1796 2241 1834 2276 et
1848 2237 2040 2288 insiynem
2060 2233 2421 2286 historioqraphum

1462 2314 1526 2341 res
1558 2304 1597 2341 S.
1637 2300 1839 2340 Benedicti
1867 2303 2095 2338 narrantem
2127 2301 2243 2336 vocat
2268 2298 2343 2335 Leo
2371 2296 2422 2335 Ο-

1464 2365 1627 2403 stiensis
1644 2364 1688 2401 11.
1712 2362 1776 2401 44.
1795 2363 1944 2400 Versus
1960 2365 2095 2399 autem
2115 2358 2214 2410 elegi
2234 2359 2419 2409 reciproci

1465 2426 1512 2465 de
1539 2427 1578 2465 S.
1597 2424 1800 2464 Benedicti
1826 2422 2053 2470 miraculis,
2079 2423 2116 2460 in
2143 2420 2290 2472 quibus
2311 2421 2422 2471 prius

1465 2487 1762 2527 hemistichium
1785 2485 2037 2532 hexametri,
2055 2483 2274 2534 posteriore
2298 2482 2425 2521 hemi-

1466 2550 1608 2589 stichio
1639 2549 1879 2600 pentametri
1900 2547 2121 2598 repetitur,
2150 2544 2278 2584 eidem
2305 2544 2422 2582 Leoni

1464 2613 1528 2651 lib.
1549 2615 1585 2651 4.
1605 2623 1688 2662 cap.
1717 2613 1765 2650 45
1791 2609 1997 2649 memorati
2019 2618 2214 2658 ‚quorum
2240 2607 2420 2645 initium:

1467 2673 1616 2713 Ordior
1638 2672 1741 2712 unde
1762 2676 1848 2711 tuos
1869 2682 1985 2711 sacer
2007 2681 2026 2707 ο
2048 2667 2252 2708 Benedicta
2282 2666 2424 2706 trium-

1461 2736 1559 2788 phos
1577 2767 1585 2782 ‚
1610 2739 1772 2774 exstant
1797 2735 1834 2771 in
1862 2733 1968 2772 Pauli
1992 2731 2045 2770 lib
2069 2731 2136 2770 lib.
2162 2732 2196 2770 4.
2221 2729 2270 2777 de
2294 2731 2420 2780 gestis

1466 2796 1751 2848 Longobardor.
1769 2807 1854 2845 cap.
1871 2794 1933 2833 26.
1949 2798 1990 2832 et
2007 2795 2042 2831 in
2057 2792 2225 2832 Aimoini
2239 2802 2423 2830 sermone

1465 2861 1513 2899 de
1532 2861 1570 2898 S.
1591 2857 1803 2897 Benedicto
1829 2858 1866 2894 in
1889 2855 1984 2894 Bibl.
2010 2854 2246 2894 Floriacensi
2269 2865 2305 2903 p.
2331 2853 2422 2892 284.

1466 2922 1618 2959 Versus
1634 2919 1785 2957 similes
1810 2919 1997 2968 reciproci
2018 2917 2058 2955 in
2082 2917 2123 2956 S.
2139 2914 2424 2956 scholasticam

1467 2981 1570 3033 apud
1587 2980 1932 3019 ArnoldumWion
1952 2979 2048 3018 libro
2069 2980 2185 3018 tertio
2202 2978 2294 3028 ligni
2315 2978 2424 3016 Vitae

1467 3044 1515 3084 ad
1534 3045 1594 3083 40.
1621 3043 1803 3081 Februar.
1830 3047 1925 3080 tom.
1949 3042 1987 3081 2.
2008 3053 2094 3092 pag.
2118 3039 2181 3079 107.
2206 3040 2422 3090 incipiunt·

1471 3107 1502 3145 O
1525 3105 1733 3145 Benedicta
1749 3116 1864 3144 soror
1888 3103 2085 3143 Benedicti
2108 3101 2260 3141 nomine
2287 3101 2419 3141 CHri-

1469 3168 1523 3208 sti
1536 3200 1543 3216 7
1566 3167 1785 3218 eximiique
1803 3166 1935 3219 patris
1956 3178 1976 3204 ο
2002 3163 2201 3204 benedicta
2223 3173 2350 3202 soror.
2373 3164 2415 3201 ln

1473 3231 1545 3269 hoc
1582 3232 1756 3269 carmine
1790 3227 2144 3278 testatur-Paulus
2180 3236 2222 3264 se
2264 3225 2420 3264 heroico
