2517 4009
888 220 1261 262 ilEMiGiUs

71 299 167 339 dicti
191 300 290 338 forte
319 297 423 335 iliius
452 299 527 333 est.
574 295 793 332 Florentiae
839 296 875 332 in
925 295 1023 333 Bibl.

69 360 239 401 Medicea
254 363 294 398 et
309 355 618 397 Camaldulensi.
638 355 746 394 Idem
763 367 788 406 p
821 356 908 395 413.
932 356 1024 396 [ι30.

31 434 34 437 “
123 422 186 460 44.
216 417 426 471 Responsio
455 417 502 456 ad
528 417 747 456 Gualonem
765 448 776 464 ‚
796 417 1023 456 lieduorum

67 483 307 533 Episcopum
327 509 336 529 ,
365 479 414 518 de
439 491 583 530 pugna.
608 480 807 518 Michaelis
823 491 916 519 cum
938 482 1025 520 Dia-

66 543 154 583 bolo
181 542 230 581 de
258 552 421 593 corpore
451 543 569 580 Musis
598 546 638 579 et
680 541 729 580 de
773 542 1022 592 Behemoth,

68 614 186 656 quam
203 602 457 647 Possevinus
487 608 697 642 memorat.

120 665 182 704 ⁴5.
213 664 268 703 De
294 663 449 702 ratione
485 662 773 715 yubernandae
818 663 1021 704 Ecclesiae

66 727 247 777 scripsit,
273 730 390 777 prout
418 725 534 764 docet
563 727 894 777 Eisengreinius‚
918 726 1022 777 apud

64 787 236 828 eundem
268 788 544 826 Possevinum.

121 850 183 889 ⁴6.
212 849 488 902 Inter-precatio
512 848 712 887 nominum
729 847 1020 888 Hebraieorum

63 910 200 950 ordine
228 910 486 962 Alphabetico
502 942 513 958 ,
538 922 640 961 quae
665 912 786 962 vulgo
806 911 933 950 Bedae
956 914 1025 949 tri-

63 973 269 1013 buebatur.
300 974 338 1011 in
368 972 485 1024 cujus
501 974 648 1023 quippe
664 971 863 1023 Operibus
889 978 1023 1013 exstat

62 1040 156 1074 tom.
188 1036 252 1074 111.
283 1047 318 1086 p.
349 1035 417 1073 731
453 1034 636 1073 Oudinus
679 1039 813 1073 autem
852 1039 1025 1073 testatur

62 1097 99 1135 in
129 1098 301 1148 optimae
317 1101 432 1135 notae
456 1095 668 1135 Codicibus
685 1097 860 1146 Remigio
888 1101 1023 1135 nostro

61 1158 193 1198 tribui.
225 1158 336 1198 Adde
365 1159 495 1197 Merici
527 1158 749 1197 Casauboni
793 1162 928 1196 annot.
974 1156 1022 1196 ad

63 1219 254 1270 Optatum
274 1232 309 1271 p.
329 1220 391 1258 49.
408 1218 429 1241 ³
446 1217 504 1257 Ad
523 1218 630 1257 hunc
647 1219 870 1269 Remigium
888 1219 1025 1258 Antis-

63 1280 334 1320 siodorensem
352 1284 533 1330 spectare
562 1279 681 1317 credo
711 1279 891 1323 homilias
925 1292 1024 1331 qua-

64 1340 177 1380 sdam
210 1340 398 1392 legendas
428 1343 465 1378 in
496 1340 715 1379 homiliario
745 1341 922 1390 quodam·
944 1343 1022 1382 MS.

63 1402 330 1442 Bibliothecae
360 1403 454 1441 Can.
490 1401 649 1440 maioris
682 1402 779 1439 eccl.
819 1403 1019 1441 Lucensis.

64 1465 167 1504 Sunt
195 1469 330 1503 autem
362 1463 520 1503 homilia
555 1464 594 1502 S.
633 1462 796 1514 Remigii
829 1465 866 1502 in
899 1465 1020 1504 illud:

65 1524 224 1576 viqilate
241 1536 335 1577 erqo
353 1524 451 1577 quia
467 1523 646 1573 nescitis;
664 1525 802 1575 incipit
819 1538 826 1563 :
845 1524 907 1564 hic
922 1537 1015 1576 erqo

59 1586 282 1640 perspicue.
306 1586 442 1626 Altera
466 1588 504 1625 in
531 1586 626 1626 illud
641 1600 650 1626 τ
665 1597 734 1625 vos
750 1587 842 1625 estis
863 1587 924 1627 sol
943 1591 1020 1627 ter-

66 1661 151 1689 rae.
182 1651 349 1701 Incipit:
373 1649 472 1701 quia
495 1647 665 1687 dixerat
686 1649 887 1689 Dominus.
919 1651 1018 1688 item

35 1760 42 1766 .
69 1715 264 1751 tractatus
288 1712 330 1750 in
355 1711 450 1750 illud
470 1724 478 1750 :
498 1710 608 1750 scitis
628 1710 724 1762 quia
738 1715 830 1762 post
857 1709 1020 1750 biduum

67 1774 202 1824 incipit
213 1775 271 1812 :et
278 1771 431 1826 factum
447 1776 508 1811 est
520 1777 594 1810 etc.
608 1772 682 1810 hac
697 1772 798 1811 enim
817 1773 1019 1812 sententia.

69 1834 168 1873 Item
186 1833 358 1873 Romilia
374 1835 411 1872 in
431 1833 527 1872 illud
545 1846 552 1870 ε
573 1844 737 1884 vespere
765 1837 898 1872 autem
919 1833 1020 1874 Sab-

68 1894 164 1945 ban}-
174 1897 308 1946 incipit
321 1894 544 1934 Matthaeus
555 1900 708 1948 aparte
729 1897 826 1934 ltem
844 1897 967 1947 altera
979 1898 1017 1935 in

68 1956 163 1996 illud
183 1970 190 1995 ε
217 1956 406 2007 Mayister
429 1955 550 1995 attuli
565 1956 691 2008 silium
712 1969 851 1996 meum.
878 1959 1020 2009 Incipit

68 2021 275 2070 retorquet
295 2016 464 2069 culpam.
491 2018 625 2057 Altera
651 2019 688 2056 in
714 2019 836 2058 illud:
864 2019 1022 2058 Dissere

68 2078 180 2119 nobis
199 2078 448 2131 parabolam.
474 2081 616 2131 Incipit
637 2079 708 2118 sed
729 2081 1021 2132 quaerendum.

68 2141 201 2183 Codex
229 2146 292 2181 est
320 2142 469 2181 saeculi
500 2146 544 2181 ut
572 2142 766 2188 arbitror,
797 2144 882 2181 Xll.
913 2143 935 2166 ³⁸*

117 2203 360 2244 REMIGIUS
381 2202 530 2243 Clarus
543 2235 553 2252 ,
568 2204 655 2242 aliis
673 2203 821 2244 Clarus
835 2204 1027 2256 Hierony-

64 2277 175 2306 meus
189 2296 199 2314 ‚
223 2267 256 2314 a)
272 2267 393 2304 etiam
409 2277 477 2317 pro
493 2277 601 2304 more
618 2267 742 2305 seculi
765 2267 856 2303 κατ’
878 2268 1027 2317 ἐξοχην

64 2326 344 2374 Florentinus,
373 2337 395 2365 a
425 2328 576 2376 patria,
606 2327 763 2366 dictus.
795 2328 889 2368 Ord.
913 2331 1029 2367 Prae-

65 2387 312 2435 dicatorum,
340 2388 380 2424 in
409 2386 525 2425 domo
565 2388 603 2426 S.
633 2389 778 2427 Mariae
821 2388 1024 2428 Novellae.

64 2449 293 2495 sententias
321 2448 416 2498 legit
443 2449 603 2486 Parisiis
633 2450 670 2486 in
702 2449 923 2498 Gymnasio
956 2451 1026 2489 Sa-

64 2510 301 2560 njacobaeo‚
332 2512 469 2559 postea
498 2509 642 2547 Romae
673 2511 859 2560 Magister
902 2511 1028 2549 Theo—

63 2571 189 2624 logiae
217 2572 347 2610 factus
376 2569 521 2608 ibidem
551 2569 713 2616 docuit,
746 2570 908 2609 tandem
928 2571 1025 2609 Pro-

66 2637 227 2673 curator
253 2631 414 2671 Ordinis
441 2631 594 2670 electus
623 2631 719 2670 obiit
734 2642 769 2669 a.
790 2633 907 2671 1312.
925 2633 1027 2671 Scri-

66 2696 146 2746 psit
174 2695 432 2743 Quaestzones
464 2691 710 2743 Theoloyicas
735 2703 813 2742 per
841 2691 1026 2744 alphabe-

66 2760 176 2806 tum,
212 2757 266 2795 De
297 2755 423 2794 modis
451 2767 589 2793 rerum
609 2785 618 2802 ‚
651 2754 757 2806 Opus
791 2754 1027 2806 liletaplzysi-

66 2828 156 2856 cum
171 2849 182 2866 ,
205 2816 438 2868 Quodlibeta
455 2845 465 2861 ‚
489 2818 699 2856 Sermones
724 2815 770 2854 (le
794 2819 966 2867 tempore
991 2821 1029 2856 et

20 2911 26 2919 .
67 2879 250 2928 Sanctis,
289 2876 658 2929 Quadrayesimale.
696 2878 775 2915 Jac.
816 2877 952 2923 Quetif
978 2877 1026 2916 de

70 2939 339 2991 scriptoribus
356 2939 452 2978 Ord.
476 2937 794 2978 Praedicatorum
822 2943 916 2976 tom.
944 2940 957 2977 1
990 2951 1023 2989 p.

121 3089 155 3127 11)
177 3086 259 3119 male
291 3086 348 3118 hic
381 3086 571 3125 Quetifius;
600 3094 677 3118 nam
710 3085 811 3118 verba
843 3087 1027 3118 Pocciantli

64 3137 172 3170 Calai.
207 3137 415 3176 Scriptorum
440 3133 708 3167 Florentinorum
732 3145 764 3175 p.
790 3134 861 3166 155.
886 3144 952 3167 non
976 3143 1030 3167 re-

61 3191 113 3222 cte
136 3186 311 3220 intellexit.
346 3185 450 3217 verba
481 3189 560 3216 sunt
586 3185 691 3216 haecz
714 3186 902 3216 REMiGiUS
938 3184 1030 3215 clari

60 3235 293 3277 Hieronymi
309 3243 355 3266 ex
370 3235 502 3266 Ordine
520 3234 814 3265 Praedicatorum
829 3233 1027 3265 cucullatus

32 3323 37 3326 ,
62 3287 337 3326 Hieronymeum
359 3287 409 3315 est
434 3284 552 3315 domus
584 3291 611 3314 s.
635 3286 818 3314 conventus
846 3281 1005 3314 praedica

63 3339 170 3368 aarum
194 3334 384 3366 Florentiae
400 3355 408 3370 ‚
434 3334 491 3373 qui
515 3332 556 3364 ab
579 3333 777 3371 iheronymo
816 3339 935 3364 nomen
973 3331 1030 3362 ha-

1991 223 2068 263 369

1102 291 1193 331 506.
1216 290 1296 329 Jul.
1323 291 1437 340 Niger
1460 289 1509 329 dc
1535 291 1803 341 Scriptoribus
1828 292 2067 332 Florentinis

1101 364 1136 404 p.
1171 353 1261 391 480.
1290 352 1499 391 Altamura
1532 364 1568 403 p.
1600 352 1662 390 87.
2037 382 2047 385 -

1152 414 1172 436 *⁵
1202 415 1279 452 Noc
1324 413 1566 462 Quotilium,
1598 425 1670 453 nec
1715 415 2064 456 Bibliothecarium

1100 480 1278 515 nostrum
1303 476 1417 526 plane
1432 481 1698 526 assequutum
1716 478 1838 516 verba
1856 479 2066 518 Poeciantii

1099 538 1136 574 in
1163 537 1347 587 Catalogo
1385 538 1571 587 scriptor.
1599 539 1856 578 Florentinor.
1883 540 2064 579 arbitror.

1097 599 1196 637 Cum
1227 600 1334 636 enim
1379 599 1526 637 scribat
1566 599 1819 640 Poceiantius
1864 602 2066 653 Remiqius

1100 658 1216 699 Clari
1231 659 1510 710 Hieronymoei
1530 672 1585 700 eae
1601 660 1683 699 ord.
1706 662 2066 710 Praedicatorum;

1097 722 1254 759 censuit
1283 720 1481 766 Quetifius
1522 722 1626 761 iilius
1658 722 1774 762 Clari
1802 724 2072 763 llieronimaei

1099 793 1242 820 nomen
1286 783 1455 821 altorum
1490 783 1652 833 Remigii
1683 785 1892 835 designare
1914 817 1922 832 ,
1956 797 2001 825 ac
2031 787 2062 824 si

1098 845 1328 894 scripsisset
1369 845 1444 883 aiio
1490 847 1650 883 nominc
1693 845 1830 884 clarus
1874 847 2066 899 Hierony-

1097 916 1236 944 maeus
1256 918 1267 951 ,·
1284 905 1352 944 sed
1375 917 1446 944 cur
1467 906 1567 944 dixit
1591 905 1698 945 clari
1722 911 1761 946 et
1792 919 1867 946 non
1894 907 2067 947 clarus?

1066 979 1069 981 ’
1098 967 1427 1006 Bibliothecarius
1471 979 1566 1006 vero
1608 967 1716 1007 clari
1757 969 1818 1008 hic
1850 968 1968 1008 habet
1999 982 2068 1021 pro

1097 1027 1270 1075 celebri;
1316 1030 1590 1080 llioronymaei
1641 1042 1736 1069 vero
1786 1043 1929 1069 nomen
1976 1044 2066 1071 esse

1097 1092 1256 1129 censuit
1282 1091 1466 1129 Coenobii
1497 1092 1709 1130 cuiusdam
1736 1093 1963 1131 Florentini.
1993 1095 2067 1132 Ve-

1099 1163 1187 1189 rum
1231 1152 1379 1190 nullam
1418 1163 1509 1190 esse
1551 1153 1869 1192 Praedicatorum
1896 1155 2064 1193 Domum

1098 1212 1219 1251 huius
1237 1214 1409 1251 nominis
1427 1213 1662 1263 Florentinis
1678 1215 1862 1253 omnibus
1885 1226 2064 1265 comper-

1096 1277 1182 1312 tum
1208 1278 1283 1311 est.
1307 1274 1392 1323 Ego
1419 1275 1538 1324 igitur
1567 1276 1752 1313 existimo
1789 1287 1834 1314 ac
1873 1276 2062 1326 principio

1096 1334 1259 1383 quidem
1283 1334 1377 1372 illud
1399 1334 1679 1385 Hieronymaei
1699 1336 1879 1385 sphalma
1897 1347 1986 1374 esse
2004 1341 2067 1387 ty-

1096 1395 1381 1445 pographicam
1407 1397 1505 1433 satis
1534 1401 1718 1442 constat,
1744 1401 1784 1434 et
1809 1398 1892 1446 ipse
1916 1399 2063 1448 pariter

1096 1457 1332 1494 Poeciantus
1358 1455 1453 1494 iliud
1479 1455 1666 1494 emendat
1692 1458 1728 1493 in
1755 1462 1955 1507 postrema
1973 1470 2065 1509 ope-

1095 1517 1151 1555 ris
1175 1517 1342 1567 pagella,
1361 1516 1657 1567 legendumque
1681 1517 1800 1555 edicit
1824 1519 2064 1569 Hieronymi.

1093 1579 1194 1618 Esse
1216 1583 1350 1616 autem
1371 1576 1489 1617 Clari
1503 1577 1738 1630 Hieronymi
1752 1591 1896 1618 censeo
1920 1591 2062 1618 nomen

1093 1640 1218 1691 patris
1256 1644 1297 1678 et
1325 1641 1482 1691 gentis,
1507 1651 1556 1678 ex
1595 1652 1673 1691 qua
1712 1641 1914 1692 Remigius
1952 1645 2065 1680 satus

1093 1705 1168 1750 est,
1184 1706 1224 1740 et
1249 1701 1414 1752 perinde
1441 1701 1578 1740 valent
1602 1713 1648 1740 ac
1671 1713 1693 1740 e
1719 1707 1830 1753 patre
1847 1703 1961 1743 Claro
1980 1704 2066 1742 llic-

1094 1774 1261 1813 ronyma
1295 1768 1428 1814 gente.
1455 1762 1476 1786 ³*

1146 1826 1388 1864 REMIGIUS
1405 1855 1412 1873 ‚
1428 1825 1702 1877 Luydunensis
1720 1826 1942 1876 Episcopus
1960 1855 1967 1868 ,
1987 1825 2061 1864 hu-

1088 1886 1156 1938 jus
1189 1888 1362 1925 nominis
1393 1888 1549 1937 primus
1579 1887 1628 1926 ab
1657 1899 1691 1925 a.
1724 1888 1920 1926 854-875.
1966 1886 2066 1924 Vide

1093 1947 1260 1987 Galliam
1291 1944 1695 1987 Christianam'tomo
1725 1949 1788 1986 lV.
1819 1960 1855 1998 p.
1879 1948 1940 1986 61.
1965 1949 2066 1986 Hist.

1095 2010 1268 2049 literaire
1297 2009 1346 2048 de
1377 2010 1412 2049 la
1444 2012 1593 2048 Franco
1618 2016 1698 2048 tom
1732 2011 1775 2048 V.
1793 2022 1828 2060 p.
1852 2009 1940 2048 449.
1959 2009 2057 2058 Ejus

1097 2076 1138 2110 et
1168 2072 1371 2111 Ecclesiae
1404 2072 1685 2122 Lugdunensis
1715 2071 1813 2110 liber
1841 2069 1886 2108 de
1931 2069 2062 2109 tribus

1098 2132 1273 2184 epistolis
1302 2144 1394 2172 cum
1426 2132 1656 2183 Appendice
1675 2143 1705 2170 s.
1723 2130 1922 2171 Solutione
1946 2143 2067 2183 quae-

1099 2194 1239 2233 stionis
1260 2194 1307 2233 de
1327 2193 1516 2245 yenerali
1527 2205 1604 2245 per
1632 2193 1761 2232 Adam
1788 2192 2038 2232 damnatione
2053 2226 2064 2243 ,

1101 2257 1195 2294 item
1236 2256 1336 2294 liber
1378 2256 1480 2294 alius
1523 2254 1570 2294 de
1605 2254 1776 2293 tenenda
1814 2253 2067 2293 immobiliter

1099 2317 1337 2368 Scripturae
1360 2318 1530 2356 Sanctae
1553 2315 1724 2354 veritate
1753 2320 1887 2353 exstat
1919 2317 1955 2353 in
1984 2317 2066 2355 Au-

1101 2379 1277 2418 ctoribus
1327 2378 1376 2417 de
1423 2377 1785 2417 Praedestinatione
1837 2387 1907 2426 per
1965 2376 2065 2415 Gilb.

1100 2442 1358 2491 Maugvinum
1390 2439 1508 2478 editis
1538 2440 1634 2477 tomi
1669 2439 1697 2477 1.
1727 2441 1842 2488 parte
1872 2437 1909 2475 2.
1956 2438 2064 2476 Prior

1103 2502 1167 2540 ille
1198 2507 1310 2552 repet
1328 2507 1394 2541 tus
1423 2502 1544 2539 etiam
1576 2505 1639 2538 est
1669 2504 1765 2537 tom.
1793 2498 1876 2536 XV.
1923 2498 2064 2536 Biblio-

1103 2562 1243 2601 thecae
1274 2564 1434 2601 Patrum
1482 2561 1603 2612 Lugd.
1649 2573 1685 2611 p.
1729 2559 1818 2598 666.
1862 2558 2065 2610 Epistolae

1101 2623 1243 2662 variae
1271 2622 1318 2662 ad
1351 2623 1597 2662 Clodoveum
1641 2626 1681 2661 et
1726 2622 1823 2660 alios
1867 2621 1904 2658 in
1946 2623 2065 2660 tomis

1104 2684 1389 2723 Conciliorum.

1156 2745 1396 2784 REMIGIUS
1414 2775 1424 2791 ‚
1457 2744 1676 2784 monachus
1705 2749 1746 2782 et
1774 2744 1898 2783 abbas
1931 2755 2066 2782 mona-

1104 2809 1215 2846 sterii
1241 2805 1551 2846 Mediolanensis
1583 2806 1621 2856 b)
1643 2836 1652 2855 ,
1679 2807 1932 2845 Trevirensis
1961 2805 2067 2844 dioe—

1101 2870 1206 2907 cesis
1222 2899 1233 2917 ‚
1264 2870 1425 2919 scripsit
1442 2867 1482 2906 in
1504 2865 1841 2913 Pentateuchum,
1867 2867 1908 2904 in
1933 2866 2067 2905 Evan-

1098 2928 1246 2982 9elium
1267 2959 1273 2976 ,
1299 2928 1340 2968 in
1362 2927 1592 2982 Apostolum
1610 2958 1618 2978 ‚
1645 2928 1704 2968 De
1723 2929 1871 2968 visione
1891 2925 2061 2967 Abalculc

1092 3086 1159 3117 bet.
1186 3085 1270 3118 illud
1292 3087 1551 3125 flieronymeum
1577 3093 1596 3117 a
1621 3087 1816 3118 Pocclantio
1840 3085 1966 3117 dicitur
1990 3084 2074 3115 cla-

1091 3144 1183 3173 rum,
1207 3135 1240 3166 h.
1262 3142 1290 3165 e.
1315 3135 1461 3173 celebre,
1486 3143 1552 3166 non
1589 3137 1801 3175 incognitum
1819 3147 1829 3167 .·
1857 3134 1938 3167 binc
1966 3135 2070 3174 igitur

1092 3184 1146 3216 ille
1171 3184 1299 3216 Clarus
1323 3184 1583 3224 Hieronymus
1601 3183 1703 3216 stater
1718 3189 1768 3216 est
1785 3183 1940 3216 Articuli
1957 3182 2073 3216 Smal·

1091 3233 1223 3264 caldici'
1247 3237 1279 3264 et
1309 3233 1456 3264 Domini
1480 3232 1636 3273 Alton-fii.

1153 3281 1190 3321 b)
1213 3284 1376 3313 Gesner-us
1403 3283 1497 3321 ponit
1520 3283 1713 3314 monasterli
1736 3283 1771 3316 S.
1791 3281 1970 3314 Lama-'ma
1995 3282 2065 3321 Ego

1096 3331 1175 3362 hacc
1202 3339 1268 3362 non
1295 3330 1458 3371 intelligo.

1688 3402 1758 3438 ¹98
