2533 4009
468 202 546 241 650

469 272 562 310 dum
601 272 648 309 ab
685 271 796 308 hoste
839 270 1117 323 negliguntur,
1158 273 1290 319 optato
1337 268 1412 307 fine

468 345 541 371 non
571 338 742 371 currant.
779 332 891 370 Nullo
932 337 1064 370 autem
1111 332 1226 385 modo
1270 332 1410 370 harum

467 406 622 440 rerum,
649 396 748 432 sicut
775 405 845 432 nec
866 396 1008 432 aconiti
1037 395 1258 445 periculum
1285 396 1322 432 in
1347 394 1414 433 ho-

468 457 568 494 mine
599 457 722 493 ami-co
754 455 833 493 lieri
867 457 1022 494 vellem.

519 517 745 556 Curandum
777 519 847 555 erit
879 519 1021 568 igitur,
1052 523 1090 557 ut
1124 519 1172 557 ab
1203 519 1248 557 iis
1270 520 1412 569 cogita-

466 579 634 616 tionibus
664 580 822 618 exulum
872 582 990 618 animi
1036 586 1294 630 avertantur3
1341 593 1412 619 neo

466 640 540 678 ulla
574 635 661 685 via,
692 653 791 690 quae.
821 643 878 680 eis
908 642 1127 690 conducat,
1159 644 1196 681 in
1245 645 1409 693 patriam

465 701 676 741 reducendi
707 709 848 751 erunt,
890 705 958 743 sed
1008 707 1136 756 potius
1180 710 1248 745 aut
1292 707 1410 744 variis

467 766 631 814 negotiis
664 766 904 816 occupandi,
935 772 1003 805 aut
1050 769 1086 805 in
1130 767 1298 819 alicujus
1343 768 1409 806 tibi

463 828 776 880 conjunctissimi
807 831 936 881 RegiS,
958 831 1019 869 vel
1045 831 1291 881 Reipublicae
1313 830 1412 869 lines

464 892 675 942 relegandi.
718 893 849 944 Atque
881 898 923 932 ut
962 893 1062 933 lianc
1107 900 1258 945 partem
1303 895 1411 933 brevi

465 956 720 1001 concludam;
752 958 926 996 omnium
953 957 1113 1007 quidem
1135 960 1327 1008 optimum
1350 963 1412 996 est

462 1018 554 1057 dare
583 1030 769 1070 operam,
801 1031 849 1057 ne
882 1020 931 1058 illi
965 1022 1058 1058 liant
1086 1021 1252 1059 exules:
1285 1022 1411 1071 proxi-

465 1092 572 1118 mum
604 1093 721 1130 vero,
753 1087 795 1120 ut
827 1083 856 1119 si
888 1083 953 1132 qui
980 1082 1069 1121 facti
1095 1083 1259 1131 fuerint,
1291 1093 1408 1133 quam

462 1141 688 1191 longissime
717 1149 1058 1184 summoveantur.

513 1204 704 1250 Quoniam
735 1212 867 1245 autem
900 1206 935 1244 hi
967 1212 1122 1246 tantum
1153 1209 1289 1258 inopes
1333 1208 1413 1246 exi-

464 1268 615 1306 stimari
641 1268 793 1316 solent,
820 1270 884 1320 qui
911 1271 1046 1308 amicis
1066 1275 1229 1309 carent:
1255 1274 1293 1308 et
1318 1280 1414 1320 quo-

462 1328 555 1366 tidie
585 1331 822 1380 experimur,
855 1332 1003 1371 nullam
1031 1343 1120 1370 esse
1151 1334 1289 1381 vitam,
1312 1343 1413 1383 quae

464 1392 634 1430 amicitia
667 1403 742 1430 non
773 1399 911 1443 egeat,
955 1406 1041 1433 eam
1090 1395 1149 1433 vel
1197 1396 1232 1432 in
1279 1395 1414 1444 primis

463 1453 632 1503 regendo
663 1455 823 1505 imperio
856 1458 1024 1495 maxime
1056 1458 1316 1495 necessariam
1355 1468 1414 1494 ar-

462 1514 594 1554 bitrari
625 1517 841 1556 debemus:
872 1521 1088 1558 amicorum
1131 1521 1235 1557 enim
1282 1530 1414 1569 respe-

461 1581 575 1623 ctus,
614 1583 908 1630 auctoritasque
953 1585 1071 1620 etiam
1117 1583 1204 1619 sine
1250 1586 1413 1631 sumptu

463 1649 625 1685 eorum,
651 1646 690 1678 et
715 1643 859 1680 auxilio
886 1654 1074 1693 persaepe
1101 1655 1170 1681 nos
1196 1648 1302 1681 tutos
1329 1643 1413 1681 red-

463 1700 555 1739 dere
587 1708 739 1751 potest:
769 1716 872 1753 quos
902 1711 1033 1743 tamen
1065 1705 1110 1743 ad
1145 1705 1244 1742 lianc
1276 1716 1413 1743 neces-

462 1761 675 1802 situdinem
709 1766 774 1803 tibi
806 1766 1012 1817 adjungas,
1037 1767 1245 1817 diligenter
1266 1769 1414 1805 anima-

466 1823 730 1864 dvertendum
762 1830 847 1866 erit.
881 1829 973 1867 Nam
1001 1832 1031 1867 si
1055 1841 1143 1879 quis
1164 1835 1238 1877 est,
1263 1831 1327 1880 qui
1352 1830 1412 1868 vel

466 1897 581 1924 omne
613 1899 777 1938 regnum
810 1895 934 1939 tuum,
967 1892 1027 1929 vel
1049 1891 1134 1941 rjus
1157 1896 1306 1941 partem
1329 1903 1415 1941 spe-

469 1960 552 1986 rare
585 1950 778 1996 videatur,
806 1963 896 1990 cum
928 1965 973 1991 eo
1004 1959 1217 2004 perpetua,
1253 1958 1293 1991 et
1337 1959 1415 1991 sta-

466 2009 553 2048 bilis
582 2014 751 2051 amicitia
783 2025 871 2052 esse
903 2016 1009 2053 nullo
1042 2015 1154 2054 inodo
1187 2020 1326 2065 potest.
1374 2017 1412 2054 Si

462 2075 551 2122 quis
573 2080 773 2124 praeterea
796 2088 884 2115 cum
914 2078 1116 2116 veteribus
1139 2079 1254 2116 sociis
1280 2078 1416 2116 simul-

462 2139 582 2174 tatem
615 2138 834 2186 exercebit,
867 2151 1004 2189 parum
1037 2140 1201 2179 idoneus
1231 2142 1316 2184 erit,
1347 2142 1411 2190 qui

461 2197 531 2235 sibi
563 2199 814 2238 concilietur·
848 2212 975 2251 neque
1005 2203 1138 2249 enim,
1180 2207 1221 2240 ut
1266 2208 1328 2240 est
1374 2204 1409 2240 in

463 2261 584 2297 veteri
618 2263 821 2309 proverbio
840 2293 848 2309 ‚
879 2264 1034 2303 duabus
1065 2265 1180 2304 simul
1210 2265 1409 2312 uxoribus,

461 2320 669 2360 duobusve
701 2325 801 2363 inter
831 2337 872 2364 se
903 2328 1072 2365 aemulis
1101 2328 1306 2366 commode
1333 2328 1412 2378 pla-

461 2394 548 2423 cere
579 2389 746 2436 quisque
769 2394 921 2437 potest3
954 2391 1048 2440 quin
1071 2391 1234 2429 alteram
1260 2396 1410 2441 partem

462 2448 658 2497 offendam
689 2449 782 2488 dum
813 2452 922 2490 alteri
957 2464 1103 2491 morem
1150 2465 1284 2503 gerere
1328 2459 1413 2492 stu-

461 2508 540 2548 det.
570 2510 677 2556 Quos
713 2517 844 2551 autem
892 2514 957 2552 tibi
1007 2514 1263 2564 devinxeris,
1310 2516 1411 2554 labo-

463 2571 629 2610 randum
660 2575 757 2622 erit,
791 2581 992 2615 uteorum
1018 2579 1185 2615 societas
1221 2582 1411 2628 perpetuo

463 2641 748 2675 conservetur:
775 2638 876 2688 quod
910 2639 1054 2689 quibus
1086 2640 1304 2679 rationibus
1330 2641 1410 2678 [ieri

464 2695 637 2743 debeat,
674 2711 749 2737 non
771 2712 859 2739 esse
895 2706 932 2740 te
968 2702 1258 2742 admonendam
1291 2703 1411 2752 duxi3

463 2769 553 2797 cum
579 2761 725 2810 optime
749 2763 891 2801 callere
907 2764 1047 2805 soleas.
1072 2770 1111 2803 et
1135 2765 1412 2812 domesticum,

464 2832 510 2859 ac
548 2833 686 2862 recens
718 2826 942 2876 exemplum
968 2827 1168 2866 observari
1194 2829 1324 2867 animo
1348 2828 1416 2866 de—

467 2882 578 2921 beat:
605 2897 680 2923 nun
705 2888 881 2937 ignorare
904 2895 941 2927 te
964 2896 1069 2939 puto,
1088 2892 1276 2941 proximis
1298 2892 1414 2929 annis

467 2946 676 2987 Robertum
701 2951 978 2990 Arminensem
1006 2955 1220 3004 principem
1247 2954 1294 2992 ob
1319 2956 1415 2993 ami-

467 3009 626 3057 citiam,
665 3023 783 3062 quam
827 3025 917 3053 eum
963 3018 1212 3066 magnanimo
1254 3023 1414 3067 parente

469 3074 534 3108 tuo
570 3074 708 3112 inierat
737 3081 870 3114 contra
911 3080 1208 3127 potentissimos
1249 3079 1412 3126 hostes,

468 3142 602 3182 agrum
651 3147 766 3175 suum
814 3139 1051 3188 defendisse,
1094 3147 1260 3192 tutoque
1307 3142 1411 3181 domi

470 3199 683 3237 mansisse:
726 3213 803 3251 quo
846 3203 1005 3253 quidem
1056 3205 1091 3242 in
1139 3205 1238 3243 bello
1285 3206 1414 3244 nullos

470 3265 650 3308 sumptus
669 3268 778 3311 pater
799 3266 880 3314 ipse
899 3272 991 3305 tuus
1007 3268 1078 3305 sibi
1098 3268 1324 3307 definierat:
1345 3268 1412 3306 sed

469 3328 557 3357 cum
585 3325 800 3364 servandae
830 3330 1029 3368 societatis
1060 3331 1176 3369 linem
1211 3333 1412 3371 victoriam

1041 199 1410 247 DIOMEDIS
1456 198 1844 239 CAR.xFFAE

1485 272 1556 309 sibi
1588 273 1882 322 proposuisset3
1930 285 2048 324 supra
2096 277 2270 313 tercenta
2316 274 2435 313 millia

1490 345 1698 372 nummum
1737 346 1946 374 aureorum
1992 335 2129 374 effudit
2147 365 2157 382 ,
2204 337 2434 387 priusquam

1487 397 1601 434 amici
1624 407 1790 447 regnum
1815 398 1850 434 in
1877 402 1962 436 tuto
1987 399 2223 437 collocatum
2241 409 2330 436 esse
2352 410 2437 449 per-

1486 459 1667 508 spiceret,
1693 458 1794 505 quod
1818 471 1937 509 quam
1958 463 2180 510 proximum
2207 461 2330 499 exitio
2356 461 2440 500 fue-

1485 521 1560 567 rit,
1592 531 1707 558 nemo
1731 525 1804 565 est,
1829 522 1895 571 qui
1922 524 2083 561 nesciat.
2099 523 2300 573 Quotquot
2322 523 2440 573 igit-ur

1487 581 1619 620 haberi
1643 588 1828 633 poterunt
1849 584 2069 632 amicitiae,
2101 589 2158 623 tot
2181 583 2442 635 appetendae,

1486 650 1525 683 et
1571 645 1846 695 suscipiendae
1893 651 2034 686 erunt:
2078 658 2150 686 nec
2194 658 2436 698 quemquam

1484 709 1656 757 omnino,
1684 713 1725 747 ut
1751 708 1954 755 humilem,
1979 713 2048 748 aut
2073 708 2277 760 indignum
2323 721 2439 761 repu-

1484 770 1667 817 diaveris,
1687 770 1991 822 fastidierisque‚
2013 773 2198 822 quoniam
2219 784 2263 812 ea
2287 776 2437 824 tempo-

1485 844 1526 872 ra
1558 845 1859 884 nonnumquam
1898 833 2095 885 accidunt,
2126 839 2169 874 ut
2197 835 2244 874 ab
2275 835 2439 875 homini-

1485 897 1559 936 bus
1589 899 1706 936 etiam
1748 898 1906 946 infimis,
1949 897 2052 948 quod
2098 909 2315 949 numquam
2353 910 2441 950 spe-

1488 971 1645 1006 rasses,
1689 959 1926 999 beneficium
1953 960 2126 998 maxime
2150 960 2329 1011 accipere
2349 970 2440 998 con-

1488 1024 1623 1073 tingat.

1540 1085 1652 1124 Sicut
1682 1090 1816 1125 autem
1842 1086 2003 1137 expedit
2023 1086 2219 1125 amicitias
2240 1096 2442 1137 compara-

1487 1158 1540 1188 re.
1566 1158 1713 1197 easque
1738 1148 1890 1195 colere,
1920 1153 2039 1198 atque
2070 1160 2241 1200 augere3
2283 1149 2334 1187 ita
2362 1159 2444 1187 ma-

1488 1209 1590 1248 xime
1611 1209 1820 1249 conducit:
1845 1212 2117 1261 (posteaquam
2142 1222 2188 1248 eo
2221 1209 2439 1250 deventum

1489 1277 1574 1319 est,
1601 1277 1643 1311 ut
1667 1273 1713 1312 ad
1741 1273 1812 1311 has
1834 1285 1991 1324 quoque
2008 1277 2115 1312 artes
2130 1272 2438 1323 confugiendum

1483 1332 1560 1384 sit)
1605 1336 1707 1386 apud
1731 1347 1810 1381 eos,
1837 1347 1938 1387 quas
1963 1336 2029 1374 tibi
2057 1336 2234 1374 infensos
2257 1346 2346 1374 esse
2377 1346 2444 1374 no·

1491 1398 1596 1435 veris
1623 1426 1632 1441 ‚
1656 1398 1826 1448 aliquem
1854 1398 1920 1437 tibi
1952 1410 1999 1437 ex
2028 1397 2285 1436 familiaribus
2305 1408 2442 1436 eorum

1487 1459 1707 1506 conciliare,
1739 1462 1804 1510 qui
1826 1459 1873 1499 de
1897 1460 2095 1509 omnibus,
2119 1470 2220 1510 quae
2244 1462 2380 1498 contra
2405 1462 2444 1497 te

1487 1526 1667 1571 agantur,
1700 1524 1847 1570 statim,
1879 1527 1917 1560 et
1954 1522 2107 1561 occulte
2150 1522 2357 1560 certiorem
2404 1523 2442 1558 te

1490 1584 1629 1622 faciat:
1659 1585 1762 1633 quod
1795 1585 1956 1635 quidem
1990 1586 2025 1621 in
2048 1589 2126 1622 tam
2149 1584 2346 1634 corruptis
2371 1581 2443 1621 hu·

1483 1644 1550 1695 jus
1580 1647 1724 1685 saeculi
1753 1647 1926 1685 moribus
1948 1646 2014 1685 tibi
2038 1645 2194 1685 difficile
2226 1657 2301 1683 nnn
2337 1645 2440 1690 erit,

1488 1708 1518 1744 si
1552 1707 1665 1744 modo
1697 1720 1772 1745 non
1793 1720 1881 1746 esse
1907 1712 2070 1758 argento
2096 1707 2337 1758 parcendum
2365 1716 2441 1744 non

1489 1770 1796 1808 existimaveris.
1828 1772 1961 1820 Neque
1991 1774 2030 1808 te
2070 1769 2295 1820 hujusmodi
2335 1779 2444 1808 sum-

1489 1836 1581 1881 ptus
1600 1838 1780 1880 gravent,
1804 1835 1895 1883 quia
1927 1832 1990 1871 vel
2014 1832 2164 1870 minimi
2203 1831 2350 1877 damni,
2375 1834 2444 1869 aut

1491 1894 1579 1932 mali
1604 1895 1733 1933 futura
1761 1897 1908 1942 notitia,
1925 1906 2045 1945 quam
2070 1895 2141 1933 hac
2160 1895 2310 1933 ratione
2329 1894 2439 1932 inve-

1490 1957 1711 2005 stigaveris,
1741 1969 1831 1996 cum
1863 1959 1967 1996 omni
1995 1958 2146 1996 solutae
2172 1956 2363 2007 pecuniae
2382 1955 2442 2007 ja-

1489 2023 1615 2065 ctura,
1647 2031 1722 2058 non
1755 2020 1854 2058 male
1884 2021 2131 2070 compensari
2162 2020 2317 2070 poterit.
2363 2017 2440 2058 Sed

1488 2081 1824 2131 quemadmodum
1858 2093 1998 2133 magno
2023 2083 2110 2121 usui
2136 2082 2210 2120 erit
2246 2081 2284 2118 in
2314 2080 2440 2119 aliena

1488 2145 1590 2191 regia
1623 2144 1721 2183 tales
1747 2145 1926 2183 homines
1953 2144 2176 2193 vendicare,
2208 2145 2264 2183 sic
2296 2153 2441 2182 caven-

1488 2205 1581 2243 dum
1614 2208 1715 2252 erit,
1747 2219 1794 2244 ne
1825 2208 1861 2244 in
1906 2212 1972 2246 tua
2018 2208 2260 2245 nutriantur.
2305 2206 2439 2256 Neque

1487 2277 1583 2306 Sane
1606 2268 1844 2308 laboriosum
1883 2270 1956 2307 erit
1980 2269 2190 2320 diligenter
2218 2267 2440 2307 attendenti

1485 2340 1552 2367 eos
1576 2330 1887 2381 deprehendere,
1917 2342 2009 2370 cum
2034 2331 2095 2369 vel
2129 2331 2290 2369 minimo
2321 2329 2441 2368 verbo

1487 2392 1735 2444 plerumque,
1768 2395 1829 2433 vel
1857 2394 1931 2434 alia
1972 2393 2201 2444 conjectura
2233 2391 2440 2432 manifesto

1489 2468 1578 2495 sese
1600 2458 1808 2507 aperiant:

1542 2521 1594 2559 De
1621 2520 1806 2559 facilitate
1837 2531 1931 2559 vero
1962 2520 2000 2558 in
2031 2518 2224 2568 subditos,
2253 2517 2302 2557 de
2333 2528 2441 2556 man·

1487 2582 1730 2631 suetudine,
1768 2582 1897 2634 deque
1939 2582 2125 2622 audiendi
2172 2581 2442 2632 benignitate,

1488 2658 1589 2697 quae
1627 2658 1718 2697 pars
1761 2645 1809 2684 ad
1853 2645 2088 2696 captandam
2122 2643 2440 2683 benevolentiam

1489 2720 1564 2746 non
1588 2709 1703 2747 modo
1733 2708 1854 2757 utilis,
1885 2709 2003 2747 etiam
2036 2706 2328 2759 pernecessaria
2353 2709 2440 2754 est,

1489 2783 1565 2810 non
1598 2772 1720 2810 multa
1747 2771 1840 2809 mihi
1871 2769 2034 2809 dicenda
2065 2773 2173 2817 sunt,
2198 2779 2288 2808 cum
2328 2768 2365 2805 in
2396 2778 2440 2806 ea

1489 2838 1527 2872 te
1547 2835 1703 2873 cunctis
1727 2833 1963 2872 antecellere
1988 2837 2027 2870 et
2047 2836 2237 2870 constans
2259 2830 2437 2868 omnium

1489 2908 1618 2936 sermo
1650 2895 1864 2947 praedicet,
1891 2899 1930 2933 et
1973 2905 2043 2945 ego
2073 2897 2112 2932 te
2141 2893 2188 2931 ad
2221 2891 2256 2930 id
2287 2891 2441 2942 egregie

1490 2965 1621 2998 natam
1650 2958 1885 3009 jampridem
1906 2956 2187 3008 cognoverim:
2217 2965 2296 3005 quo
2320 2954 2438 2992 etiam

1492 3022 1556 3059 tibi
1592 3023 1716 3071 magis
1747 3019 2002 3059 laborandum
2028 3024 2137 3069 puto,
2165 3028 2213 3056 ne
2239 3015 2361 3068 major
2387 3015 2443 3053 vi-

1490 3083 1632 3121 delicet
1663 3083 1915 3133 reprehensio
1936 3085 2141 3131 sequatur,
2171 3080 2202 3118 si
2234 3081 2270 3117 in
2301 3089 2346 3117 eo
2375 3077 2444 3116 de-

1490 3146 1649 3189 feceris,
1679 3145 1725 3184 ad
1751 3144 1854 3195 quod
1881 3145 2080 3194 ingenium
2109 3148 2221 3182 tuum
2248 3143 2376 3192 ipsum
2404 3144 2442 3179 te

1489 3208 1610 3247 ducit.
1632 3209 1686 3247 Ne
1713 3213 1843 3246 tamen
1870 3206 1918 3246 ab
1941 3207 2060 3245 animi
2084 3206 2140 3244 tui
2168 3202 2439 3254 magnitudine

1491 3271 1697 3322 decipiaris
1728 3276 1766 3309 te
1813 3270 1986 3310 breviter
2021 3266 2310 3308 admonendam
2353 3275 2442 3304 esse

1488 3333 1595 3380 duxi,
1628 3344 1702 3371 non
1726 3344 1814 3371 esse
1837 3343 2025 3380 necesse3
2052 3332 2127 3368 imo
2153 3340 2224 3368 nec
2249 3327 2329 3366 sieri
2356 3337 2442 3378 pos-
