2533 4009
431 178 508 214 496

427 255 551 291 usque
585 242 695 278 1410.
727 239 771 272 lu
802 236 877 271 MS.
909 224 1053 268 codice
1094 229 1196 265 Bibl.
1238 228 1365 264 Fesu-

426 311 528 344 lanae
557 302 786 341 canonicor.
808 292 1144 332 Lateranensium
1165 290 1253 327 haec
1277 291 1366 336 ipsa

427 367 603 405 Historia
631 361 743 398 extat
763 359 917 395 duobus
937 353 1133 392 distincta
1152 353 1367 390 Codicibus

426 431 475 466 ab
503 427 593 462 orbe
621 421 779 459 condito
808 428 933 465 usque
964 418 1015 454 ad
1045 415 1298 452 Celestinum
1317 415 1366 449 V.

426 489 640 536 perducta,
672 485 716 519 ut
745 491 816 518 nos
845 481 959 517 docet
989 480 1030 515 P.
1061 477 1157 513 Ant.
1188 477 1369 512 Pallavi-

421 551 500 585 cini
531 546 791 583 Nox-ariensis
821 543 1005 580 eiusdem
1031 539 1369 585 congregationis

419 611 639 646 canonicus
670 609 730 643 vir
758 609 807 643 01.
850 606 892 641 in
932 605 1044 641 edita
1074 611 1236 654 summa
1264 602 1367 638 Bibl.

421 673 643 708 Fesulanw.
675 669 893 706 Florentia*-
927 666 1044 703 1752.

499 733 603 780 1318)
629 734 773 769 Confer
802 732 844 769 et
878 730 1038 777 Ciampi
1063 726 1185 776 (Scb.)
1207 726 1369 764 Notizic

418 799 479 834 del
507 797 601 834 Cau.
636 796 853 833 Sozomeno
882 795 995 831 Pisa.
1030 792 1129 828 1811
1164 792 1207 827 in
1238 791 1275 826 8.
1302 790 1371 835 qui

418 861 494 895 alio
516 858 674 895 detecto
703 858 838 894 codice
865 856 1136 892 summarium
1157 863 1222 899 op.
1243 861 1371 898 usque

422 922 471 957 ad
502 930 564 956 an.
599 920 715 957 1455.
750 921 806 956 ibi
836 918 1022 955 inseruit.

476 984 491 998 '
514 983 692 1019 Joannes
715 982 951 1018 Dominicus
975 977 1375 1016 SPAZZARINlPa-

419 1047 597 1082 tavinus.
621 1046 838 1091 Scriptoris
859 1043 980 1079 huius
1000 1041 1169 1079 exstant
1207 1041 1250 1076 in
1270 1039 1372 1076 Bibl.

422 1109 690 1144 Amin-osiana
711 1106 952 1153 fragmenta
973 1105 1179 1141 Historica
1207 1104 1250 1139 in
1280 1102 1376 1138 Cod.

421 1170 499 1205 MS.
531 1170 753 1207 Cliartaceo
779 1170 886 1206 teste
917 1180 955 1215 p.
987 1167 1248 1204 Montfaucon
1272 1165 1377 1202 Bibl.

423 1234 530 1269 MSS.
563 1236 640 1270 vol.
674 1244 710 1280 p.
742 1233 832 1270 513.
865 1234 943 1269 Nec
971 1233 1087 1278 plura
1117 1230 1165 1266 de
1194 1229 1270 1264 hoc
1291 1230 1377 1264 viro

422 1298 531 1341 novi,
561 1297 611 1333 de
640 1307 717 1342 quo
746 1297 847 1333 forte
880 1298 994 1342 plura
1023 1292 1205 1331 dedisset
1235 1292 1379 1329 Fabri-

423 1361 509 1395 cius
533 1388 542 1405 ,
590 1361 671 1396 nisi
717 1360 847 1397 morte
897 1357 1150 1405 praepeditus
1199 1354 1379 1400 fuisset,

424 1423 755 1469 quandoquidem
784 1423 863 1458 huc
892 1422 1065 1458 lectores
1092 1427 1188 1455 suos
1215 1425 1382 1454 revoca-

426 1486 496 1520 vit.
513 1486 730 1531 Postquam
752 1486 838 1521 haec
859 1484 1004 1529 scripsi
1027 1481 1293 1519 evolvendum
1315 1488 1383 1515 oc-

426 1548 555 1584 currit
587 1549 777 1583 volumen
809 1547 986 1582 alterurn
1026 1544 1273 1590 inscriptum
1289 1543 1384 1578 Dis-

427 1611 657 1647 siriasiom‘
686 1611 871 1646 Vos-smne
903 1610 946 1645 di
968 1607 1150 1654 Apostolo
1173 1607 1277 1642 Zeno
1292 1614 1387 1650 pag.

433 1673 508 1708 195
536 1682 585 1708 ex
615 1682 692 1718 quo
721 1673 845 1708 didici
878 1672 1095 1707 historiam
1132 1678 1255 1714 quam
1288 1668 1389 1712 Spa-

431 1738 590 1772 zarinus
630 1736 795 1781 scripsit
834 1744 900 1771 res
944 1733 1087 1780 gestas
1139 1730 1387 1767 Venetorum

430 1799 636 1835 continere
658 1800 777 1844 atque
809 1798 858 1833 ad
889 1806 1042 1833 annum
1063 1803 1190 1840 usque
1213 1792 1317 1829 1516
1339 1792 1389 1828 ab

432 1862 593 1897 auctore
635 1862 703 1896 illo
735 1870 805 1896 suo
836 1860 1018 1906 perduci.
1061 1857 1188 1892 Extat
1230 1856 1388 1892 editum

436 1923 510 1958 hoc
538 1932 639 1969 opus
680 1924 720 1958 in
761 1922 1014 1959 Bibliotheca
1052 1920 1253 1955 Patavina
1282 1917 1389 1953 teste

437 1985 750 2021 Thomasinoin
789 1994 853 2030 op.
896 1983 1095 2029 inscripto
1136 1981 1393 2018 Bibliotheca

439 2048 636 2083 Patavina
666 2048 745 2082 MS.
775 2048 816 2082 et
856 2047 965 2082 alibi.
1006 2046 1116 2082 Obiit
1146 2044 1284 2080 auctor
1315 2043 1392 2080 istc

439 2119 502 2144 an.
528 2110 628 2145 1519
650 2110 816 2145 aetatem
838 2119 969 2154 agens
991 2117 1191 2144 annorum
1205 2108 1255 2143 90
1275 2107 1389 2152 Reip.

440 2172 606 2208 Venetae
637 2182 660 2207 a
689 2172 856 2208 secretis
889 2173 964 2215 vel.
987 2171 1033 2206 ut
1065 2171 1186 2206 {etate
1216 2170 1289 2204 illa
1320 2178 1392 2214 ap-

439 2235 680 2280 pellabatur,
713 2234 988 2269 Cancellarius
1018 2232 1107 2268 fuit.

528 2295 957 2339 SPERA-lN-DEL'S.
1000 2296 1067 2331 vel
1099 2294 1392 2341 Spei-audeus,

446 2359 578 2395 Abbas
608 2359 894 2403 Cordubensis,
918 2357 1083 2403 scripsit
1103 2358 1238 2393 seculo
1260 2357 1298 2391 X
1319 2357 1393 2393 ad-

445 2429 588 2457 versus
624 2421 830 2457 Coranum
859 2423 944 2458 sice
979 2420 1291 2457 Saracenorum
1321 2420 1396 2456 Le-

441 2493 542 2529 qem,
575 2484 622 2520 de
652 2485 862 2530 martyrio
903 2483 1081 2530 Adulphi
1111 2483 1148 2519 ct
1176 2481 1356 2518 Joaum's
1380 2507 1390 2525 ,

447 2547 658 2592 Epis-iolas
688 2548 792 2584 duas
822 2547 874 2583 ad
904 2547 1101 2583 siccarum
1124 2546 1171 2582 dc
1196 2544 1394 2591 mysterio

451 2609 693 2646 Trinitatis.
725 2610 842 2644 Plura
872 2609 957 2644 Nic.
989 2608 1156 2644 Antonii
1188 2609 1291 2644 Bibl.
1321 2608 1394 2643 Hi-

447 2681 574 2716 spana
604 2672 732 2707 Vetus
760 2671 825 2705 VI.
857 2682 893 2707 n.
928 2671 1002 2707 135
1033 2682 1114 2718 seq.

521 2731 756 2769 Matthaeus
778 2733 1059 2768 SPINELLUS
1081 2734 1127 2770 dc
1159 2733 1393 2778 Juvenatio,

442 2797 545 2840 quod
574 2797 766 2842 oppidum
799 2797 862 2833 est
893 2798 1072 2832 littorale
1102 2797 1143 2831 in
1186 2795 1394 2831 territorio

443 2855 639 2901 bariensi,
671 2859 777 2894 inter
809 2859 987 2894 'l‘ranum
1016 2859 1058 2894 et
1088 2858 1277 2903 Barium,
1320 2867 1394 2903 pa-

445 2918 531 2954 triae
563 2929 645 2955 suae
675 2920 805 2955 Judcx
836 2921 924 2956 sive
948 2921 1152 2966 Syndicus
1176 2930 1254 2956 sec.
1284 2919 1396 2954 XIII.

449 2983 611 3027 scripsit
637 2982 864 3020 Chronicon
889 2994 1033 3021 rerum
1050 2985 1092 3020 in
1113 2983 1242 3020 Italia
1263 2984 1401 3029 qesta-

453 3052 543 3079 rum
583 3046 633 3081 ab
662 3046 898 3082 annol247.
930 3047 978 3082 ad
1014 3046 1127 3082 1268.
1159 3046 1201 3082 et
1231 3045 1399 3091 quidem

454 3104 593 3149 lingua
622 3106 764 3143 Italica
783 3136 791 3151 ,
821 3108 926 3153 quod
948 3108 1198 3144 articulatim
1221 3107 1403 3152 discerp-

453 3164 536 3200 tum
567 3169 680 3202 extat
710 3170 815 3213 apud
862 3170 976 3205 Joan.
1018 3171 1240 3205 Antonium
1284 3169 1404 3205 Sum-

459 3231 591 3264 monte
623 3232 718 3267 tom.
751 3232 798 3266 11.
830 3233 1011 3269 historiae
1033 3233 1311 3279 Neapolitana}
1332 3233 1402 3269 lib.

459 3290 494 3322 23.
526 3300 602 3325 *mn
634 3304 725 3328 wrm
756 3296 857 3330 serie
888 3296 1030 3332 Latino
1063 3305 1244 3332 sermone
1273 3295 1403 3333 edidit

1209 158 1612 196 SPERA-lN-DEUS

1439 229 1544 266 Dan.
1576 227 1878 274 Papebrochius
1906 228 1950 264 in
1979 228 2193 274 Propylaeo
2223 226 2275 263 ad
2311 226 2416 265 Acta

1440 291 1682 327 Sanctorum
1713 289 1812 336 Maji
1841 290 1947 337 part.
1971 289 2020 326 11.
2042 300 2079 336 p.
2112 291 2177 326 4ο.
2219 290 2415 337 deinceps

1438 352 1615 389 occurrit
1655 353 1699 388 in
1738 352 1799 388 Jo.
1838 352 1957 398 Bapt.
2001 352 2163 389 Carusii
2205 351 2309 388 Bibl.
2345 350 2415 388 hi-

1440 415 1591 451 storica
1621 415 1743 461 regni
1776 413 1926 451 Slciliae
1949 414 2051 451 tom.
2083 414 2133 450 11.
2165 425 2204 461 p.
2237 413 2343 451 1055
2371 413 2415 451 et

1441 476 1652 513 Muratorii
1692 476 1731 512 S.
1753 476 1800 511 R.
1822 476 1914 512 Ital.
1936 476 2023 513 tom
2044 477 2134 513 VII.
2165 487 2263 524 pag.
2296 476 2414 514 1089.

1524 537 1650 587 (319)
1674 538 1905 574 Videndum
1929 539 2094 576 doctum
2115 541 2329 586 volumen,
2349 539 2418 576 cui

1441 601 1508 637 tit.
1554 600 1860 638 commentaire
1902 600 2010 637 Hist.
2052 601 2096 638 et
2139 602 2416 649 chronologi-
2477 588 2479 590 ³

1443 673 1520 711 que
1550 673 1619 700 sur
1647 665 1709 700 les
1739 662 2037 709 Ephemerides
2062 663 2114 701 de
2134 664 2186 700 M.
2206 663 2359 700 Matteo
2373 663 2416 700 di

1444 729 1696 766 Giovenazzo
1739 738 1812 775 par
1853 728 1901 763 H.
1932 726 1980 763 D.
2003 727 2061 765 De
2099 728 2268 776 Luynes
2301 728 2418 764 Paris

1445 792 1582 828 Didot.
1615 791 1732 828 1839.
1765 793 1803 828 4.

1530 852 1824 890 STANILAUS
1867 853 1916 889 cie
1963 850 2192 900 cracovia.
2224 855 2416 899 Polonus,

1446 918 1538 954 Ord.
1570 916 1888 953 Praedicatorum
1908 942 1918 960 ,
1941 915 2076 952 medio
2097 915 2261 953 circiter
2281 917 2416 954 seculo

1446 979 1555 1015 XIV.
1579 978 1746 1025 scripsit
1769 977 1816 1015 de
1838 977 1927 1014 vitu
1941 977 1981 1013 et
2000 977 2228 1014 miraculis
2244 977 2289 1016 S.
2304 977 2422 1025 Hya-

1447 1041 1583 1081 cinthi
1617 1041 1714 1079 Orci.
1745 1040 2118 1086 Praedicatorum,
2163 1040 2274 1086 quod
2320 1049 2421 1088 opus

1450 1105 1632 1141 nondum
1654 1104 1718 1141 est
1739 1103 1912 1140 editum.
1933 1103 2017 1138 Jac.
2041 1101 2184 1145 Quetif
2202 1102 2252 1138 de
2290 1101 2420 1148 Scrip.

1451 1166 1611 1217 toribus
1632 1165 1726 1202 Ord.
1742 1164 2065 1202 Praedicatorum
2085 1164 2187 1201 tom.
2212 1163 2242 1200 I.
2264 1174 2302 1211 p.
2332 1163 2422 1201 632.

1453 1231 1566 1266 Adde
1596 1231 1700 1265 Acta
1730 1228 1974 1265 Sanctorum
2004 1226 2117 1264 tomo
2161 1226 2232 1263 111.
2275 1227 2423 1275 Augu-

1455 1294 1510 1329 sti
1541 1304 1578 1339 p.
1610 1292 1702 1328 309.
1998 1337 2001 1341 Ι

1538 1354 1860 1392 STANISLAUS
1880 1356 2073 1399 polonus,
2093 1352 2188 1389 Ord.
2216 1352 2422 1389 Minorum

1456 1419 1560 1464 Reg.
1591 1418 1760 1455 Observ.
1790 1415 2129 1453 ferventissimus
2171 1414 2425 1452 Praedicator

1458 1482 1500 1517 in
1534 1480 1771 1526 Lithuania‚
1792 1478 1930 1516 floruit
1951 1489 1986 1515 a.
2012 1478 2128 1515 1483.
2151 1476 2321 1525 scripsit
2358 1477 2428 1514 Vi·-

1461 1544 1548 1580 tum
1592 1542 1635 1580 S.
1670 1542 1883 1579 stanislai·
1913 1541 2122 1589 Episcopi.
2165 1540 2428 1587 Waddingus

1461 1607 1509 1643 de
1542 1607 1811 1652 scriptoribus
1840 1605 1935 1641 Ord.
1966 1605 2167 1641 Minorum
2198 1614 2236 1650 p.
2268 1604 2360 1640 319.

1541 1667 1863 1703 STANISLAUS
1894 1667 1941 1704 dc
1974 1667 2172 1713 Mopsum,
2201 1675 2226 1701 a
2267 1665 2428 1712 patria,

1459 1731 1555 1767 urbe
1587 1731 1776 1766 Moraviae
1809 1730 2008 1775 primaria
2037 1730 2096 1766 sic
2124 1728 2288 1775 dictus,
2330 1729 2430 1766 Pro-

1461 1793 1589 1829 fessor
1620 1793 1858 1838 Theologiae
1889 1791 2139 1827 Viennensis
2169 1792 2212 1827 in
2233 1790 2428 1838 Austria‚

1464 1864 1543 1892 sec.
1567 1855 1656 1889 XV.
1679 1854 1856 1900 Scripsit
1885 1853 2138 1890 Tractatum
2157 1853 2306 1890 contra
2318 1853 2431 1890 Hus-

1464 1919 1571 1956 sitas
1601 1917 1682 1953 MS.
1714 1918 1757 1953 in
1786 1917 1890 1954 Bibl.
1922 1916 2154 1952 Basileensi
2205 1915 2328 1952 Bern.
2380 1917 2430 1954 de

1468 1980 1728 2017 Montfaucon
1769 1979 1872 2016 Bibl.
1915 1978 2027 2014 MSS.
2069 1986 2165 2024 pag.
2210 1977 2301 2014 612.
2323 1979 2431 2026 Epi-

1465 2044 1574 2082 stola
1621 2043 1674 2080 ud
1720 2042 1781 2079 Jo.
1836 2042 2022 2078 Hussum
2060 2040 2199 2077 exstat
2237 2041 2281 2078 in
2326 2040 2430 2078 Bibl.

1467 2106 1787 2143 Heilbrunnensi
1805 2133 1814 2151 ,
1867 2103 1976 2140 teste
2028 2102 2227 2149 Catalogo
2271 2102 2433 2140 Hocke-

1468 2171 1583 2206 riano
1614 2179 1651 2215 p.
1688 2169 1776 2204 110.

1546 2230 1776 2267 *Authoris
1796 2229 1919 2265 huius
1951 2229 2146 2274 opuscula
2175 2229 2258 2265 alia
2290 2228 2433 2265 servat

1466 2293 1720 2331 Bibliotheca
1740 2291 2076 2329 Vindobonensis
2095 2300 2146 2328 ex
2164 2290 2280 2326 cuius
2301 2291 2433 2327 indice

1467 2356 1547 2392 MS.
1580 2356 1667 2392 haec
1696 2354 1802 2392 mihi
1830 2354 1988 2399 notavi,
2011 2352 2228 2390 Tractatus
2247 2354 2306 2390 Dc
2332 2353 2436 2391 Uni-

1468 2418 1703 2455 versalibus
1734 2416 1921 2454 realibus
1965 2415 2062 2452 Cod.
2104 2415 2196 2453 429.
2239 2414 2435 2462 Theolog.

1466 2479 1599 2516 Latin.

1552 2542 1782 2580 Tractatus
1802 2542 1849 2580 dc
1873 2540 2148 2579 Sacrumeuto
2160 2540 2324 2578 Altaris
2338 2539 2434 2578 ibid.

1547 2607 1605 2642 Dc
1629 2606 1799 2652 peccato
1831 2605 1871 2642 ct
1899 2604 2044 2651 qratia
2074 2602 2170 2640 Cod.
2203 2601 2295 2638 431.
2402 2606 2405 2609 ·

1548 2668 1604 2703 De
1635 2675 1729 2704 vero
1760 2667 1799 2704 ct
1819 2666 1936 2714 falso
1967 2665 2063 2702 Cod.
2095 2663 2186 2701 465.

1549 2730 1605 2765 Dc
1636 2729 1830 2766 Ecclesia
1859 2728 1902 2765 et
1930 2728 2002 2765 aiii
2030 2726 2234 2764 tractatus
2257 2727 2326 2776 1Dc
2355 2727 2439 2764 Au-

1469 2792 1679 2838 iichrism,
1711 2792 1812 2829 Cum
1830 2801 2041 2829 sermones
2069 2791 2214 2828 contra
2255 2791 2303 2826 V.
2333 2788 2439 2828 arti-

1469 2859 1582 2892 culos
1612 2857 1789 2892 Wiclefi.
1821 2856 1920 2892 Cod.
1952 2855 2043 2892 476.

1554 2920 1611 2955 De
1653 2919 1820 2965 triplici
1874 2920 2041 2956 ratione
2084 2917 2224 2955 cultu-s·
2265 2915 2438 2961 latriae,

1476 2982 1626 3018 Duliac
1658 2982 1697 3017 ec·
1726 2981 2006 3027 Hipcrdulz'uc
2037 2979 2135 3016 Cod.
2159 2977 2252 3016 401.

1557 3042 1882 3088 STANTONUS‚
1923 3044 2115 3088 Anglus‚
2158 3038 2436 3086 Philosophus

1476 3105 1518 3141 et
1547 3104 1877 3150 Mathematicus,
1909 3106 2046 3141 seculo
2069 3102 2242 3141 incerto.
2266 3099 2442 3148 Scripsit

1483 3168 1664 3206 Cauoucs
1694 3170 1740 3205 iu
1769 3169 1933 3206 tabulas
1973 3167 2233 3212 Arsachelis,
2274 3165 2439 3202 Pitseus

1479 3231 1663 3277 Append.
1696 3230 1862 3267 Centur.
1894 3230 1963 3266 IV.
1986 3228 2050 3267 3²7.

1563 3293 1790 3331 Clio-(micon
1805 3288 2308 3335 STEDERBURGENSE‚
2335 3287 2441 3334 quod
