2533 4009
474 221 525 259 50
1011 228 1014 229 ’
1229 219 1692 260 MA'r'rl-IAEUS

474 292 609 330 Latine
629 301 718 329 cum
742 289 858 339 praef.
878 287 935 327 210.
960 289 1096 327 Jacobi
1127 289 1304 341 Grynaei
1323 292 1426 331 4570

473 354 536 392 fol.
556 354 619 392 ubi
636 352 749 390 video
769 349 1024 401 subjunctam
1041 353 1229 392 Matthiae
1247 354 1427 392 Palmerii

473 414 756 455 continuationi
778 411 939 450 Eruditt
968 413 1178 465 cujusdam
1203 420 1427 466 temporum

473 477 808 516 continuationem
838 474 887 513 ab
915 475 961 514 A.
998 477 1114 515 4482.
1144 489 1235 516 cum
1266 477 1430 516 additio-

475 551 522 578 ne
553 539 600 576 ad
632 539 675 576 A.
708 536 826 575 4570.

527 601 616 649 (208
640 600 699 638 Ab
724 611 787 638 an.
815 600 930 639 4294.
961 600 1009 639 ad
1041 601 1144 640 4448
1181 602 1336 652 prodiit.
1362 614 1431 653 per

473 667 673 712 excerpta.
690 662 913 701 Florentiae
934 662 1007 701 An.
1037 664 1139 704 4748
1165 669 1258 703 tom.
1288 667 1323 704 4.
1343 666 1430 703 Rer.

475 725 641 764 Italic-ar.
667 726 801 775 script.
841 737 919 764 una
941 737 1032 765 cum
1071 727 1316 766 MATTHIAE
1343 726 1432 765 Pal-

473 787 593 826 merz'i
619 789 916 826 continuatione
938 800 1066 838 usque
1091 789 1137 828 ad
1161 801 1224 828 an.
1258 789 1386 836 4481.)

501 850 540 899 ⁶2)
568 849 629 888 De
658 849 884 901 captivitate
915 851 1102 889 Pisarum
1132 853 1154 890 a
1194 851 1431 889 Florentinis

475 918 792 963 expugnatarum
832 912 876 950 A.
910 915 923 951 4
938 913 1025 950 406.
1054 913 1101 951 3(1
1133 914 1294 952 Nerium
1335 913 1432 961 Cap-

476 976 636 1026 ponium
659 974 755 1012 liber
778 974 910 1012 editus
932 975 1096 1013 Slesvici
1125 977 1138 1013 4
1151 974 1239 1013 656.
1261 976 1296 1012 8.
1317 973 1433 1023 cujus

477 1039 595 1076 etiam
639 1037 771 1075 Italica
810 1038 939 1074 versio
978 1038 1174 1075 Manuscr.
1213 1037 1286 1075 fuit
1330 1035 1434 1086 apud

475 1100 713 1150 Raphaelem
740 1098 895 1136 TriChet
923 1098 974 1137 du
996 1100 1157 1138 Fresne.
1185 1101 1290 1138 Hanc
1316 1098 1438 1137 histo-

478 1163 574 1200 riam
613 1162 709 1199 satis
738 1165 875 1198 ornate
906 1162 1206 1211 compositeque
1246 1162 1435 1211 scriptam

478 1222 611 1261 laudat
649 1221 877 1260 Bernardus
908 1223 1136 1262 Rucellaius
1168 1224 1204 1260 in
1236 1223 1357 1273 praef.
1388 1222 1436 1261 ad

480 1295 593 1322 suam
630 1284 812 1333 ejusdem
843 1284 931 1323 belli
965 1286 1094 1324 Pisani
1127 1285 1346 1324 historiam.
1378 1286 1439 1324 Ex

479 1347 719 1385 slesvicensi
750 1346 934 1394 editione,
956 1347 1025 1386 sed
1051 1347 1099 1386 ad
1130 1350 1326 1387 Manuscr.
1368 1349 1440 1387 Co-

482 1408 608 1447 dicem
640 1409 850 1447 emendata
880 1421 1047 1448 recusus
1079 1410 1140 1449 hic
1170 1411 1267 1449 liber
1292 1411 1328 1448 in
1356 1410 1442 1448 the-

483 1482 600 1510 sauro
616 1473 853 1521 scriptorum
876 1473 1010 1511 ltaliae
1032 1474 1327 1512 Burmanniano
1345 1478 1438 1512 tom.

479 1535 582 1573 VIII·
607 1539 717 1583 parte
742 1535 777 1572 2.
803 1539 843 1572 et
865 1536 901 1572 in
928 1536 1193 1574 Muratoriano
1213 1541 1309 1574 tom.
1334 1537 1442 1575 XIX.

504 1597 544 1646 5)
579 1596 666 1635 Vita
708 1595 866 1635 Nicolai
908 1596 1128 1648 Acciajolz’,
1160 1599 1292 1649 magni
1324 1600 1444 1637 Sene-

484 1659 622 1697 schalli
672 1659 825 1698 Siciliae
871 1664 910 1697 et
955 1661 1342 1710 Hierosolymorum,
1394 1659 1443 1698 ad

481 1721 713 1761 Eduardum
733 1722 1148 1771 Acciajolum.Prodiit
1168 1724 1204 1760 in
1222 1728 1328 1761 tomo
1340 1723 1445 1762 XIII.

482 1784 659 1823 thesauri
677 1796 808 1823 rerum
829 1785 1054 1823 Italicarum
1081 1787 1350 1824 Muratoriani.
1369 1786 1449 1825 Ex-

483 1850 563 1884 stat
586 1850 626 1884 et
650 1846 784 1884 Italica
813 1847 954 1885 Donati
988 1846 1177 1897 Acciajoli
1204 1849 1337 1886 versio
1364 1847 1452 1886 vul-

481 1914 570 1960 gata
596 1909 820 1947 Florentine
860 1908 976 1948 4588.
1009 1910 1043 1947 4.
1070 1910 1119 1948 ad
1149 1910 1299 1949 calcem
1327 1910 1453 1949 histo-

482 1973 563 2010 raie
588 1971 730 2010 domus
757 1971 924 2010 illustris
956 1971 1254 2011 Ubaldinorum.

509 2035 549 2083 4)
588 2033 768 2072 Historia
800 2033 1029 2072 Florentino,
1060 2036 1145 2073 sive
1182 2034 1357 2074 Annales
1393 2035 1444 2074 ab

484 2096 597 2135 Anno
637 2097 754 2136 4452.
794 2095 848 2134 ad
882 2097 1001 2136 4474.
1035 2109 1114 2137 una
1144 2109 1234 2137 cum
1275 2097 1445 2137 historia

490 2158 656 2199 Concilz'i
693 2158 936 2210 Florentini,
966 2161 1236 2211 Manuscripta
1269 2162 1307 2198 ln
1348 2161 1443 2200 Bibl.

487 2222 731 2261 Strozziana.

540 2286 578 2334 5)
613 2284 833 2323 Orationes.

543 2347 581 2395 6)
613 2346 826 2398 Epistolae.

547 2413 562 2427 *
586 2409 631 2448 In
654 2409 747 2448 edit.
780 2410 995 2449 Basileensi
1021 2422 1083 2449 an.
1111 2410 1212 2450 4536
1238 2411 1302 2449 fol.
1331 2410 1448 2449 datur

489 2472 675 2512 Matthaei
697 2472 876 2511 Palmerii
902 2473 1146 2512 continuatio
1164 2474 1337 2512 chronici
1358 2475 1449 2512 Pro-

489 2536 593 2586 speri
620 2534 666 2573 ad
694 2546 757 2574 an.
785 2535 899 2574 4449.
940 2547 1068 2586 usque
1110 2536 1156 2574 ad
1187 2541 1313 2575 totum
1345 2548 1448 2575 anno

488 2596 604 2636 4449.
626 2601 725 2636 tunc
747 2597 927 2636 succedit
953 2598 1001 2636 ab
1031 2610 1094 2636 an.
1121 2599 1223 2638 4450
1251 2610 1378 2649 usque
1402 2598 1451 2638 ad

487 2665 615 2698 totum
641 2671 790 2699 annum
819 2661 913 2700 4481
955 2661 1141 2700 Matthiae
1179 2662 1362 2701 Palmerii
1393 2662 1453 2699 Pi-

489 2724 572 2761 sani
595 2724 859 2772 continuatim
885 2725 946 2761 cui
967 2723 1152 2763 eruditus
1175 2724 1336 2774 quidam
1356 2724 1452 2762 Ger-

490 2785 1454 2836 manusalteramcontinuationemadiecitusque

489 2844 537 2884 ad
563 2850 691 2883 totum
726 2855 788 2883 an.
823 2846 939 2884 4504.
974 2847 1072 2884 Dein
1107 2847 1284 2885 succedit
1308 2849 1452 2886 tertius

489 2907 823 2946 alterGermanus
841 2908 963 2945 telam
988 2920 1239 2959 prosequens
1257 2921 1383 2959 usque
1401 2909 1448 2947 ad

489 2975 642 3022 partem
664 2971 757 3008 anni
789 2971 905 3008 4536.
937 2971 1038 3008 Ilaec
1057 2982 1151 3009 vero
1169 2976 1366 3020 postrema
1382 2970 1450 3008 ad-

489 3033 584 3070 ditio
613 3043 703 3071 cum
733 3033 1037 3082 supervenisset
1068 3033 1312 3082 typographo
1342 3036 1449 3082 post-

491 3107 609 3146 quam
650 3099 779 3133 totum
819 3095 1006 3133 volumen
1046 3095 1271 3133 absolverat
1301 3097 1337 3132 in
1369 3106 1446 3144 quo

489 3162 576 3206 post
613 3159 723 3207 prius
758 3157 962 3207 Anonymi
995 3156 1313 3195 additamentum
1356 3168 1447 3195 suc-

489 3218 653 3256 cedebat
685 3219 907 3257 Cassiodori
934 3223 973 3257 et
1000 3220 1216 3257 Ilermanni
1243 3220 1442 3257 Contracti

491 3279 739 3327 Chronicon,·
764 3280 848 3318 ideo
874 3281 959 3319 folia
996 3282 1084 3329 illa,
1118 3284 1153 3319 in
1184 3282 1329 3332 quibus
1368 3287 1446 3320 ter—

491 3342 585 3380 tiam
609 3342 709 3380 hanc
733 3344 1070 3383 continuationem
1095 3344 1190 3383 dare
1220 3343 1414 3395 disposuit
1437 3374 1444 3393 ,

1502 304 1573 332 suo
1589 291 1749 342 quidem
1771 291 1853 330 loco
1874 296 1962 342 post
1982 292 2150 344 priorem
2167 293 2359 342 apposuit,
2377 291 2448 331 sed

1504 355 1746 406 pagellarum
1773 365 1961 392 numeros
1986 354 2209 404 interrupit.
2234 355 2290 394 lta
2315 354 2453 393 folium

1504 422 1752 469 postremum
1772 417 1919 466 primae
1943 417 2125 455 editionis
2146 418 2326 467 signatur
2343 427 2453 456 num.

1506 479 1594 519 454.
1625 478 1728 529 quod
1753 489 1847 516 vero
1875 477 1965 516 dein
1997 479 2173 528 proxime
2197 479 2379 528 sequitur
2404 478 2458 517 fo-

1505 543 1600 581 lium
1635 552 1845 580 numerum
1866 540 2028 578 exhibet
2049 540 2126 579 208
2146 544 2186 579 et
2201 541 2259 578 sic
2270 539 2458 591 deinceps

1506 615 1633 654 usque
1663 603 1711 641 ad
1742 604 1861 641 finem
1908 601 2132 641 additionis.
2183 604 2283 641 Tum
2315 603 2459 642 iterum

1505 668 1609 717 prior
1629 677 1883 704 numerorum
1906 665 2030 702 series
2046 665 2349 704 resumitur455
2369 663 2461 704 etc*

1532 727 1821 767 MATTIIAEUS
1865 725 2149 765 Mareschallus
2194 726 2242 765 de
2286 728 2465 777 Bappen-

1507 791 1610 828 heim
1636 792 1721 828 sive
1748 788 1980 841 Pappeheim
2009 788 2058 826 de
2091 789 2327 828 Bieberbach
2357 790 2391 827 J.
2417 790 2463 828 U.

1506 854 1550 891 D.
1577 856 1617 890 et
1641 852 1868 890 Canonicus
1893 852 2155 901 Augustanus
2180 850 2397 891 defunctus
2417 850 2463 890 A.

1509 914 1624 953 4541.
1664 914 1727 952 cui
1767 912 1960 952 debemus
1997 918 2203 953 servatum
2247 913 2468 954 Chronicon

1509 973 1699 1014 Australe
1721 976 1806 1013 sive
1829 974 2020 1013 Austriae
2044 977 2255 1026 antiquum
2281 976 2329 1015 ab
2352 975 2468 1016 Anno

1510 1039 1599 1077 852.
1637 1037 1685 1076 ad
1726 1038 1841 1077 4343.
1879 1037 1983 1088 quod
2015 1038 2150 1077 minus
2191 1040 2392 1089 integrum
2430 1040 2470 1078 in

1512 1100 1708 1152 prioribus
1724 1100 1974 1140 Freherianis
1992 1099 2254 1149 editionibus,
2274 1102 2471 1152 integrum

1512 1168 1551 1202 et
1581 1164 1675 1202 locis
1705 1164 1824 1202 etiam
1856 1163 2059 1214 parallelis
2089 1163 2256 1203 aliorum
2287 1167 2473 1203 veterum

1511 1226 1725 1265 Annalium
1748 1230 1788 1263 et
1812 1226 2098 1264 Historicorum
2125 1225 2368 1265 illustratum
2394 1225 2474 1264 edi-

1513 1288 1571 1327 dit
1609 1287 1865 1326 Burchardus
1893 1287 2075 1326 Gotthelf
2101 1288 2293 1327 Struvius
2324 1288 2362 1325 in
2402 1298 2474 1326 sua

1515 1352 1752 1402 scriptorum
1792 1350 1923 1389 Germ.
1964 1350 2122 1388 Freheri
2154 1349 2325 1388 editione
2365 1352 2475 1390 Tom.

1518 1416 1553 1453 4.
1579 1425 1666 1464 pag.
1690 1414 1779 1452 434.
1802 1412 1890 1453 494.
1917 1414 1969 1452 Et
1994 1411 2185 1453 Chronici
2214 1412 2479 1463 Auyustensz's

1519 1476 1671 1526 antiqui
1696 1479 1884 1526 excerpta
1906 1475 1954 1514 ab
1974 1486 2038 1514 an.
2060 1475 2150 1513 973.
2174 1474 2221 1513 ad
2250 1475 2365 1514 4404.
2392 1486 2478 1526 pag.

1518 1538 1608 1577 493.
1640 1539 1729 1577 508.
1763 1542 1802 1576 et
1834 1542 1986 1589 partem
2024 1535 2214 1577 Chronici
2248 1536 2484 1576 Monasterii

1519 1601 1558 1639 S.
1587 1598 1765 1639 Uclalrz'ci
1779 1603 1817 1638 et
1837 1598 1962 1652 Afrae
1983 1599 2076 1640 Ord.
2099 1599 2246 1638 Bened.
2271 1599 2377 1650 apud
2398 1599 2481 1639 Au-

1519 1667 1677 1713 gustam
1704 1662 1998 1702 Vindelicorum
2024 1662 2073 1701 ab
2091 1673 2153 1701 an.
2177 1662 2293 1702 4452.
2312 1661 2360 1700 ad
2378 1663 2480 1702 4265

1522 1736 1609 1776 pag.
1647 1725 1736 1763 509.
1773 1726 1861 1764 536.
1901 1724 2127 1775 subjunctis
2152 1736 2237 1775 pag.
2269 1725 2360 1764 536.
2391 1726 2481 1764 500.

1525 1787 1672 1826 laudati
1695 1788 1844 1827 Struvii
1870 1789 1988 1836 notis,
2013 1787 2160 1838 quibus
2176 1787 2381 1827 confertur
2401 1787 2483 1826 edi-

1526 1852 1578 1888 tio
1601 1851 1788 1901 postremi
1814 1850 1934 1900 hujus
1958 1850 2142 1889 Chronici
2167 1849 2378 1889 Canisiana
2403 1854 2434 1888 t.
2457 1851 2472 1890 4

1524 1913 1732 1963 Antiquar.
1777 1913 2008 1952 Lectionum
2047 1923 2134 1964 pag.
2163 1911 2253 1952 229.
2292 1923 2375 1963 seq.
2406 1912 2481 1952 sub

1514 1974 1719 2014 HENRICI
1741 1975 1919 2014 Steronz·s
1950 1975 2138 2022 nomine,
2168 1973 2217 2013 de
2248 1985 2327 2025 quo
2357 1985 2479 2025 supra

1516 2042 1610 2075 tom.
1642 2038 1678 2076 3.
1710 2049 1796 2089 pag.
1826 2037 1917 2077 243.
1942 2049 2028 2088 seq.
2057 2038 2257 2088 Excerpta
2284 2048 2333 2075 ex
2355 2035 2479 2076 Chro-

1516 2099 1601 2138 nico
1618 2098 1891 2150 Elwanqensis
1918 2103 1955 2138 in
1981 2100 2147 2139 Svecico
2167 2099 2325 2139 Circulo
2344 2100 2479 2145 Mona-
2531 2137 2533 2145 ,

1516 2161 1652 2211 sceriz',
1679 2163 1728 2201 ah
1745 2162 1883 2201 eodem
1909 2162 2108 2202 Matthaeo
2132 2163 2181 2201 ab
2202 2174 2265 2202 an.
2294 2162 2408 2202 4095.
2430 2161 2479 2201 ad

1519 2224 1635 2265 4477.
1664 2225 1766 2276 apud
1790 2224 1963 2264 eundem
2005 2223 2223 2264 Freherum
2250 2224 2344 2264 edit.
2367 2225 2480 2265 Stru-
2532 2267 2533 2271 ,

1518 2288 1658 2326 vianae
1679 2292 1775 2326 tom.
1798 2290 1834 2327 4.
1859 2299 1944 2339 pag.
1968 2287 2058 2326 657.
2079 2288 2169 2326 699.
2192 2288 2357 2338 Scripsit
2375 2287 2477 2326 idem
2530 2305 2533 2345 ἔ

1518 2350 1741 2389 Matthaeus
1765 2349 1811 2389 de
1835 2350 2071 2402 cmttquz'tate
2093 2353 2129 2389 et
2152 2348 2261 2389 initio
2294 2349 2480 2390 Civitatis
2530 2345 2533 2371 '¹

1517 2412 1778 2464 Episcopatus
1814 2412 2045 2464 Auyustam'
2079 2424 2158 2463 qua
2187 2412 2350 2451 historia
2379 2423 2480 2451 usus

1521 2477 1558 2514 in
1581 2476 1802 2515 Annalibus
1836 2476 1920 2514 suis
1945 2475 2172 2514 Matthaeus
2197 2475 2419 2514 Gasserus:
2440 2479 2482 2513 et

1522 2542 1735 2577 tractatum
1761 2537 1807 2576 (le
1827 2537 1978 2588 orz'yine
1994 2540 2032 2575 et
2048 2535 2206 2589 familia
2221 2535 2481 2575 Dominorum

1523 2600 1569 2639 de
1613 2599 1771 2640 Calatia
1814 2601 1882 2650 qui
1915 2600 2031 2638 hodie
2068 2603 2164 2639 sunt
2192 2600 2345 2638 Domini
2385 2600 2482 2649 Pap-

1523 2664 1721 2714 penheim.
1748 2663 1954 2714 Augustae
1988 2662 2102 2701 Vind.
2141 2663 2256 2701 4553.
2291 2662 2352 2700 fol.
2385 2661 2481 2700 Vide

1526 2727 1732 2765 Struvium
1760 2737 1844 2775 pag.
1869 2725 1959 2763 430.
1989 2725 2068 2763 Hoc
2099 2726 2298 2773 postremo
2334 2723 2481 2773 scripto

1525 2799 1624 2827 usus
1649 2792 1711 2825 est
1737 2787 1877 2837 Wolfg.
1903 2787 2042 2824 Lazius
2068 2785 2165 2823 libro
2190 2785 2290 2823 VIII.
2315 2783 2364 2823 de
2387 2795 2482 2835 gen-

1524 2851 1622 2888 tium
1652 2849 1882 2897 migratione
1907 2859 1993 2898 pag.
2022 2845 2112 2886 574.

1575 2909 1862 2948 MATTIIAEUS
1899 2910 2017 2947 Paris
2055 2908 2228 2959 AngluS,
2263 2906 2480 2947 Monachus

1522 2973 1561 3011 S.
1597 2971 1763 3020 Albani,
1793 2971 1887 3009 Ord.
1917 2971 2062 3010 Bened.
2089 2971 2389 3017 cluniacensis,
2414 2970 2482 3008 Vir

1521 3035 1703 3084 egregius
1727 3036 1792 3084 qui
1817 3042 1957 3085 magna
1981 3035 2136 3073 Henrici
2161 3034 2227 3073 III.
2252 3032 2370 3082 Regis
2400 3035 2481 3070 An-

1520 3097 1619 3145 gli-ao
1646 3107 1742 3135 usus
1767 3098 1890 3146 gratia
1920 3097 2023 3135 diem
2055 3097 2150 3135 obiit
2173 3107 2236 3134 an.
2262 3094 2377 3134 4259.
2418 3094 2481 3131 In-

1520 3163 1580 3196 ter
1610 3158 1818 3197 historicos
1843 3171 1976 3198 rerum
2000 3157 2261 3208 Anglicarum
2280 3187 2289 3203 ‚
2318 3155 2478 3206 judicio,

1521 3219 1594 3258 lide
1619 3232 1663 3258 ac
1698 3221 1878 3259 libertate
1910 3218 2252 3273 nulloinferiore.
2282 3217 2383 3268 Ejus
2413 3217 2482 3256 Hi-

1517 3282 1642 3320 storia
1671 3283 1800 3334 major
1831 3295 1962 3322 rerum
1995 3282 2248 3332 Anglicarum
2286 3279 2334 3319 ab
2356 3279 2478 3318 initiis

1519 3345 1706 3384 Guilelmi
1739 3345 2048 3395 Conquaesioris
2067 3347 2153 3383 sive
2178 3344 2226 3383 ab
2248 3344 2293 3384 A.
2327 3341 2377 3382 O.
2398 3343 2498 3383 4066
