2517 4009
450 329 850 396 HENRICI
901 329 1689 399 SEPTIMELLENSIS

247 424 310 464 DE
342 425 679 466 DlVERSl't‘ATti
712 430 977 469 FORTUNAE
1009 430 1072 468 ET
1103 429 1464 470 PlllLOSOl'lllAE
1499 423 1898 467 CONSOLATIONE.

87 504 383 554 SePtimellensc's
408 508 557 543 laudati
579 511 756 545 earnn'm's
799 512 932 545 Varias
972 510 1148 544 lectiones
1188 522 1207 543 e
1243 509 1407 543 Luceml.
1442 508 1560 542 ,Uarii
1582 504 1812 540 lv'loreutim'i
1833 503 1911 538 Sec.
1937 503 1997 536 Xl
2001 502 2055 537 II.

169 568 304 604 Codice
338 570 370 604 T
368 582 454 606 omo
485 573 558 608 III.
590 584 677 620 219.
706 574 963 621 ⁴spopomlerat
990 580 1027 607 et
1055 573 1092 607 ιή
1122 575 1224 608 calce
1259 574 1298 606 Τ.
1335 573 1396 605 ΙἸ.
1434 571 1538 605 dedit
1579 571 1764 604 Maras-lm.
1811 567 1889 601 Nos
1931 573 2058 601 autem

164 632 317 669 Hearici
353 634 510 671 Carmen
541 635 660 680 joa-ca
686 637 881 682 feliciores
915 637 1093 672 lectiones
1121 637 1210 671 illas
1244 636 1360 671 ηιιιίιο
1396 634 1519 681 magis
1550 642 1702 681 gratam
1725 632 1817 678 fore
1848 630 1910 665 lu'c
1931 628 2061 665 recudi

164 696 298 732 duxlm
303 711 355 733 us.

907 754 1028 791 Limia
1056 751 1231 789 Pmnrs.

83 818 302 906 Quomodo
322 852 400 888 sola
423 852 527 889 sedet
549 852 743 897 probitas?
764 854 851 891 flet.
874 857 909 888 et
933 853 1037 895 inge-

823 919 887 954 mit
909 918 1035 962 aleph,

106 984 218 1021 Facta
242 985 342 1021 vetut
366 985 475 1020 vidua
493 1012 502 1029 ‚
527 995 622 1030 quae
647 985 748 1030 prius
771 996 864 1020 uxor
886 990 980 1021 erat.

86 1049 153 1088 Cui
171 1050 216 1086 dc
239 1054 286 1097 te,
310 1051 467 1094 fortuna,
483 1052 729 1097 quera1?cui?
747 1053 871 1088 nescio
886 1064 894 1087 ε
911 1062 1037 1097 quare,

110 1116 253 1152 Perfida
271 1142 280 1157 ,
305 1126 364 1152 me
386 1117 488 1160 cogis
512 1117 632 1161 turpia
658 1118 791 1162 probra
817 1118 922 1162 pati?

85 1181 269 1220 Gentibus
290 1181 530 1227 opprobrium
552 1193 660 1226 sum,
684 1184 892 1229 crebraque
915 1184 1036 1220 tabula

908 1251 1032 1296 vulgi3

108 1313 278 1349 Dedecus
292 1313 459 1358 agnoscit
475 1317 548 1349 tota
564 1314 685 1358 platea
701 1324 836 1349 meum.

83 1378 146 1417 Me
169 1378 287 1425 digito
307 1382 532 1424 monstrant,
560 1379 795 1416 subsannant
821 1380 995 1416 dentibus

879 1454 1009 1480 omnes
1027 1457 1036 1488 ;

106 1511 154 1548 Ut
175 1514 383 1546 monstrum
409 1513 595 1544 monstror
617 1509 866 1544 dedecorosus
886 1520 954 1553 ego

82 1577 258 1614 Mordent
273 1574 501 1621 opprobriis;
514 1575 560 1610 de
573 1585 631 1610 me
645 1575 740 1609 mala
757 1576 901 1609 cantica
917 1579 1039 1611 cantat

108 1642 269 1687 Vulgus,
289 1646 325 1677 et
349 1639 557 1676 horrendus
572 1650 652 1675 sum
671 1639 740 1674 sibi
766 1641 928 1684 psalmus
951 1651 1039 1685 ego:

82 1708 194 1744 Fama
217 1717 285 1753 per
306 1705 541 1752 antiphrasin
558 1709 704 1746 cantat,
730 1707 959 1751 multumque
981 1717 1040 1741 ca-

857 1772 1036 1809 chinnum

108 1839 162 1876 De
184 1848 244 1874 me
265 1837 462 1876 ludificans
484 1837 598 1883 impia
622 1839 729 1874 turba
752 1844 886 1876 movet.

87 1902 261 1941 Concutit
284 1914 305 1939 a
328 1908 433 1948 tergo
454 1903 548 1938 mihi
570 1905 684 1940 multa
700 1906 844 1941 ciconia
865 1911 1043 1943 rostrum.

108 1969 176 2006 Hic
196 1980 306 2006 aures
329 1970 422 2005 asini
446 1968 565 2014 fingit,
587 1974 623 2005 et
645 1969 709 2005 itte
727 1981 876 2007 canem.

84 2035 210 2072 Turba
233 2035 462 2079 molendini,
487 2046 579 2080 grex
600 2036 700 2072 furni
716 2064 725 2080 ,
748 2040 876 2073 concio
900 2038 1040 2084 templi,

109 2101 152 2138 ln
175 2111 256 2137 mea
279 2101 446 2138 facundis
469 2102 620 2138 vocibus
642 2108 724 2138 acta
746 2108 891 2140 sonant.

86 2167 125 2204 Si
147 2178 206 2204 me
227 2169 462 2204 commeudet
483 2168 593 2212 Naso,
615 2170 646 2204 si
668 2181 772 2205 musa
795 2170 975 2215 Maronis,

112 2231 149 2267 Si
174 2222 260 2269 tuba
283 2233 437 2278 Lucani,
462 2234 526 2269 vix
548 2233 642 2269 bona
668 2234 766 2270 sarna
792 2235 898 2271 soret.

5 2295 62 2329 ¹0·
87 2297 212 2341 Quem
233 2299 352 2334 semel
374 2298 574 2335 horrendis
600 2301 756 2335 maculis
791 2301 946 2336 infamia
983 2301 1041 2336 ni·

612 2360 615 2364 ¹
943 2370 1036 2411 grat,

110 2428 170 2465 Ad
193 2428 290 2464 bene
311 2430 532 2473 tergendum
555 2430 669 2466 multa
692 2431 834 2466 laborat
861 2441 967 2476 aqua.

88 2493 178 2530 Fata
191 2492 419 2529 Neronizant
435 2495 471 2529 in
490 2505 568 2537 me;
587 2495 679 2530 mihi
695 2497 798 2530 triste
819 2495 1039 2540 prophetant

111 2561 224 2597 Astra
247 2560 332 2606 poli.
353 2559 447 2596 Mihi
468 2560 529 2596 dat
552 2560 670 2596 tristia
692 2560 799 2604 signa
819 2561 934 2604 polus.

88 2625 121 2661 Ο
142 2625 273 2662 dolor!
298 2637 319 2661 o
341 2627 458 2671 pudor
480 2637 500 2662 ο
523 2627 714 2671 gravitas!
739 2640 759 2663 0
784 2629 905 2664 tristia
935 2628 1033 2664 sata!

110 2691 199 2728 Sum
222 2693 349 2736 miser,
372 2695 409 2728 et
431 2693 520 2728 nulli
540 2703 620 2728 sum
646 2694 880 2729 miserandus
899 2705 978 2738 ego,

86 2758 119 2795 Ο
143 2760 239 2797 bona
262 2759 501 2806 prosperitas,
525 2759 586 2794 ubi
609 2770 706 2794 nunc
727 2759 797 2795 es?
837 2771 931 2794 nunc
955 2770 1036 2794 mea

852 2835 957 2861 versa
986 2830 1039 2861 est

108 2892 151 2928 ln
174 2893 312 2929 luctum
335 2891 497 2933 cithara,
523 2890 560 2926 tit
583 2891 780 2926 lacrimosa
802 2891 896 2937 lyra.

86 2956 119 2994 Ο
141 2959 239 2996 mala
259 2959 430 3003 dulcedo,
452 2958 572 2992 subito
587 2967 680 3001 quae
697 2961 840 3001 sumpta
856 2967 1036 3001 venenas,

111 3022 262 3068 Quaeve
286 3034 546 3068 recompensas
570 3023 704 3058 mellea
735 3022 818 3057 selle
847 3023 951 3066 gravi
973 3021 981 3056 !

88 3089 120 3126 Ο
141 3092 248 3137 felix,
267 3092 329 3138 qui
353 3102 423 3128 non
447 3095 501 3126 est
524 3100 609 3124 usus
631 3090 875 3135 prosperitate
897 3088 904 3122 i

111 3156 206 3194 Nam
228 3159 330 3194 venit
352 3168 398 3193 ex
421 3158 498 3192 sola
522 3154 766 3200 prosperitate
789 3154 905 3189 dolor.

88 3223 169 3260 Non
192 3226 274 3261 sine
297 3225 383 3261 selle
405 3235 469 3259 suo
493 3223 797 3262 ‹luteorum-iuna,
824 3230 891 3255 nec
915 3218 1010 3253 albot

111 3290 261 3338 Absque
284 3291 480 3335 nigredine
498 3303 506 3331 ς
533 3300 599 3324 noc.
617 3298 724 3323 mons
743 3287 824 3321 sine
843 3285 939 3320 vatio
957 3284 1030 3318 snit.

82 3354 149 3392 Cui
165 3357 319 3393 multum
337 3355 471 3400 meltis,
486 3354 640 3390 multum
657 3353 756 3389 dedit
775 3353 851 3396 ipsa
870 3349 1003 3386 veneni
1025 3361 1033 3391 ς

106 3420 182 3458 Met
206 3424 347 3460 vomuit
368 3425 528 3466 primum
556 3421 686 3456 felleus
711 3419 772 3454 ilie
795 3427 915 3462 sapor.

1106 850 1151 886 Ut
1174 848 1324 895 gravius
1345 849 1444 885 cadit
1472 847 1547 893 hic,
1568 858 1680 894 quem
1704 848 1837 884 format
1860 848 1977 883 forma
2001 845 2056 892 gi·

1913 914 2034 957 gantis
2050 940 2059 954 ‚

1129 981 1250 1024 Quam
1268 991 1409 1022 manus,
1432 980 1534 1014 cuius
1559 978 1711 1023 parvula
1733 978 1849 1013 forma
1871 979 1989 1014 sedet.

1106 1049 1150 1086 Ut
1168 1049 1358 1093 plumbum
1377 1048 1526 1091 gravius
1543 1045 1679 1090 pluma,
1697 1046 1876 1090 paleaque
1897 1044 2060 1089 lapillus:

1130 1113 1189 1149 Sic
1212 1115 1362 1159 gravius
1385 1113 1483 1148 cadit
1507 1112 1578 1155 hic,
1602 1113 1662 1157 qui
1688 1112 1782 1146 bona
1807 1111 1918 1146 multa
1943 1110 2039 1145 tulit.

1103 1179 1201 1214 Ilinc
1224 1190 1307 1223 ego,
1321 1179 1383 1224 qui
1401 1178 1540 1213 sueram
1557 1182 1658 1213 satur
1673 1177 1773 1212 omni
1791 1175 2054 1221 prosperitate,
2084 1168 2142 1202 20·

1129 1243 1205 1280 Hoc
1227 1255 1355 1280 verum
1378 1246 1492 1279 fateor
1514 1242 1686 1278 omnihus
1708 1254 1790 1279 esse
1809 1243 1941 1277 modis.

1104 1309 1277 1346 Numinis
1301 1310 1492 1355 ambiguos
1515 1309 1636 1347 vultus
1659 1308 1875 1353 deprendo:
1913 1306 2056 1343 Nover-

1982 1382 2062 1409 cam

1129 1439 1255 1474 Sentio
1277 1439 1476 1484 fortunam,
1498 1450 1593 1484 quae
1615 1440 1722 1474 modo
1744 1443 1862 1474 mater
1885 1442 1975 1475 erat.

1107 1504 1192 1540 Sum
1218 1505 1346 1548 miser,
1369 1509 1404 1540 et
1441 1505 1570 1540 miseri
1608 1504 1730 1540 nullus
1769 1505 1955 1540 miserans
1993 1504 2064 1539 mi-

1894 1575 2062 1605 seretur:

1130 1636 1172 1670 ln
1199 1636 1306 1680 peius
1330 1636 1485 1672 veniunt
1509 1636 1634 1671 omnia
1659 1636 1730 1672 sata
1754 1635 1859 1671 mihi.

1108 1702 1308 1746 Temperat
1331 1704 1479 1737 assidue
1504 1713 1568 1746 pro
1591 1712 1650 1737 mc
1675 1702 1816 1737 fortuna
1844 1711 2029 1736 venenum
2047 1728 2055 1741 ,

1134 1767 1213 1811 Quo
1234 1767 1311 1803 sitit
1336 1768 1397 1802 illa
1421 1772 1530 1812 caput
1552 1768 1776 1803 mortificare
1806 1777 1946 1802 meum.

1112 1833 1171 1869 Nil
1197 1834 1272 1877 agit
1295 1834 1439 1869 infelix.
1469 1833 1580 1869 Berii.
1603 1833 1735 1878 Nequit
1758 1843 1846 1877 ergo
1871 1842 2003 1867 nocere

1134 1899 1319 1943 Amplius,
1343 1897 1520 1934 Extincto
1541 1899 1696 1934 vulnera
1721 1899 1821 1934 nulla
1849 1902 1994 1934 nocent.

1110 1965 1192 2001 Heu
1216 1966 1302 2011 quid
1328 1976 1436 2010 agam
1457 1965 1464 2000 ἱ
1489 1966 1575 2011 quid
1601 1976 1706 2009 agam
1726 1967 1739 1999 ‘3
1762 1965 1931 2000 Plorabo.
1955 1962 2063 1998 Sussi-

1863 2029 1911 2064 cit
1943 2027 2066 2063 istud?

1133 2098 1214 2134 Non
1233 2110 1240 2133 :
1259 2098 1343 2143 quia
1369 2097 1439 2152 sata
1461 2095 1552 2131 mihi
1581 2096 1766 2132 deteriora
1799 2098 1946 2140 parant.

1107 2165 1202 2210 Quid
1226 2164 1305 2208 tibi,
1330 2175 1478 2209 magne,
1503 2163 1598 2199 tuli?
1633 2164 1734 2209 quid,
1758 2162 1926 2208 Iupiter?
1964 2160 2060 2196 unde

1907 2225 2063 2262 nocendi

1132 2297 1204 2333 lsta
1226 2297 1336 2332 sitis?
1358 2295 1468 2332 Coelo
1489 2295 1644 2330 fulmina
1667 2294 1769 2329 nulla
1794 2293 1871 2329 tuli.

1107 2362 1182 2398 Nec
1203 2363 1288 2406 petii
1313 2362 1495 2397 thalamos
1517 2361 1680 2401 lunonis,
1704 2371 1773 2395 nec
1802 2359 1898 2394 votui
1918 2371 1925 2393 :
1948 2368 2016 2393 nec

1129 2427 1246 2462 Saeva
1272 2428 1458 2472 gigrnteis
1483 2426 1657 2461 fratribus
1677 2436 1780 2461 arma
1805 2424 1906 2460 dedi.

1106 2495 1180 2531 Cur
1223 2493 1337 2534 mihi,
1371 2503 1506 2532 saeve,
1540 2491 1678 2526 noces?
1715 2490 1809 2525 cur?
1840 2489 1936 2524 cur?
1972 2489 2058 2530 dic:

1727 2554 1870 2589 Nescio.
1898 2553 2027 2589 Nescis
2042 2553 2059 2588 Τ

1130 2625 1229 2660 ΕιἩο
1252 2624 1337 2669 quid
1362 2624 1530 2663 innocue,
1557 2622 1695 2665 iupiter
1718 2619 1803 2662 alte,
1829 2631 1937 2655 noces
1953 2620 1970 2654 ⁴?

1106 2690 1176 2725 Hic
1190 2691 1301 2724 nimis
1314 2689 1483 2725 insanum
1500 2689 1651 2724 redolet.
1669 2688 1774 2723 Caret
1791 2693 1825 2724 et
1841 2688 2036 2723 Salomone

1130 2755 1199 2799 Qui
1225 2761 1330 2791 nocet
1355 2757 1524 2797 innocuo,
1547 2758 1680 2800 qquue
1705 2766 1836 2790 nocere
1859 2756 1967 2798 cupit.

1107 2821 1198 2856 Nam
1214 2823 1323 2856 nimis
1341 2823 1467 2865 iratus,
1486 2821 1595 2855 nimis
1614 2820 1882 2864 iiic-superbus,
1899 2825 1932 2854 et
1947 2820 2054 2862 ultor,
2081 2839 2141 2872 30·

1131 2888 1199 2930 Qui
1224 2888 1306 2922 terit
1328 2889 1523 2925 insontem,
1547 2886 1704 2920 crimino
1722 2887 1832 2920 (lautu
1853 2886 1985 2920 locum.

1105 2952 1200 2995 Quid
1223 2963 1281 2987 me
1306 2953 1538 2996 persequeris
1564 2950 1704 2993 igitur?
1727 2950 1878 2985 victoria
1904 2959 2016 2994 parva

1130 3019 1195 3054 Est
1220 3019 1398 3052 miserum
1423 3017 1546 3050 inultis
1570 3017 1716 3050 laedere
1739 3025 1843 3061 posse
1867 3016 1989 3050 maus.

1664 3083 1804 3118 Daxuiu
1854 3082 1884 3116 si
1933 3081 2057 3116 vincat

1858 3146 2057 3182 Achilles?

1129 3213 1172 3249 Et
1196 3215 1225 3248 si
1248 3214 1445 3249 Thersiten
1467 3217 1631 3248 conterat
1656 3211 1787 3247 Hector
1810 3222 1904 3257 equo
1921 3212 1938 3246 ζ’

1108 3084 1258 3119 Desine.
1305 3082 1399 3125 Quid
1455 3082 1617 3120 mirum.

1104 3281 1197 3317 Nam
1229 3286 1397 3327 ‹protiens
1439 3283 1615 3314 miserum
1656 3278 1789 3323 probus
1830 3287 2049 3322 expunnare

1901 3342 2053 3386 laborat,

1126 3413 1172 3448 Se
1195 3413 1330 3448 misero
1351 3411 1514 3447 similem
1540 3411 1666 3446 nititur
1688 3420 1770 3444 osse
1795 3409 1942 3452 probus.

1760 3485 1839 3523 ‘2:35
