2517 4009
15 1460 72 1495 ⁴0.

18 2640 75 2674 ὅθ.

950 242 1159 281 {ABER
1213 242 1272 279 tv.

139 318 301 362 Legibus
329 317 483 355 insuda;
513 315 563 349 uil
594 314 663 350 nisi
694 314 786 349 iusta
817 314 926 349 refer.

115 376 248 412 Paucis
264 374 438 418 dedecus,
455 371 628 406 omnibus
644 372 882 416 obsequium,
895 379 1081 405 caveasne

140 432 258 471 Frons
283 439 416 473 rugosa
442 433 564 470 necet,
589 430 682 473 quod
707 438 838 462 manus
862 427 940 470 ipsa
966 426 1064 460 facit.

114 485 184 531 Qui
211 488 323 521 decus
350 486 515 520 oblatum
546 495 683 521 nucosa
713 485 832 519 fronte
862 487 1064 525 venenant,

141 543 226 578 Plus
254 541 345 577 mibi
379 541 525 576 diabolo
551 541 721 585 displicet
752 540 814 575 ille
841 541 959 574 dator.

116 599 219 634 Dona
242 607 399 633 serenus
426 597 548 640 homo,
569 597 799 641 charumque
816 598 967 630 serenat
984 593 1080 629 ami-

980 661 1076 693 cum,

139 710 261 754 Atque
288 709 416 744 datum
452 709 546 744 facie
575 708 738 752 duplicat
767 707 844 751 ipse
872 716 991 741 suum.

117 764 198 808 Nil,
217 765 286 800 nisi
303 768 399 811 quod
417 766 805 809 dederis‚promitta3‚
825 773 984 806 namque
1003 766 1077 797 tru-

952 823 1076 853 tanam

141 876 234 913 Esse
257 879 342 913 facit
365 878 532 921 linguam
556 888 669 921 saepe
691 875 865 917 chiragra
891 885 1033 908 manus.

116 934 271 971 Mallem
301 938 334 970 te
362 936 580 979 podagrum,
604 944 714 978 quarn
739 932 862 967 taliter
889 940 972 965 esse
1000 930 1080 965 cbi-

903 997 1077 1031 ragrum:

141 1046 324 1084 Invalidis
352 1047 507 1092 pedibus
535 1046 767 1081 auxiliantur
795 1043 892 1088 equi.

113 1102 218 1147 Quod
243 1104 384 1139 donare
409 1104 516 1147 velis,
543 1104 658 1137 dones
682 1103 764 1136 sine
783 1111 847 1145 spe
870 1100 1065 1140 redeundi,

139 1159 194 1195 Ne
214 1161 311 1204 quod
335 1164 462 1203 aperta
481 1158 597 1201 dedit,
619 1157 794 1192 detrabat
818 1167 910 1191 unca
934 1165 1078 1195 manus,

115 1215 208 1251 Nam
226 1217 332 1251 dator
349 1217 492 1250 ablator
507 1225 684 1250 cancrum
702 1213 908 1256 gradiendo
924 1211 1077 1255 liguram

139 1271 257 1316 Quem
281 1283 460 1307 cancrum
485 1267 593 1306 saciat
616 1272 779 1306 dedecus
801 1279 884 1304 esse
905 1279 1026 1304 suum.

115 1327 170 1364 Ne
189 1327 289 1364 circa
313 1328 471 1364 famulos
495 1332 528 1364 te
551 1328 714 1371 pessima
737 1327 971 1361 consiliatrix

140 1384 310 1421 Concitet
339 1385 444 1420 iratis
474 1384 627 1419 vocibus
656 1385 709 1418 ira
739 1381 875 1426 gravis.

121 1440 236 1476 Maior
255 1441 356 1476 enim
380 1441 497 1476 virtus
513 1441 720 1475 clementer
745 1439 886 1475 habere
910 1439 1082 1481 clientes,

143 1494 263 1540 Quam
290 1507 382 1541 quos
411 1497 573 1532 maiores
601 1494 715 1531 efficit
743 1496 820 1539 ipse
851 1495 1002 1538 gradus.

117 1551 194 1589 Nec
215 1554 268 1587 sis
286 1552 496 1597 linguosus,
514 1562 583 1587 nec
601 1553 636 1586 in
657 1552 759 1586 omni
783 1552 926 1587 famine
950 1555 1083 1592 mutus,

141 1608 215 1644 Sed
242 1609 322 1644 sola
347 1610 499 1644 studeas
528 1610 690 1644 utilitate
720 1609 832 1653 loqui.

121 1667 165 1702 ln
194 1670 228 1702 te
255 1676 459 1709 cognoscas
488 1666 607 1700 alios:
635 1665 756 1708 magis
787 1665 879 1701 utile
908 1666 958 1700 nil
989 1670 1057 1710 est,

142 1721 189 1758 Et
217 1722 337 1766 magis
364 1723 551 1757 urbanum
582 1724 706 1756 nullus
737 1723 771 1756 in
801 1723 892 1757 orbe
922 1726 1060 1766 potest,

121 1777 177 1813 Ne
196 1777 377 1813 sitaiuica
401 1778 466 1813 tibi
490 1787 704 1822 praegnans
727 1778 902 1812 extensio
927 1780 1084 1821 ventris,

144 1833 240 1869 Nam
259 1835 371 1869 nimis
391 1839 445 1869 est
463 1835 643 1868 miserum
665 1845 796 1877 corpus
818 1833 960 1869 habere
980 1836 1085 1869 cibis.

118 1889 228 1926 Nulla
240 1891 364 1926 minor
381 1890 659 1933 virtus,socium
677 1901 786 1936 quam
799 1891 951 1926 vincere
965 1901 1109 1935 mensa,

143 1946 191 1982 Et
215 1957 326 1982 sacco
353 1947 498 1983 ventris
523 1950 774 1992 aequiperare
803 1958 946 1992 peram.

122 2003 349 2050 Hypocritae
367 2003 686 2047 vitium‚Simonis
703 2005 890 2049 contagia,
905 2016 998 2050 quae
1015 2017 1113 2042 nunc

144 2060 313 2096 Clericus
340 2060 463 2096 omnis
491 2065 608 2104 amat,
638 2061 713 2097 sint
743 2062 895 2097 inimica
926 2063 1009 2098 tibi.

118 2117 310 2153 Accusare
337 2128 449 2161 rave,
477 2129 586 2163 quem
618 2129 690 2153 non
722 2124 871 2155 accusat
898 2120 1061 2165 abusus,

144 2173 198 2209 Ne
228 2174 326 2209 male
353 2175 562 2218 procedens
591 2179 626 2210 tu
655 2176 810 2219 patiaris
839 2176 952 2211 idem.

120 2230 305 2275 Prospera
334 2241 406 2265 non
443 2241 616 2275 semper,
654 2243 722 2267 nec
749 2242 910 2277 quaeras
938 2244 1089 2277 semper

906 2299 1089 2324 amoena:

145 2341 225 2377 Non
255 2353 406 2386 semper
433 2343 555 2378 dulcis
585 2344 741 2388 lingitur
768 2355 832 2380 ore
862 2345 990 2380 savus:

125 2399 206 2435 Non
234 2400 335 2434 omni
365 2404 509 2444 pratum
539 2400 692 2436 festinat
720 2405 887 2444 tempore
915 2403 1052 2441 flores,

149 2454 227 2491 Nec
255 2466 408 2500 semper
435 2456 568 2491 viridis
596 2461 775 2501 purpurat
803 2458 918 2492 herba
947 2459 1079 2493 solum.

129 2512 245 2548 Utere
267 2512 454 2555 discretis,
483 2512 617 2558 quibus
640 2514 780 2558 inclyta
804 2515 879 2548 vita
901 2514 961 2558 sit,
991 2515 1089 2549 unde

152 2567 232 2604 Non
261 2569 332 2603 nisi
361 2569 564 2604 discretum
592 2580 742 2605 sumere
774 2580 883 2605 nemo
915 2575 1044 2614 potest.

128 2624 298 2670 Namque
327 2625 434 2660 bonis
463 2625 583 2670 bona,
629 2626 694 2660 sed
727 2626 772 2660 de
813 2626 939 2670 pravis
976 2637 1090 2671 prava

878 2682 1088 2728 trahuntur,

149 2737 279 2774 Dulcia
307 2738 353 2773 de
379 2738 480 2774 dulci
508 2739 662 2783 palmite
692 2738 776 2773 vina
804 2740 933 2775 ssuunt.

122 2793 204 2832 Non
237 2805 320 2830 rosa
348 2795 409 2830 dat
436 2797 591 2839 spinas,
620 2805 846 2841 quamquam
873 2797 979 2840 spina
1009 2800 1090 2832 orta

949 2854 997 2890 sit
1026 2855 1088 2890 illa

148 2909 225 2945 Nec
252 2907 376 2944 violae
403 2913 591 2954 pungunt,
621 2920 689 2945 nec
718 2911 913 2955 paradisus
939 2912 1056 2947 obest.

124 2965 212 3001 Plus
241 2965 309 3001 tibi
338 2964 387 3001 sit
413 2965 568 3002 charum
598 2967 801 3011 mundum,
841 2977 951 3012 quam
983 2978 1089 3002 mun-

816 3023 905 3064 dus;
934 3025 1089 3062 amicus,

144 3078 267 3121 Quam
284 3078 541 3123 socius,quam
561 3079 609 3115 sit
627 3078 824 3123 sanguinis
842 3080 919 3123 ipse
941 3080 1088 3121 gradus.

121 3134 176 3171 Ne
205 3134 362 3170 nimium
392 3135 549 3170 stolidae
577 3140 611 3170 te
639 3137 772 3169 credas
799 3136 1035 3170 credulitati:

146 3181 241 3217 Nam
267 3182 348 3227 plus
371 3194 482 3228 quam
507 3182 676 3218 Seni-ioth
701 3183 853 3218 traditat
872 3184 934 3217 illa
960 3183 1070 3217 viros.

120 3237 201 3274 Non
222 3239 342 3283 magis
363 3239 530 3274 leonium
553 3240 794 3274 Fredericum
816 3238 967 3274 tradidit
983 3239 1087 3282 olim,

144 3294 264 3340 Quam
295 3306 394 3330 nunc
421 3295 623 3331 credulitas
649 3296 855 3339 suspiciosa
882 3306 979 3330 suos.

122 3352 290 3388 Plurima
310 3354 510 3395 sustineas,
525 3354 656 3396 iungas
677 3352 930 3388 medi-nmina
956 3351 1111 3395 morbis,

144 3406 189 3445 Ut
214 3408 371 3445 multum
402 3408 571 3444 morbum
601 3410 715 3445 multa
745 3408 893 3444 medela
925 3407 1038 3451 suget·

2025 231 2103 272 675

1146 311 1186 346 [t
1215 311 1339 345 varias
1366 309 1494 352 optant
1520 307 1670 342 diversa
1701 305 1847 347 negotia
1875 303 1980 346 lege,

1168 367 1227 402 Sic
1257 367 1381 401 varias
1409 364 1584 409 physicas
1612 361 1829 398 invaletudo
1857 365 2035 396 tremens.

1146 423 1221 458 llae
1250 431 1392 465 succoS,
1421 420 1490 455 hac
1519 429 1649 454 semen
1683 421 1836 462 amant,
1869 417 1940 451 bae
1966 417 2108 452 cortice

1933 474 2112 516 gaudent,

1169 535 1235 570 llis
1261 544 1381 575 coma,
1410 533 1555 568 radices
1585 530 1654 569 his,
1686 528 1871 564 medicina
1902 529 2038 564 lavent.

1148 589 1388 626 phreneticos
1410 588 1572 629 malvae,
1592 587 1727 621 colicos
1750 585 1940 620 absinthia
1961 588 2107 627 curant,

1169 648 1360 690 Empticus
1376 649 1540 683 anetum,
1559 645 1614 677 lac
1633 652 1778 687 quoque
1799 652 1970 684 spasmus
1993 645 2107 677 amat.

1144 702 1205 738 Sic
1234 713 1305 736 non
1335 700 1497 735 osticium
1525 699 1690 733 celebrat
1717 697 1912 742 quinarius
1941 707 2055 732 uuum

1169 758 1333 800 SensuS,
1363 758 1427 791 sed
1459 755 1608 799 propria
1637 754 1793 799 quilibet
1824 759 1902 788 arte
1932 754 2049 795 viget.

1144 815 1214 850 llle
1241 816 1399 855 colores,
1428 813 1492 847 ille
1519 821 1644 853 sonos,
1673 811 1768 853 sapit
1799 810 1861 844 ille
1887 819 2069 853 sapores;

1170 872 1276 906 Alter
1303 871 1492 911 odoratus,
1520 868 1614 902 alter
1642 875 1801 901 amoena
1829 864 1938 909 sapit.

1146 926 1201 962 't‘u
1218 935 1375 971 quoque,
1388 934 1496 969 quem
1517 923 1630 957 nimis
1646 923 1778 957 vitium
1795 921 1963 956 deforme
1981 921 2113 966 fatigat

1173 984 1354 1024 Pondere,
1383 982 1559 1016 virtutem
1588 979 1719 1024 pocu!a
1749 979 1854 1022 plura
1881 976 2001 1021 bibas.

1146 1040 1201 1075 Sit
1230 1039 1295 1075 tibi
1325 1038 1439 1073 chara
1469 1037 1518 1072 tui
1549 1035 1730 1076 victoria,
1759 1033 1842 1079 plus
1872 1033 2024 1077 aliena,

1171 1096 1216 1131 Et
1244 1100 1277 1130 te
1306 1096 1387 1139 ptus
1416 1093 1502 1128 aliis
1529 1092 1684 1128 vincere
1710 1091 1834 1127 Marte
1865 1090 1987 1126 stude.

1149 1153 1269 1188 Crede
1286 1151 1393 1195 mihi,
1411 1149 1530 1194 magis
1546 1147 1754 1185 estvirtute
1768 1148 1924 1183 domare
1939 1147 2116 1191 teipsum,

1172 1209 1291 1251 Quam
1313 1207 1397 1242 vice
1420 1205 1641 1250 sampsonis
1662 1208 1836 1239 sternere
1857 1202 1964 1239 mille
1986 1205 2105 1239 viros.

1149 1263 1363 1310 Queinlibet
1379 1262 1524 1303 officiis,
1541 1271 1587 1297 ne
1605 1271 1766 1307 quaeras
1781 1261 1866 1306 quis
1880 1259 1944 1304 sit,
1959 1259 2117 1300 bonora;

1173 1321 1269 1357 Nam
1301 1321 1436 1356 multos
1463 1322 1586 1354 claros
1614 1319 1734 1354 laetus
1761 1314 1902 1352 amicat
1926 1315 2056 1351 bonos.

1152 1377 1353 1416 Gressibus
1376 1376 1539 1412 assiduis
1560 1373 1732 1421 quisquis
1755 1373 1854 1409 bene
1879 1373 2027 1418 quaerit
2054 1371 2119 1407 ho-

1978 1438 2123 1471 norem,

1178 1490 1396 1535 Reciprocis
1436 1488 1616 1535 gradibus
1650 1486 1750 1522 hunc
1785 1495 1934 1531 quoque
1973 1485 2121 1530 quaerit

1992 1540 2123 1575 honor.

1155 1603 1320 1640 Blandus
1341 1602 1525 1642 adulator,
1545 1604 1581 1637 et
1605 1601 1773 1645 proditor
1797 1598 1935 1642 impius
1956 1607 2076 1641 aequo

1179 1659 1351 1704 Semper,
1379 1660 1466 1693 dum
1496 1657 1607 1699 vivis,
1636 1657 1711 1691 sint
1739 1656 1775 1690 in
1805 1664 1932 1689 amore
1961 1653 2054 1695 tibi;

1155 1717 1249 1753 Nam
1281 1715 1440 1750 naturali
1474 1712 1665 1748 blanditor
1694 1713 1774 1746 iure
1803 1714 1951 1746 tenetur

1180 1773 1344 1813 Risibus,
1373 1777 1409 1806 et
1436 1770 1605 1816 phaleris
1633 1768 1801 1812 proditor
1828 1777 1912 1802 esse
1939 1766 2028 1801 suis.

1157 1832 1297 1868 Fistula
1326 1830 1435 1864 dulce
1465 1827 1588 1866 canit,
1613 1826 1644 1861 si
1673 1836 1745 1861 non
1775 1824 1894 1868 mihi,
1921 1823 2032 1858 crede
2060 1820 2126 1856 Ca-

2032 1877 2122 1921 toni,

1182 1945 1278 1981 Dum
1307 1944 1389 1989 lyra
1417 1940 1610 1977 dulcisono
1637 1937 1804 1975 carmine
1835 1937 1955 1982 prodit
1982 1946 2085 1971 aves.

1160 2003 1215 2039 Ne
1244 2001 1356 2036 nimis
1384 1999 1516 2035 astutis
1544 1999 1735 2042 vulpescat
1763 1997 1890 2039 lingua
1919 1992 2098 2039 loquelis,

1184 2059 1279 2096 Nam
1304 2057 1459 2092 dubiam
1483 2057 1633 2100 pariunt
1655 2054 1806 2098 vulpida
1835 2052 1949 2088 vcrba
1977 2051 2100 2085 tidem.

1159 2115 1262 2152 Neve
1291 2119 1392 2150 tuum
1420 2114 1535 2149 iactes
1561 2112 1754 2155 alienum,
1782 2111 1976 2154 deprecor,
2013 2107 2121 2152 hym·

2025 2172 2126 2201 num,

1185 2228 1238 2264 Ne
1268 2228 1461 2263 volucrum
1487 2224 1635 2269 synodo
1663 2222 1760 2257 nuda
1788 2221 1990 2257 cachinnet
2017 2220 2111 2255 avis.

1162 2285 1359 2330 Nunquam
1376 2282 1567 2318 cervicem
1584 2280 1667 2315 sine
1683 2280 1799 2314 cauda
1818 2279 1975 2322 pingere
1993 2280 2124 2318 tentes,

1185 2341 1279 2378 Nam
1308 2342 1389 2375 sine
1416 2339 1489 2373 fine
1516 2347 1581 2372 suo
1610 2335 1821 2380 primitiare
1851 2336 1968 2367 nocet.

1162 2398 1285 2434 Mutus
1313 2398 1358 2432 ad
1386 2394 1655 2440 opprobrium;
1692 2391 1902 2434 surdusque
1937 2388 1982 2423 ad
2022 2398 2124 2422 mur-

1838 2455 1966 2486 mura,·
1993 2453 2125 2481 coecus

1183 2512 1238 2548 Ad
1262 2520 1398 2547 vanum
1419 2520 1426 2550 ;
1451 2507 1608 2543 stolidae
1631 2504 1790 2545 claudus
1807 2504 1852 2539 ad
1876 2503 1967 2538 artis
1991 2502 2075 2538 iter.

1160 2567 1390 2614 Hyinuiticet
1415 2566 1460 2600 de
1489 2568 1523 2600 te
1551 2568 1613 2599 tua
1641 2572 1733 2604 non,
1763 2561 1828 2596 sed
1857 2570 1931 2595 vox
1959 2559 2097 2601 aliena,

1183 2625 1278 2661 Nam
1310 2624 1407 2659 bene
1437 2622 1588 2657 festivos
1615 2621 1799 2654 stercorat
1826 2617 1891 2652 illa
1920 2615 2034 2650 viros,

1161 2681 1213 2717 Sit
1235 2680 1298 2716 tibi
1318 2681 1398 2724 plus
1420 2677 1572 2714 inimica
1591 2685 1753 2710 noverca
1769 2671 1946 2717 superbia
1965 2680 2124 2713 morum,

1182 2737 1301 2784 Quam
1319 2746 1413 2782 quae
1429 2734 1674 2770 Christicolas
1693 2741 1784 2775 gens
1805 2728 1983 2765 Saladina
2001 2730 2122 2762 necat.

1162 2794 1290 2839 Sitque
1311 2793 1429 2837 magis
1444 2792 1553 2826 solito
1568 2790 1634 2826 tibi
1654 2793 1780 2832 gustus
1800 2786 1943 2823 amoris
1959 2792 2124 2825 amaruS‚

1182 2850 1277 2886 Nam
1290 2851 1367 2885 scio
1381 2849 1476 2895 quod
1492 2847 1687 2892 scio,quod
1705 2850 1740 2880 tu
1758 2853 1846 2879 vere
1861 2843 1994 2878 stultus
2009 2849 2125 2876 amas.

1159 2906 1255 2953 Quid
1284 2907 1349 2942 tibi
1377 2916 1460 2940 cum
1491 2914 1609 2948 ganea
1629 2902 1646 2937 ‘l
1684 2901 1772 2947 quid
1803 2910 1887 2936 cum
1916 2896 2126 2935 meretricis

1939 2954 2121 2991 alumno?

1183 3018 1314 3054 Credis
1342 3021 1377 3053 tu
1406 3015 1560 3052 Paridi?
1589 3014 1722 3050 stultus
1750 3023 1804 3054 ες,
1832 3015 1943 3057 atque
1972 3010 2090 3046 Paris.

1160 3074 1315 3119 Spurius
1339 3075 1400 3109 ille
1425 3083 1516 3117 puer
1538 3071 1681 3106 nullum
1705 3069 1879 3106 suadebit
1900 3068 2122 3103 honestum:

1183 3131 1298 3166 Natus
1327 3129 1512 3164 adulterio
1538 3137 1687 3171 semper
1716 3128 1864 3164 adulter
1890 3124 1978 3159 erit.

1159 3185 1258 3230 Quos
1275 3185 1477 3219 lieremitat
1493 3194 1609 3223 arnor,
1625 3184 1744 3226 potius
1760 3181 1961 3216 deremitat
1976 3191 1983 3219 ;
2000 3181 2035 3214 et
2055 3178 2133 3221 ipse

1186 3242 1256 3276 Fac
1283 3244 1380 3275 amet
1410 3239 1644 3285 llippolytus,
1673 3243 1800 3273 mente
1829 3237 1986 3280 Priapus
2021 3236 2107 3269 erit.

1159 3296 1227 3333 Est
1251 3296 1446 3335 faciendus
1473 3296 1518 3330 ob
1551 3297 1619 3331 ista
1646 3295 1717 3330 lide
1746 3294 1891 3330 ieiunus
1919 3293 1965 3329 ab
1990 3293 2109 3334 omni,

1181 3353 1251 3398 Qui
1279 3352 1392 3387 nimis
1410 3351 1604 3395 orbiculat,
1627 3362 1742 3396 seque
1764 3355 1958 3386 crumenat
1982 3359 2098 3385 amor.

1157 3409 1380 3447 Proscribas
1413 3409 1523 3453 igitur
1552 3409 1702 3452 gladiis,
1730 3412 1766 3444 et
1796 3407 1952 3442 fustibus
1983 3407 2124 3450 ipsum,

2160 814 2216 847 60.

2172 3406 2236 3439 80.
