2533 4009
466 253 544 291 292

464 323 623 371 saepius
654 320 777 356 lucem
812 313 907 349 vidit
953 312 1044 348 haec
1093 313 1241 347 versio:
1278 311 1412 359 Neque

467 381 624 431 impedit
657 376 758 426 quod
789 374 958 410 Joannes
985 370 1115 409 Phrea
1139 370 1293 420 Anglus
1318 372 1417 408 Lon-

466 442 544 479 dini
571 438 739 477 eundem
772 435 943 472 laborem
976 433 1012 469 in
1039 442 1082 469 se
1102 431 1304 480 suscepit:
1328 442 1417 469 nam

465 509 499 539 01
536 496 820 550 fyr-opaecle'am
851 493 1107 544 Xenophontis
1128 495 1151 530 a
1171 493 1311 542 Poggio
1334 503 1422 529 ver-

468 573 550 599 sam
582 561 746 596 servant
778 555 963 594 ltalorum
1007 553 1293 599 Bibliothecae,
1328 553 1420 591 licet

468 621 633 660 eandem
673 619 908 656 Franciscus
951 615 1180 664 Philelphus
1208 621 1248 653 et
1276 614 1340 652 alii
1371 616 1422 652 si-

469 683 611 721 militer
642 678 890 728 interpretati
922 677 1043 715 suere.
1075 674 1207 726 Atque
1246 675 1421 714 Italicam

467 744 691 780 versionem
715 738 984 789 Cyropaediao
1009 749 1058 776 ex
1081 739 1219 776 Latina
1248 738 1424 787 parentis

463 804 521 842 sui
553 801 733 850 vulgavit
761 800 934 838 Jacobus
972 800 1141 849 Poggius
1180 799 1286 836 filius
1308 827 1317 843 ,
1363 799 1425 835 Ti-

463 866 560 902 bure
593 862 708 901 4539.
734 862 770 899 8.
797 862 852 900 De
879 861 1063 899 versione
1086 857 1330 906 Aristotelis,
1356 869 1425 897 cu—

460 927 527 975 jus
557 927 661 963 inter
691 924 818 970 Pogoii
851 924 999 973 script-a
1029 933 1076 960 ex
1100 922 1262 971 Ugolino
1282 921 1426 959 Verino

466 987 647 1025 meminit
676 985 856 1024 Gaddius
887 989 983 1022 tom.
1013 984 1049 1023 2.
1082 994 1168 1033 pag.
1199 983 1291 1021 248.
1330 981 1426 1020 nihil

466 1054 668 1099 praeterea
699 1047 884 1096 comperi.

523 1110 749 1149 Orationem
796 1107 832 1144 in
875 1105 1016 1158 sunere
1048 1105 1246 1145 Leonardt'
1278 1103 1435 1143 Aretinz'

467 1174 541 1211 An.
574 1172 691 1210 4443.
720 1170 866 1208 dictam
900 1168 1120 1206 Florentiae
1150 1167 1275 1205 edidit
1315 1166 1430 1204 Balu—

469 1244 554 1272 zuus
584 1237 677 1271 tom.
709 1233 745 1270 3.
774 1232 883 1270 Misc.
917 1241 1003 1279 pag.
1034 1228 1125 1268 248.
1157 1227 1263 1268 unde
1289 1238 1430 1266 recusa

467 1300 529 1332 est
554 1300 659 1332 tomo
697 1297 839 1332 octavo
869 1292 1046 1330 thesauri
1077 1291 1314 1340 scriptorum
1355 1290 1431 1327 lta-

470 1357 543 1394 liae
573 1354 859 1394 Burmanniani
892 1364 978 1403 pag.
1009 1352 1100 1391 245.
1130 1356 1170 1389 ct
1200 1355 1292 1389 ante
1334 1350 1431 1389 Arc-

472 1418 542 1455 tini
587 1415 789 1465 Epistolas
820 1425 882 1452 me
912 1417 1077 1452 curante
1108 1412 1240 1461 praelo
1285 1412 1427 1449 iterum

472 1479 586 1516 datas
618 1476 756 1515 Hamb.
801 1475 915 1514 4745.
947 1475 982 1511 8.
1016 1473 1122 1511 Idem
1167 1473 1340 1511 officium
1372 1472 1431 1510 fu-

473 1541 630 1577 neriae
674 1538 886 1575 memoriae
931 1535 1198 1586 praeceptoris
1232 1535 1293 1573 sui
1340 1532 1431 1571 Am-

474 1600 597 1639 brosii
631 1596 950 1639 Camaldulensis
994 1597 1067 1634 An.
1102 1596 1217 1635 4439.
1268 1595 1432 1644 praesti-

474 1665 570 1700 tisse
618 1662 806 1710 Poggium
835 1658 917 1708 jam
963 1657 1097 1695 notavi
1129 1667 1251 1705 supra
1280 1658 1377 1693 tom.
1408 1657 1422 1693 4

470 1736 556 1774 pag.
587 1723 650 1760 78.
685 1721 790 1772 (274
821 1719 932 1764 Quod
964 1729 1054 1755 esse
1086 1717 1213 1755 Vossii
1246 1716 1428 1755 fabellam

470 1786 573 1824 clare
617 1785 653 1820 in
699 1781 823 1820 Praef.
867 1779 915 1818 ad
958 1779 1156 1818 Ambrosii
1202 1779 1330 1816 Vitam
1362 1776 1427 1815 de-

471 1845 710 1885 monstravit
737 1841 938 1881 eruditiss.
968 1840 1132 1887 lilehuS.)
1154 1839 1302 1877 Omitto
1326 1839 1424 1877 alias

470 1909 558 1959 ejus
587 1906 821 1950 Orationes,
859 1902 1060 1952 Epistolas
1088 1900 1137 1944 ad
1167 1902 1327 1939 Petrum
1357 1901 1431 1938 Do-

473 1974 610 2008 natum
657 1971 697 2003 et
741 1965 861 2003 alios:
903 1964 1130 2012 scriptaque
1169 1960 1343 2007 inedita,
1389 1965 1432 1999 ut

473 2032 613 2068 contra
638 2025 863 2079 hypocritas
891 2025 1103 2073 dialogum,
1133 2026 1173 2060 et
1201 2023 1430 2061 Orationem

473 2093 692 2142 oppositam
745 2083 1138 2131 calumniatoribus,
1189 2084 1433 2121 dissertatio-

475 2163 646 2202 nemque
675 2150 722 2188 ad
754 2148 942 2187 Cosmum
967 2146 1182 2193 Medicem,
1212 2148 1345 2182 utrum
1375 2155 1434 2182 se-

475 2214 519 2252 ni
545 2224 655 2251 uxor
679 2211 730 2250 sit
753 2209 943 2248 (lucenda.
977 2207 1218 2246 Invectivctm
1243 2208 1280 2243 in
1313 2204 1434 2244 Nz'col.

477 2277 680 2315 Perottum
709 2278 785 2310 etc.

530 2334 705 2386 Epistola
735 2333 782 2371 de
813 2331 953 2371 Schola
983 2331 1201 2381 Epicureae
1231 2329 1436 2376 factionis,

478 2410 552 2435 non
578 2397 709 2435 differt
737 2396 758 2432 a
789 2394 1025 2432 Balneorum
1053 2392 1292 2431 Badensium
1318 2401 1438 2441 prope

478 2460 705 2507 Thuregum
732 2456 990 2506 discriptione
1015 2454 1064 2492 de
1094 2464 1172 2503 qua
1202 2463 1323 2503 supra
1353 2463 1440 2502 pag.

476 2522 565 2559 294.
585 2518 655 2557 sed
678 2529 779 2567 quae
800 2527 939 2555 recusa
969 2517 1088 2554 etiam
1118 2518 1250 2553 exstat
1268 2516 1305 2551 in
1323 2525 1440 2564 opere

478 2583 627 2619 Veneto
657 2580 705 2618 de
735 2579 887 2617 balneis
913 2590 948 2628 p.
979 2577 1068 2616 294.
1095 2576 1130 2614 b.
1156 2580 1193 2613 et
1226 2576 1263 2612 in
1294 2576 1352 2612 Jo.
1379 2576 1441 2613 Ja-

477 2645 561 2683 cobl
579 2641 846 2681 Scheuchzeri
864 2639 1024 2677 historia
1050 2638 1218 2677 naturali
1236 2637 1440 2676 Helvetiae

478 2708 511 2752 a)
541 2711 636 2744 tom.
668 2704 710 2742 V.
742 2714 828 2752 pag.
859 2702 949 2739 407.

530 2769 716 2816 Magnum
747 2774 960 2802 numerum
991 2761 1257 2812 Epistolarum
1281 2765 1322 2798 et
1350 2759 1441 2798 alia-

478 2840 566 2868 rum
593 2825 910 2866 lucubrationum
937 2824 1064 2873 Poggii
1091 2833 1133 2860 se
1156 2821 1300 2860 habere
1320 2825 1443 2858 testa-

475 2895 541 2928 tus
588 2893 650 2926 est
697 2886 885 2925 Baluzius
936 2885 972 2921 in
1021 2883 1196 2933 Epistola
1239 2883 1287 2921 ad
1336 2881 1438 2920 Frid.

479 2950 738 2989 Benedictum
759 2946 1024 2996 Carpzovium
1041 2976 1050 2992 ‚
1076 2950 1170 2983 tom.
1192 2945 1289 2982 Vlll.
1311 2953 1442 2981 amoe-

483 3014 651 3051 nitatum
669 3011 813 3049 literar.
834 3009 876 3046 V.
895 3008 938 3046 C.
961 3007 1018 3045 J0.
1035 3006 1179 3056 Georg.
1193 3003 1440 3044 Schclhornii

539 3158 571 3192 a)
593 3158 897 3189 Schweitzeri'sche
923 3153 1275 3189 Natur-Geschichte.

1296 240 1614 279 POGGIUS

1492 322 1579 360 pag.
1609 313 1697 349 626.
1729 312 1804 350 Sed
1832 315 1909 351 vita
1941 313 2159 351 Cardinalis
2186 314 2354 351 Firmani
2379 314 2451 353 Ca-

1494 374 1677 421 pranicae
1710 372 1813 421 apud
1845 374 2016 411 eundem
2047 374 2251 413 Baluzium
2283 378 2378 412 tom.
2412 375 2449 414 2·

1494 434 1601 470 Mise.
1633 445 1718 483 pag.
1742 433 1835 470 263.
1864 434 1952 472 366.
1981 446 2057 473 non
2084 437 2268 486 Poggium
2300 439 2450 485 patrem

1496 495 1564 532 sed
1610 495 1734 532 lilium
1765 495 1957 532 Joannem
1988 497 2206 545 Baptistam
2237 497 2358 535 habet
2387 508 2455 535 au-

1494 560 1644 593 ctorem
1663 584 1672 602 ,
1698 560 1741 592 ut
1767 556 1919 592 notavit
1942 556 2070 595 Julius
2096 558 2211 608 Niger
2232 559 2269 596 in
2294 557 2456 596 historia

1498 617 1736 665 scriptorum
1763 614 2078 654 Florentinorum
2104 628 2189 668 pag.
2215 618 2304 657 474.
2335 618 2457 664 Quin-

1499 689 1576 728 que
1620 681 1754 715 autem
1787 677 1929 726 Poggio
1959 676 2069 715 fuere
2099 677 2190 727 filii,
2220 680 2256 727 b)
2300 681 2456 730 ingenio

1501 739 1681 777 valentes
1710 740 1851 775 omnes
1882 748 1926 774 ac
1949 738 2180 787 conspicui,
2208 751 2256 779 ex
2287 751 2458 791 quorum

1501 812 1666 839 numero
1706 810 1850 837 nomen
1885 798 2084 837 interdum
2114 799 2307 849 aiicujus,
2340 803 2460 839 inter-

1499 863 1594 901 dum
1633 862 1830 911 scriptum
1867 861 1968 898 Patri
2008 861 2029 898 a
2060 861 2158 899 viris
2186 860 2312 900 doctis
2341 862 2458 900 tribui

1501 924 1685 962 videmus
1702 924 1842 961 Petrus
1870 922 2040 968 Paulus,
2069 922 2207 961 Ordin.
2239 923 2375 962 Praed.
2397 923 2454 961 Jo.

1502 986 1705 1036 Baptista,
1752 984 1983 1034 Philippus,
2013 983 2189 1024 Jacobus.
2212 988 2254 1023 et
2290 983 2462 1023 Joannes

1503 1048 1765 1095 Franciscus,
1795 1046 2020 1085 Canonicus
2048 1045 2311 1086 Florentinus.

1558 1108 1578 1131 *
1609 1109 1665 1148 Cl.
1697 1109 1800 1146 Zeno
1825 1109 1861 1145 in
1885 1108 1969 1146 suis
1992 1107 2346 1147 Dissertationibus
2371 1108 2466 1147 Vos-

1505 1172 1628 1210 sianis
1657 1175 1751 1208 tom.
1784 1172 1798 1209 4
1837 1173 1973 1207 monet
2001 1173 2042 1206 et
2072 1168 2260 1208 emendat
2288 1173 2463 1208 erratum

1508 1233 1582 1270 hoc
1627 1232 1791 1270 Fabricii
1834 1231 2041 1269 censentis
2083 1230 2277 1269 Guccium
2320 1241 2464 1269 nomen

1504 1305 1594 1332 esse
1636 1294 1794 1344 Poggii,
1823 1304 1914 1333 cum
1960 1292 2057 1331 haec
2095 1292 2305 1343 appellatio
2349 1292 2468 1331 fuerit

1505 1356 1628 1406 patris
1657 1354 1837 1394 eiusdem
1881 1355 2025 1405 Poggii.
2068 1353 2331 1392 scribendum
2375 1363 2467 1403 ergo

1503 1422 1586 1455 erat
1617 1418 1787 1467 Poggius
1813 1415 1964 1463 Guccii,
1986 1417 2072 1454 sive
2092 1414 2313 1465 Arriguccii
2331 1415 2468 1454 tilium.

1504 1479 1631 1528 Opera
1664 1479 1751 1516 eius
1782 1489 1858 1515 non
1883 1488 2014 1515 moror
2034 1488 2126 1515 cum
2147 1487 2220 1515 nec
2240 1487 2358 1527 opere
2383 1487 2469 1527 pre-

1505 1541 1603 1578 tium
1635 1539 1795 1578 duxerit
1837 1539 1896 1576 Cl.
1941 1539 2086 1577 Zenius
2129 1537 2284 1577 illorum
2315 1537 2469 1577 Catalo-

1507 1612 1599 1651 gum
1631 1606 1781 1639 texere.
1809 1600 1829 1622 *

1561 1663 1654 1711 (275
1685 1663 1813 1712 Poggii
1833 1663 1960 1700 Vitam
1986 1661 2151 1710 Anglice
2170 1661 2265 1700 Wil.
2290 1660 2466 1710 Sheperd

1513 1735 1639 1774 nuper
1667 1724 1886 1772 contexuit,
1909 1729 1950 1761 et
1979 1722 2155 1761 tradotta
2170 1721 2240 1761 dal
2253 1721 2348 1762 Cav.
2369 1721 2469 1760 Avv.

1510 1787 1715 1823 Tommaso
1750 1783 1894 1822 Tonelli
1925 1784 2040 1823 4825.
2067 1785 2104 1821 in
2135 1785 2171 1822 8.
2201 1784 2279 1822 vol.
2303 1783 2327 1821 2
2369 1783 2472 1832 pari-

1505 1852 1649 1897 terque
1683 1844 1871 1896 Dialoyus
1901 1856 1954 1883 αη
1983 1845 2078 1884 Seni
2104 1856 2214 1883 nacor
2247 1843 2301 1884 sit
2329 1844 2470 1882 ducen-

1503 1907 1555 1947 (la
1571 1908 1789 1946 Florentiae
1806 1906 1998 1957 prodiere.
2015 1905 2164 1944 Eodem
2193 1909 2359 1945 curante
2376 1906 2470 1956 Pog-

1503 1971 1553 2020 gii
1583 1967 1854 2020 Epi'stolarum
1883 1966 1977 2006 Ord.
1998 1965 2170 2006 chronol.
2191 1967 2370 2019 notisque
2400 1977 2468 2004 vo-

1506 2031 1639 2070 lumen
1676 2033 1711 2068 4.
1742 2030 1964 2067 Florentiae
1999 2033 2083 2079 typ.
2117 2028 2306 2067 Marchini
2351 2028 2466 2067 4832.

1506 2094 1542 2129 in
1561 2094 1596 2129 8.
1619 2093 1760 2142 paruit.
1777 2093 1865 2141 Ipso
1881 2090 1955 2128 An.
1977 2090 2093 2129 1854.
2110 2090 2146 2128 3.
2163 2090 2301 2129 Octob.
2318 2101 2340 2128 e
2359 2090 2463 2127 vivis

1506 2154 1675 2199 sublato,
1694 2153 1775 2190 Vol.
1795 2153 1843 2190 ll.
1860 2152 1908 2191 ab
1932 2163 1978 2190 eo
2007 2156 2190 2202 paratum
2213 2156 2463 2203 exoptamus.

1562 2213 1762 2266 Epistolae
1806 2217 1886 2252 tres
1914 2224 1977 2252 an.
2010 2214 2124 2253 4454.
2155 2214 2194 2251 in
2225 2213 2304 2252 Nic.
2337 2214 2469 2252 Perot—

1509 2282 1593 2315 tum
1627 2277 1663 2314 in
1695 2287 1756 2325 op.
1787 2273 2037 2314 Miscellanea
2065 2275 2105 2313 di
2133 2274 2246 2314 varie
2291 2275 2469 2326 Operette

1513 2339 1600 2376 Ven.
1624 2337 1737 2376 4744.
1764 2340 1790 2374 t.
1818 2337 1903 2375 V111
1927 2337 2126 2386 leguntur.
2147 2335 2357 2387 Diazoyum
2380 2347 2470 2374 con—

1513 2402 1578 2436 tra
1602 2397 1853 2449 hypocritas,
1878 2397 1960 2446 jam
1991 2397 2172 2448 Lugduni
2199 2408 2268 2447 per
2293 2396 2465 2436 Anisson

1512 2472 1575 2499 an.
1603 2460 1704 2499 4679
1725 2461 1761 2497 in
1785 2459 1846 2498 46.
1872 2469 1951 2497 una
1975 2469 2067 2497 cum
2100 2459 2139 2497 L.
2162 2458 2286 2496 Bruni
2313 2458 2473 2508 Episto-
2518 2454 2521 2459 ’

1513 2521 1547 2560 la
1563 2531 1757 2559 excusum
1776 2521 2043 2571 ,Responsum
2065 2517 2121 2557 ad
2148 2518 2233 2557 Nic.
2266 2518 2469 2557 Perottum

1514 2587 1554 2621 et
1583 2582 1656 2621 alia
1684 2582 1792 2620 MSS.
1825 2581 1921 2619 Bibl.
1950 2579 2282 2631 Magliabechiana
2306 2580 2468 2628 servat.)

1569 2643 1658 2692 (276
1689 2644 1906 2682 Cuiusnam
1940 2644 1991 2680 sit
2015 2653 2093 2680 ‘non
2120 2645 2237 2681 vacat
2265 2640 2401 2680 videre
2431 2642 2470 2680 in

1512 2716 1599 2742 meo
1616 2704 1709 2742 edit.
1728 2705 1841 2744 4538.
1859 2704 2074 2754 exemplari
2104 2704 2182 2742 MS.
2207 2703 2459 2754 Epigramma

1527 2784 1672 2822 Poggius
1689 2786 1726 2813 ut
1740 2783 1848 2823 jacuit
1866 2789 1983 2813 musae
2000 2780 2124 2813 siluere
2145 2782 2283 2812 Latinae

1525 2835 1762 2872 Etruscaeque:
1785 2835 1883 2864 vacat
1907 2832 2014 2862 Attica
2038 2830 2153 2869 lingua
2175 2830 2280 2871 loqui.

1525 2884 1625 2912 Nemo
1644 2880 1840 2913 lacessentes
1857 2879 1985 2912 calamo
2003 2878 2234 2912 vehementius
2252 2881 2349 2920 urget
2365 2901 2376 2918 ‚

1531 2930 1586 2961 vel
1611 2931 1750 2971 scripsit
1773 2930 1889 2961 melius
1913 2930 1999 2961 seria
2025 2932 2138 2969 gesta,
2158 2928 2255 2961 sales.

1790 2994 1920 3034 FlNlS
1949 2995 2078 3034 LIBRI
2107 2995 2192 3035 XV.

1567 3147 1604 3187 b)
1623 3146 1703 3178 vide
1720 3146 1874 3177 Niceroni
1892 3145 2070 3176 memorias
2086 3147 2111 3177 t.
2130 3145 2182 3176 ix.
2203 3152 2236 3184 p.
2256 3143 2327 3176 ¹:55.
2344 3151 2414 3183 seq.

2520 0 2527 250 ¹

2525 343 2530 488 i
