2533 4009
473 236 524 275 52
998 230 1004 231 ’
1223 231 1265 270 Μ
1285 232 1316 271 Α
1341 233 1372 270 T
1394 233 1425 271 Τ
1447 232 1483 271 Η,
1504 233 1537 271 Α
1557 232 1591 271 Ε
1615 232 1645 271 U
1672 232 1697 270 S

474 308 705 348 Pontificum
752 306 932 344 electioni
963 304 1153 343 interfuit.
1192 305 1293 356 Ejus
1323 305 1418 343 scri-

473 377 565 421 pta:
598 368 803 421 Erposz'tz'o
833 367 871 404 in
900 364 1093 405 Psalmos.
1117 363 1324 406 Sermones
1354 379 1417 406 sa-

472 434 554 472 cri.
588 430 784 482 Epistulae
808 429 854 467 ad
887 428 1070 467 diversos
1090 434 1130 467 et
1155 428 1255 468 liber
1279 429 1324 468 de
1347 441 1419 468 au-

472 495 649 534 ctoritate
676 490 886 530 Ecclesiae.
918 490 1014 530 Vide
1045 489 1089 529 G.
1107 492 1266 542 Joscphi
1310 492 1419 543 Eggs

472 566 686 609 purpuram
718 553 872 592 doctam
905 557 1000 592 tom.
1034 556 1047 593 4
1085 566 1121 605 p.
1153 554 1338 593 197-200.

524 615 809 659 MATTHAEUS
838 617 1036 664 Scornus,
1071 617 1274 662 Ecclesiae
1315 617 1421 654 Mon—

470 686 521 722 tis
551 683 588 721 S.
607 680 786 726 Martini,
805 680 1212 718 Praemonstratensis
1241 679 1419 726 Ordinis,

470 743 770 785 Cameracensis
793 741 986 780 dioecesis
1010 742 1257 781 Canonicus.
1284 745 1421 791 postea

469 808 709 848 lNinovensis
750 806 1000 853 Monasterii,
1044 803 1223 854 ejusdem
1261 804 1420 842 Ordinis

469 871 601 910 Abbas
632 879 761 906 nonus
779 898 787 912 ‚
811 867 973 918 scripsit
1001 868 1213 905 Sermones
1243 865 1419 904 diversos

468 937 514 971 ut
540 935 631 969 crat
657 930 723 969 vir
751 927 971 979 singyzilaris
1001 927 1204 966 doctrinae
1232 938 1279 964 ac
1292 927 1420 977 pieta-

471 996 520 1034 tis
533 1027 542 1042 ,
560 998 597 1032 et
613 993 644 1030 Ε
648 991 870 1031 cclesiastes
886 990 1184 1029 disertissimus.
1200 989 1420 1027 ItemCom-

469 1058 688 1097 meutari0s
719 1056 756 1091 in
789 1052 948 1091 lJavidis
979 1052 1156 1090 Psalmos
1185 1055 1225 1088 et
1255 1051 1292 1088 in
1323 1051 1420 1089 Esa-

469 1123 544 1160 iam
578 1117 827 1168 Propheiam.
873 1114 946 1151 Hic
980 1125 1082 1151 aimo
1119 1112 1277 1150 Domini
1305 1114 1423 1152 4195.

472 1182 626 1232 abjecta
647 1176 923 1228 Praefectura.
946 1175 1089 1227 quietis
1106 1187 1248 1214 amans
1262 1175 1315 1214 acl
1327 1186 1420 1214 suos

469 1242 606 1282 Montis
632 1242 674 1281 S.
700 1238 868 1278 Martini
889 1236 1114 1290 confratres
1138 1249 1326 1276 reversus
1348 1236 1421 1276 ibi-

467 1306 553 1345 dem
583 1308 719 1343 sancte.
749 1300 855 1340 obiit.
887 1303 989 1340 Ilaec
1019 1301 1067 1339 de
1097 1312 1142 1339 eo
1171 1301 1344 1339 Joannes
1383 1301 1418 1340 le

467 1370 582 1418 l‘aige
601 1368 637 1404 in
658 1364 841 1404 Biblioth.
863 1365 1248 1402 Praemonstratensi
1275 1375 1311 1414 p.
1327 1363 1415 1402 305.

519 1427 812 1469 MATTHAEUS
827 1425 1070 1478 Sylvaticus,
1086 1428 1337 1475 Mantuanus,
1350 1427 1416 1476 qui

468 1494 620 1534 Salerni
652 1496 858 1529 versatum
892 1500 934 1527 50
966 1492 1139 1527 testatur
1180 1489 1213 1533 a)
1258 1489 1332 1527 An.
1376 1489 1418 1528 G.

469 1556 583 1596 4297.
617 1555 777 1604 reliquit
809 1553 920 1591 nobis
951 1556 1112 1590 vastum
1142 1562 1241 1601 opus
1271 1562 1340 1601 per
1364 1551 1418 1589 le-

469 1621 545 1659 xici
578 1617 739 1656 modum
771 1617 1036 1666 compositum
1067 1614 1170 1665 quod
1199 1613 1418 1652 Pandectas

469 1683 684 1723 Medicinae
717 1681 945 1730 inscripsit,
977 1678 1205 1717 dicavitciue
1249 1678 1417 1716 Roberto

471 1747 623 1785 Siciliae
655 1745 748 1794 Regi
780 1742 856 1781 An.
887 1743 1002 1781 4336.
1036 1741 1236 1780 Laudatur
1271 1742 1293 1779 a
1336 1741 1418 1778 Tri·

471 1809 619 1847 themio
649 1818 733 1856 cep.
765 1805 855 1844 555.
880 1806 935 1842 De
968 1804 1072 1842 illius
1088 1803 1326 1842 editionibus
1347 1803 1419 1840 Bo-

472 1883 563 1909 non.
595 1869 710 1907 4474.
761 1867 920 1917 ΜξιρΟΙ.
970 1865 1085 1904 4474.
1130 1866 1259 1903 Venet
1303 1863 1418 1903 4478.

471 1935 587 1973 4480.
618 1934 631 1970 4
646 1931 734 1970 489.
767 1929 880 1968 4498.
902 1929 1017 1968 4523.
1041 1927 1163 1978 Lugd.
1186 1927 1301 1966 4478.
1318 1928 1420 1966 Tau-

471 1998 542 2034 rini
578 1993 693 2033 4526.
728 1992 792 2031 fol.
823 1991 901 2029 dixi
934 1992 971 2028 in
998 1991 1096 2030 Bibl.
1120 1991 1257 2029 Latina
1274 1990 1335 2028 IV.
1363 1990 1425 2029 42.

470 2057 693 2097 Editionem
717 2053 840 2103 Lugd.
863 2054 977 2092 4544.
1006 2056 1197 2090 memorat
1223 2052 1424 2102 Philippus

472 2119 685 2158 Picinellus
716 2119 752 2154 in
785 2116 978 2154 athenaeo
1010 2117 1249 2165 scriptorum
1280 2114 1424 2153 Medio-

473 2183 697 2222 lanensium
729 2192 766 2230 p.
790 2180 865 2218 448
890 2191 937 2217 ex
956 2178 1231 2217 Bibliothecar.
1256 2177 1423 2216 Medica-

473 2258 560 2284 rum
593 2243 876 2295 scriptoribus,
908 2243 974 2292 qui
1007 2245 1170 2279 monent
1201 2240 1424 2279 annotatio—

474 2320 546 2347 nes
575 2308 728 2347 additas
759 2308 779 2344 a
809 2305 968 2343 Simone
998 2304 1197 2342 Geuuensi
1229 2308 1268 2340 ot
1293 2303 1423 2340 Domi-

473 2373 560 2409 nico
588 2370 740 2409 Martini
775 2368 823 2406 de
849 2367 1072 2417 Sospitella.
1099 2367 1209 2416 Opus
1231 2364 1334 2403 haud
1351 2364 1424 2403 du-

473 2435 534 2472 bie
566 2432 812 2483 praeclarum
846 2435 965 2480 atque
997 2429 1120 2476 utile,
1151 2430 1183 2465 si
1213 2426 1423 2466 emendate

473 2497 618 2546 scripta
648 2499 687 2531 ct
717 2498 901 2532 accurate
932 2493 1112 2542 exposita
1142 2494 1279 2528 essent
1322 2501 1423 2540 quae

474 2561 511 2596 in
544 2558 605 2596 illo
636 2557 867 2595 offeruntur.
898 2554 974 2593 Sed
996 2565 1087 2591 cum
1113 2553 1304 2591 vocabula
1328 2552 1425 2590 Ara-

473 2622 556 2659 bica
587 2618 746 2669 quando
788 2621 884 2655 sunt
927 2617 1072 2666 scripta
1120 2616 1317 2653 Hebraicis
1359 2614 1422 2652 vel

476 2684 622 2720 Latinis
654 2682 801 2719 littoris
831 2680 920 2718 licet
955 2690 1030 2716 non
1077 2679 1243 2726 vitiose,
1287 2682 1420 2715 tamen

475 2745 645 2783 multum
678 2745 822 2793 negotii
865 2742 1018 2780 soleant
1063 2741 1258 2779 facessere
1303 2740 1420 2778 etiam

476 2807 580 2844 illius
611 2806 767 2855 linguae
797 2805 959 2854 peritis,
991 2808 1034 2841 ut
1063 2813 1203 2841 omncs
1234 2802 1420 2848 fatentur,

475 2873 594 2918 atque
624 2866 799 2905 ostendit
828 2866 1036 2904 Reinesius
1067 2865 1164 2903 libro
1193 2864 1242 2902 do
1289 2864 1419 2912 lingua

473 2931 643 2976 Punica,
673 2932 867 2979 quantum
900 2938 1063 2965 necesse
1092 2930 1154 2964 est
1183 2937 1341 2964 crucem
1381 2925 1422 2961 ii-

475 3004 566 3043 gere
595 2993 741 3042 scripta
772 2991 1100 3040 perversissime,
1131 2993 1249 3037 atque
1281 2989 1333 3024 ita
1354 2998 1422 3024 ex—

476 3066 610 3105 prcssa
632 3085 643 3102 ,
676 3059 718 3093 ut
748 3053 915 3103 singulis
946 3049 1227 3102 propemodum
1256 3060 1330 3086 non
1356 3060 1422 3098 pa-

475 3119 578 3167 ginis
608 3116 677 3155 scd
710 3115 896 3154 versibus
927 3113 1076 3164 Oedipo
1106 3114 1158 3149 sit
1201 3121 1330 3161 opus⁷
1373 3110 1420 3148 dc

475 3190 553 3228 quo
582 3183 759 3216 veterem
789 3174 947 3216 Ottonis
976 3173 1189 3213 Brunseldii
1215 3173 1420 3222 ctjnstam

476 3241 762 3288 querimoniam
808 3239 942 3278 attulit
987 3238 1162 3287 (langius
1204 3236 1325 3286 praef.
1374 3235 1421 3273 ad

532 3370 565 3407 a)
588 3371 622 3400 lu
641 3378 719 3402 voce
737 3370 883 3401 bruchus

1490 304 1654 354 glossar.
1687 303 1725 353 g.
1760 304 1930 343 XLVIII.
1961 306 2087 352 Quam
2105 306 2254 356 peritus
2273 308 2438 359 scriptor

1492 366 1554 404 hic
1587 367 1706 404 fuerit
1736 365 1895 416 linguae
1926 367 2129 415 Graecae,
2159 379 2228 419 pro
2255 374 2373 421 captu
2400 374 2441 408 et

1493 440 1600 466 more
1632 428 1786 466 illorum
1817 432 2062 480 temporum,
2093 432 2290 469 innumeri
2312 430 2442 483 prodit

1493 491 1602 529 locis.
1634 490 1829 541 Exemplo
1860 491 1936 529 sit:
1977 490 2173 531 Obtalmia
2201 495 2260 531 est
2295 496 2443 544 aposte-

1494 566 1558 592 ma
1588 552 1714 601 oculi,
1746 552 1892 591 dictum
1934 551 1985 590 ab
2023 554 2071 592 ob
2115 555 2219 607 quod
2259 557 2318 594 est
2357 567 2443 593 con-

1496 620 1588 663 tra,
1632 618 1669 654 et
1709 615 1858 654 talmon
1890 614 2011 665 quod
2047 619 2103 654 est
2138 617 2298 666 oculus,
2329 617 2448 667 quasi

1494 681 1633 717 contra
1663 677 1831 716 oculum.
1856 678 1926 716 Vel
1951 678 2071 716 etiam
2096 677 2194 717 hoc:
2225 679 2300 718 Dia
2324 678 2446 717 Grae-

1495 754 1557 785 ce,
1588 740 1744 792 quando
1775 743 1833 778 est
1874 751 1956 778 una
1990 750 2092 790 pars
2127 751 2201 791 per
2240 752 2306 785 se,
2335 739 2449 779 debet

1493 801 1619 842 scribi
1637 814 1713 854 per
1731 802 1821 852 j0ta
1848 804 1886 839 et
1912 813 1988 839 non
2020 812 2094 853 per
2128 813 2172 852 y,
2193 805 2238 840 ut
2270 802 2447 842 diamar-

1491 865 1665 915 ι(χανίῐοη.
1692 865 1778 915 Dya
1812 875 1905 902 vero
1935 862 2092 915 quando
2121 863 2314 914 siynificat
2341 864 2416 903 duo
2438 895 2446 910 ,

1487 938 1563 977 per
1584 939 1610 977 y
1638 924 1750 964 debet
1776 924 1926 973 scribi,
1951 925 2054 964 unde
2079 924 2278 977 Dyatoyus
2291 957 2302 976 ,
2323 926 2365 966 id
2393 931 2450 966 est

1493 987 1665 1026 duorum
1694 998 1837 1025 sermo,
1880 987 2096 1026 Dialectica
2138 999 2233 1027 vero
2265 999 2340 1039 per
2359 990 2450 1041 j0ta

1493 1048 1606 1088 (lebet
1640 1048 1792 1099 scribi,
1839 1052 1877 1087 et
1912 1053 1973 1088 est
2006 1049 2181 1099 dictum,
2238 1050 2449 1090 rationalis

1493 1112 1714 1163 disciplina.
1745 1110 1984 1164 Dyalelctika
2011 1111 2206 1152 scribitur
2235 1124 2311 1165 per
2346 1125 2372 1165 y
2407 1117 2453 1152 ut

1492 1174 1589 1214 dicit
1616 1175 1805 1214 Graecus.
1826 1178 1896 1213 etc.
1921 1175 1994 1214 Vix
2013 1178 2076 1213 est
2094 1179 2138 1214 u‘t
2154 1175 2320 1214 Arabice
2347 1175 2450 1214 mul-

1493 1243 1533 1275 to
1561 1237 1778 1276 doctiorem
1811 1238 1934 1276 fuisse
1957 1241 2186 1277 statuamus
2215 1236 2322 1276 hunc
2353 1238 2452 1276 Pan-

1495 1300 1743 1347 dectarium,
1773 1311 2017 1351 quamquam
2051 1301 2245 1351 Hispanos
2273 1304 2314 1338 et
2352 1299 2450 1339 Ara-

1491 1362 1562 1401 bes
1582 1373 1624 1401 se
1641 1363 1893 1401 consuluisse
1910 1362 2120 1413 profitetur
2139 1363 2176 1400 in
2188 1361 2449 1402 voceMaaleb

1491 1424 1667 1464 Adduoit
1697 1436 1856 1475 quoque
1888 1423 2090 1463 interdum
2133 1426 2290 1463 Persica
2332 1435 2450 1464 voca-

1491 1488 1610 1537 bula,
1643 1488 1712 1527 sed
1759 1488 1992 1536 rarissime,
2024 1491 2067 1525 ut
2097 1488 2134 1525 in
2173 1497 2269 1525 voce
2315 1484 2452 1526 barse-

1487 1553 1653 1600 9asten‚
1684 1553 1722 1588 et
1753 1548 1944 1589 sebasten.
1975 1550 2167 1599 Pleraque
2196 1553 2329 1588 autem
2347 1560 2449 1599 quae

1491 1612 1723 1662 explicanda
1755 1613 1827 1651 sibi
1858 1613 2008 1659 sumit,
2038 1613 2188 1652 Graeca
2217 1613 2348 1651 omnia
2376 1612 2442 1651 vel

1491 1674 1659 1714 Arabica
1691 1676 1839 1714 Latinis
1869 1680 2089 1726 utcumque
2119 1686 2310 1726 expressa
2340 1675 2446 1713 litte-

1492 1738 1546 1775 ris
1575 1742 1697 1785 sunt,
1728 1739 1764 1775 in
1798 1739 1948 1777 Latinis
1990 1738 2241 1777 versionibus
2278 1737 2446 1776 Medico-

1491 1811 1579 1838 rum
1610 1800 1853 1840 Graecorum
1884 1802 1947 1840 vel
1978 1801 2156 1840 Arabum
2189 1800 2318 1839 obvia.
2359 1799 2445 1838 Alia

1491 1863 1628 1901 Latina
1661 1864 1774 1912 ipsa⁷
1804 1866 1987 1914 pauciora
2019 1868 2166 1902 tamen.
2210 1863 2292 1901 Non
2334 1861 2447 1901 dubi-

1493 1925 1661 1963 tandum
1695 1926 2078 1972 interim‚eruditus
2108 1927 2140 1963 si
2171 1924 2295 1964 lector
2314 1934 2449 1963 acces-

1502 1988 1598 2024 serit
1621 2016 1629 2034 ,
1659 1998 1775 2037 posse
1807 1999 1855 2026 ex
1875 1988 1948 2027 hoc
1965 1989 2061 2026 libro
2081 1999 2174 2026 eum
2191 1986 2344 2025 discere
2368 1995 2447 2024 non

1498 2050 1819 2098 contemnenda,
1850 2055 1970 2100 atque
2001 2052 2039 2088 in
2068 2049 2230 2089 Medicis
2272 2049 2448 2098 antiquis

1496 2113 1705 2162 praecipue
1736 2124 1831 2150 vero
1862 2114 1898 2150 in
1919 2113 2055 2151 Latino
2079 2111 2256 2150 barbaris
2272 2109 2359 2160 ejus
2375 2120 2448 2160 ope

1497 2174 1735 2225 intelligere,
1778 2186 1878 2225 quae
1908 2175 2053 2224 alioqui
2091 2174 2284 2221 obscura,
2328 2172 2449 2211 lecto-

1497 2247 1560 2274 res
1591 2237 1726 2287 fugere
1758 2247 1922 2275 necesse
1952 2241 2037 2275 erat
2073 2236 2264 2275 futurum.
2303 2235 2450 2273 Exem-

1497 2298 1559 2349 pla
1589 2298 1678 2337 vide
1709 2300 1764 2337 sis
1786 2299 1889 2350 apud
1911 2299 2188 2337 doctissimum
2218 2298 2449 2336 Reinesium

1496 2372 1582 2411 pag.
1608 2360 1698 2399 673.
1725 2365 1764 2398 et
1792 2361 1928 2400 multis
1943 2361 2030 2400 aliis
2046 2361 2253 2399 Variarum
2271 2358 2358 2409 ejus
2379 2359 2450 2396 Le-

1497 2425 1673 2462 ctionum
1706 2424 1826 2472 locis,
1870 2427 1912 2462 et
1954 2422 2323 2462 Almelooveenium
2360 2432 2448 2471 pag.

1498 2486 1588 2525 654.
1608 2486 1656 2525 ad
1674 2487 1852 2525 Coelium
1870 2485 2143 2524 Aurelianum.
2165 2483 2338 2522 lndicem
2356 2483 2453 2521 scri-

1498 2553 1656 2599 ptorum
1687 2549 1734 2587 ab
1766 2548 1838 2586 hoc
1863 2547 2060 2586 Matthaeo
2081 2545 2331 2585 laudatorum
2362 2543 2452 2583 dedi

1497 2615 1590 2650 tom.
1623 2611 1727 2650 XIII.
1756 2611 1851 2649 Bibl.
1881 2612 2055 2649 Graecae
2086 2621 2173 2660 pag.
2198 2609 2287 2648 324.
2319 2619 2402 2657 seq.

1549 2673 1839 2712 MATTHAEUS
1856 2670 2052 2723 Spinellus
2061 2670 2106 2710 de
2121 2670 2330 2710 Juvenatio
2347 2670 2449 2719 (Gio-

1497 2748 1698 2785 vezzano,
1737 2737 1899 2773 civitate
1935 2733 2113 2784 Apuliae)
2144 2736 2316 2770 testatus
2346 2742 2449 2770 anno

1498 2800 1599 2838 4253
1631 2800 1666 2836 fe
1696 2799 1817 2836 fuisse
1849 2801 1984 2835 natum
2015 2806 2140 2834 annos
2173 2795 2314 2834 XXIII.
2339 2798 2379 2832 et
2410 2794 2448 2831 in

1496 2863 1637 2899 castris
1661 2859 1873 2898 Cou'radini
1903 2869 1946 2895 se
1980 2861 2184 2896 versatum
2213 2867 2316 2895 anno
2346 2856 2449 2895 4268

1496 2934 1572 2972 quo
1602 2923 1736 2960 victus
1768 2921 1830 2958 ille
1861 2924 1923 2959 cst
1952 2920 1974 2958 a
2005 2920 2143 2959 Carolo
2172 2919 2234 2958 die
2263 2919 2326 2958 24.
2370 2919 2451 2958 Au-

1495 2989 1599 3034 gust.
1638 2985 1796 3034 scripsit
1848 2983 1930 3033 (sed
1978 2983 2123 3032 Italice)
2169 2980 2449 3034 Ephemerides

1496 3046 1779 3098 Neapolitanas
1808 3047 1894 3084 sive
1927 3044 2147 3085 Chronicon
2174 3045 2223 3084 ab
2250 3056 2312 3083 au.
2343 3041 2447 3082 4247

1495 3108 1543 3147 ad
1576 3110 1691 3148 4268.
1719 3109 1836 3160 cujus
1866 3108 2087 3148 versionem
2111 3106 2288 3147 Latinam
2311 3105 2449 3155 vulga-

1500 3175 1555 3211 vit
1585 3173 1874 3224 Papebrochius
1904 3177 2015 3222 parte
2044 3172 2080 3211 2.
2102 3171 2279 3211 Conatus
2302 3168 2350 3207 ad
2375 3168 2449 3208 Ca-

1500 3236 1673 3286 talogum
1702 3234 1932 3274 Pontificum
1959 3245 2044 3286 pag.
2072 3234 2132 3272 40.
2160 3232 2222 3270 49.
2252 3235 2344 3269 tom.
2379 3230 2447 3270 VII
