2517 4009
951 221 1238 261 PETRUS

147 289 341 331 PETRUS
357 289 404 330 de
422 289 569 329 Unzola
586 292 847 331 Bononiensis
860 295 878 331 J
886 294 1062 332 uriscon-

94 355 230 394 sultus
266 358 424 404 praeter
455 351 770 393 Consultationes
800 357 933 395 varias
963 357 1059 395 scri-

92 417 174 468 psit
195 415 402 454 Auroram
426 415 689 455 novissimam
721 418 759 456 in
789 430 907 458 usum
933 419 1057 458 tabel-

90 479 240 518 lionum
271 482 312 516 et
344 478 564 518 scribarum
600 490 722 531 super
755 482 1055 521 continuatione

90 540 245 591 quinti,
271 540 375 578 sexti
400 545 441 578 et
465 541 624 590 septimi
649 544 914 593 capitulorum
942 545 1056 583 Rola-

87 601 219 641 redini
261 601 310 640 de
353 602 592 642 Romaniciis
636 603 680 643 Α.
713 606 830 645 1284.
874 606 1051 646 defuncti

91 664 179 704 Jcti
196 664 474 703 Bononiensis.
494 665 590 704 Vide
608 667 872 707 Trithemium
900 679 934 708 c.
960 668 1051 708 846.

143 724 341 765 PETRUS
357 726 406 765 de
421 725 561 775 Osmo,
579 729 823 767 Oxamensis
840 731 926 769 sive
945 731 1055 769 Usca-

89 788 236 827 mensis
264 789 466 840 Hispanus
494 790 699 829 Professor
736 792 969 842 Theologiae
1014 797 1055 830 et

89 851 317 891 Canonicus
327 851 660 891 Salmanticensis
678 855 839 904 scripsit
850 854 923 892 An.
937 856 950 893 i
965 854 1052 892 479.

88 912 123 962 a)
155 910 302 952 librum
325 912 373 952 de
403 912 680 966 Confessione,
714 918 751 953 in
782 928 861 966 quo
891 921 1055 955 conten—

86 975 144 1015 dit
187 977 489 1016 Confessionem
536 978 879 1017 Sacramentalem
922 989 998 1016 non
1030 980 1050 1017 a

91 1039 258 1078 CHristo
289 1040 530 1087 institutam,
554 1039 624 1078 sed
647 1040 954 1079 Sacramentum
980 1041 1053 1079 Na-

87 1105 201 1141 turae
226 1103 432 1141 invectum
454 1102 503 1141 ab
532 1102 787 1150 hominibus,
813 1107 1052 1153 peccataque

86 1164 267 1203 mortalia
314 1176 391 1204 una
433 1165 568 1204 cordis
597 1167 834 1204 contritione
852 1196 862 1213 ‚
907 1177 1051 1216 pravas

84 1227 346 1277 cogitationes
389 1227 474 1265 sola
510 1227 761 1278 displicentia
807 1227 942 1266 deleri.
972 1228 1050 1266 Nec

82 1295 172 1323 esse
201 1285 470 1324 absolvendos
500 1288 753 1335 poenitentes
784 1287 859 1325 nisi
889 1291 1050 1337 peracta

81 1347 193 1397 prius
217 1347 464 1396 poenitentia
486 1348 545 1386 eis
571 1347 774 1398 injuncta.-
799 1359 874 1385 nec
904 1349 1048 1398 Papam

80 1417 200 1458 posse
221 1406 427 1458 indulgere
451 1408 568 1448 alicui
594 1410 689 1447 vivo
713 1420 881 1459 poenam
907 1420 1052 1460 purga-

82 1470 170 1508 torii
185 1501 196 1519 ,
218 1474 286 1509 aut
310 1469 544 1521 dispensare
569 1471 607 1509 in
624 1472 788 1510 statutis
810 1472 1050 1510 universalis

80 1531 299 1571 Ecclesiae.
323 1531 581 1583 Oppugnavit
604 1544 696 1572 eum
722 1533 913 1583 singulari
936 1533 1050 1572 volu-

85 1595 194 1633 mine
217 1594 390 1633 Joannes
419 1594 716 1634 PREXANUS:
747 1594 1052 1645 Archi-Episco-

83 1665 162 1706 pus
183 1666 279 1694 vero
298 1655 516 1695 Toletanus
533 1657 571 1694 in
590 1656 752 1707 Synodo
774 1657 1048 1708 Complutensi

77 1706 196 1766 jussu
208 1716 409 1756 Pontificis
427 1717 558 1767 ipsum
575 1718 821 1757 anathemati
846 1722 886 1757 et
906 1718 1050 1757 librum

83 1774 172 1826 ejus
189 1775 364 1814 flammis
379 1775 536 1815 addixit
553 1805 561 1825 ,
577 1776 687 1815 unde
711 1776 797 1827 ipse
821 1778 1050 1827 permoveri

81 1848 126 1876 se
154 1847 302 1888 passus
341 1841 405 1876 est
442 1839 571 1889 capita
602 1837 756 1888 objecta
794 1837 976 1889 ejurare,
1007 1843 1051 1878 ut

79 1911 131 1938 ex
154 1899 324 1938 formula
354 1901 374 1938 a
398 1900 573 1939 Barthol.
604 1900 804 1940 Carranza
830 1901 867 1938 in
891 1911 1048 1940 summa

87 1961 354 2002 Conciliorum
379 1962 504 2001 relata
529 1967 651 2013 patet.

138 2022 345 2062 Abiuratio
372 2025 551 2074 Magistri
591 2025 695 2063 Petri
726 2025 969 2064 Oxomensis
1006 2027 1045 2064 in

81 2085 207 2124 forma
249 2096 464 2124 canonum.
506 2085 700 2135 Quoniam
744 2097 812 2137 eqo
855 2087 1047 2137 Mayister

80 2146 230 2186 Petrus
252 2138 254 2140 ¹
276 2147 516 2187 Ooeomensis
546 2159 849 2200 composueram
897 2148 1047 2187 librum

79 2207 347 2266 confessionis,
361 2209 617 2248 continentem
640 2209 851 2249 nonnullas
865 2212 1045 2263 proposi-

75 2269 224 2319 tiones,
250 2281 353 2322 quas
384 2273 476 2309 tunc
500 2269 712 2310 credebam
741 2282 886 2320 veras,
924 2275 962 2310 et
983 2271 1047 2311 de-

75 2331 345 2371 terminationi
382 2336 545 2371 sanctae
587 2332 732 2372 matris
776 2333 980 2372 Ecclesiae
1010 2338 1050 2373 et

76 2393 276 2432 communi
302 2392 476 2444 opinioni
502 2393 708 2432 doctorum
733 2406 926 2434 consonas
941 2429 952 2444 ,
977 2396 1047 2435 sed

76 2455 175 2506 quia
198 2454 376 2507 primum
410 2466 465 2493 eac
503 2453 603 2493 libro
630 2455 693 2493 illo
723 2460 812 2494 orta
840 2461 935 2496 sunt
961 2469 1045 2496 ma-

74 2517 194 2557 oeima
220 2515 415 2556 scandala
440 2516 480 2554 in
508 2515 698 2554 cordibus
724 2516 902 2567 fidelium
923 2548 930 2567 ‚
959 2531 1043 2557 ma-

75 2578 187 2618 oeime
222 2578 263 2617 in
280 2575 471 2629 partibus
495 2577 637 2615 horum
675 2589 915 2628 reynerum,
945 2579 1042 2618 adeo

75 2639 184 2692 quod
205 2638 570 2680 reverendissimus
601 2638 641 2676 in
671 2639 832 2677 Domino
852 2643 970 2691 pater
993 2653 1041 2680 ac

75 2701 266 2740 Dominus
280 2699 611 2752 Archiepiscopus
633 2698 836 2739 Toletanus
851 2702 866 2749 (
874 2700 1039 2753 Alphen-

76 2774 146 2803 sus
164 2762 381 2811 Carillius)
405 2761 645 2801 authoritate
666 2761 889 2813 Apostolica
915 2764 1043 2812 (Sinti

76 2825 149 2874 IV)
178 2824 386 2864 accersitis
427 2836 508 2876 qua
541 2823 732 2875 plurimis
771 2825 976 2875 Mayistris
1004 2830 1042 2865 et

77 2898 222 2927 sacrae
241 2885 469 2938 Theotoqiae
492 2885 743 2934 doctoribus,
767 2890 804 2924 et
821 2885 912 2926 aliis
936 2888 1038 2928 viris

77 2947 359 2987 eruditissimis
377 2978 385 2995 ,
409 2951 568 2986 maturo
596 2947 755 2986 consilio
777 2960 824 2987 ac
844 2947 1038 2988 delibera-

77 3010 178 3048 tione
205 3009 489 3059 pronunciavit
512 3013 550 3047 et
570 3008 791 3048 declaravit
815 3010 962 3049 (lictum
992 3012 1036 3050 li-

79 3068 196 3108 brum
246 3068 444 3106 continere
491 3067 700 3106 nonnullas
750 3070 1035 3121 propositiones

132 3229 166 3267 a)
191 3230 294 3268 Supra
318 3236 349 3267 p.
373 3227 424 3259 58.

132 3277 168 3317 b)
190 3278 314 3310 Natalis
339 3277 522 3309 Alexander
546 3282 626 3310 tom.
648 3279 680 3309 8.
705 3280 825 3312 Hister.
841 3281 964 3314 Eccles.
1008 3293 1039 3323 p.

71 3327 122 3360 m).
145 3336 214 3368 seq.
240 3329 379 3359 lizovius
409 3326 449 3357 ad
475 3332 538 3361 An.
565 3328 656 3361 1570.
682 3337 776 3360 nuni.
801 3332 851 3362 ix.
893 3341 923 3370 p.
972 3332 1038 3364 liis).

2010 229 2082 268 271

1133 292 1289 344 falsas,
1321 293 1568 345 haereticos,
1594 295 1876 346 scandalosas,
1901 298 2006 338 male
2033 311 2095 339 so—

1133 359 1272 395 nantes
1292 360 1329 394 et
1350 369 1564 408 erroneas,
1595 363 1633 398 et
1655 359 1737 399 ideo
1758 359 2066 401 comburendum
2086 395 2093 411 ‚

1126 425 1252 471 prout
1279 422 1317 460 in
1350 423 1541 461 sententia
1573 422 1692 463 latius
1721 424 1952 463 continetur.
1986 428 2093 476 Qua-

1124 487 1293 534 propter
1316 495 1383 535 eyo
1409 484 1623 536 praefatus
1648 485 1839 536 Massister
1858 486 2093 528 desiderans

1129 544 1297 585 salutem
1328 547 1484 586 animae
1515 560 1639 595 meae,
1669 561 1718 587 ac
1742 550 1952 601 proprium
1983 563 2094 590 reco-

1125 619 1318 659 qnoscens
1343 621 1520 648 errorem
1553 614 1589 649 et
1617 610 1770 664 culpam
1792 645 1798 659 ,
1824 612 1909 651 (lieo
1939 617 1976 651 et
2004 626 2094 653 con-

1124 670 1240 721 fiteor
1269 683 1329 710 me
1355 672 1538 721 97·aviter
1567 686 1729 714 errasse
1760 675 1798 712 in
1819 677 2094 727 compositione

1129 733 1226 771 dieti
1247 732 1367 772 libelli
1384 764 1391 781 ,
1412 738 1544 785 utpote
1565 737 1795 776 continentis
1808 739 2095 789 propositiones

1127 794 1257 847 falsas
1275 826 1282 843 ,
1305 807 1497 836 erroneas
1517 830 1527 846 ,
1549 798 1828 843 scanrlalosas,
1855 801 2091 851 haereticas,

1129 861 1167 896 et
1209 857 1313 896 male
1343 863 1541 899 sonantes.
1574 863 1683 910 Quas
1713 866 1757 900 ut
1784 862 1881 902 tales
1910 865 2094 915 confiteor

1131 923 1169 958 et
1191 919 1350 959 declaro
1371 935 1380 959 .·
1400 922 1680 974 summittoque
1697 935 1756 962 me
1777 924 2096 966 determinationi

1127 985 1289 1021 sanctae
1312 984 1456 1023 matris
1474 984 1701 1033 Ecclesiae,
1727 991 1765 1025 et
1777 986 2092 1028 determinationi

1129 1047 1166 1081 et
1193 1046 1408 1084 sententiae
1432 1046 1648 1098 praefatae
1671 1053 1707 1087 et
1722 1048 1909 1101 prolatae
1931 1063 2005 1103 per
2034 1052 2093 1090 (li—

1128 1109 1232 1144 ctum
1256 1108 1632 1149 reverendissimum
1666 1111 1895 1158 Dominum,
1931 1115 1996 1151 cui
2025 1125 2092 1164 eqo

1126 1177 1181 1206 ecc
1197 1179 1301 1206 nunc
1325 1173 1363 1207 et
1379 1171 1603 1222 specialiter
1621 1177 1660 1211 et
1675 1185 1866 1225 eoepresse
1879 1177 2090 1214 assentior.

1126 1233 1164 1267 et
1189 1241 1426 1280 coynoscens
1454 1244 1592 1271 veram
1620 1235 1763 1285 fidem,
1795 1237 2089 1277 anathematizo

1126 1302 1277 1330 omnem
1303 1292 1499 1332 haeresim
1520 1297 1700 1335 maoeime
1732 1310 1817 1336 eam
1843 1298 1889 1337 cle
1918 1311 1998 1351 qua
2021 1300 2091 1339 lia-

1125 1355 1260 1391 ctenus
1279 1364 1365 1392 sum
1388 1354 1606 1406 infamatus
1626 1387 1632 1399 ,
1656 1362 1693 1396 et
1717 1361 1909 1399 consentio
1930 1367 2092 1402 sanctae

1125 1415 1253 1452 matri
1277 1415 1477 1455 Ecclesiae
1506 1420 1708 1458 Romanae
1732 1426 1770 1459 et
1791 1423 1878 1460 secli
1903 1423 2093 1474 Apostoli—

1125 1485 1219 1522 cae,
1252 1479 1290 1513 et
1312 1488 1380 1516 ore
1407 1489 1456 1516 ac
1485 1479 1601 1519 corde
1630 1482 1817 1532 confiteor
1838 1491 2091 1524 sacramenta

1125 1535 1349 1585 Ecclesiae,
1369 1543 1408 1578 et
1426 1539 1535 1579 illam
1554 1541 1673 1592 fidem
1699 1547 1852 1593 tenere,
1878 1557 1997 1597 quam
2019 1550 2091 1586 Do-

1126 1599 1256 1638 minus
1286 1601 1433 1641 Sioetus
1463 1603 1580 1655 Papa
1609 1605 1822 1646 modernus
1852 1608 2093 1650 authoritate

1125 1660 1351 1713 Apostolica
1376 1668 1414 1702 et
1428 1665 1671 1718 Evanyelica
1697 1672 1822 1708 tenet:
1842 1674 1881 1709 et
1896 1683 1972 1723 per
1997 1672 2092 1712 haec

1126 1726 1274 1763 Sancta
1309 1726 1409 1764 DEI
1434 1728 1653 1780 Evanyelia
1682 1742 1813 1770 omnes
1850 1734 1923 1784 qui
1955 1739 2092 1773 contra

1127 1786 1228 1826 lianc
1243 1788 1360 1839 fidem
1381 1791 1584 1840 venerint,
1611 1804 1699 1831 cum
1720 1794 1804 1832 suis
1824 1794 2013 1835 doctrinis
2034 1797 2093 1836 di—

1124 1861 1222 1900 9nos
1250 1854 1416 1890 aeterna
1446 1852 1697 1893 damnatione
1721 1857 1953 1907 pronuncio.

1181 1912 1350 1964 Scripsit
1375 1920 1579 1964 praeterea
1609 1916 1656 1955 de
1685 1919 1978 1969 comparatione
2003 1921 2092 1959 Dei—

1123 1975 1246 2022 tatis,
1280 1977 1543 2028 proprietatis
1573 1982 1611 2017 et
1632 1991 1831 2030 personae
1859 1980 2091 2032 (lisputatio-

1121 2048 1208 2075 nem
1228 2049 1299 2076 seu
1322 2040 1612 2091 repetitionem:
1647 2046 1730 2081 tum
1756 2042 1794 2081 iu
1823 2041 1944 2083 libros
1971 2046 2091 2083 Jleta-

1114 2098 1374 2151 physicorum
1414 2101 1668 2151 Aristotelis,
1705 2109 1745 2142 et
1788 2104 1828 2142 in
1855 2116 1932 2145 sea:
1968 2105 2090 2146 libros

1125 2160 1351 2201 Ethicorom
1396 2163 1606 2213 ejusdem,
1656 2166 1923 2206 Salmanticae
1972 2168 2088 2208 4496.

1122 2223 1248 2268 Quam
1276 2225 1395 2263 fuerit
1411 2230 1546 2264 autem
1566 2227 1632 2264 Vir
1650 2228 1811 2266 minime
1828 2234 2090 2269 contemnen—

1121 2283 1222 2333 dus,
1247 2297 1295 2324 ex
1322 2286 1395 2325 hoc
1418 2285 1576 2325 Antonii
1602 2289 1878 2328 Nebrissensis
1909 2294 2088 2330 testimo—

1120 2347 1184 2384 nio
1231 2358 1471 2397 cognoscere
1496 2348 1639 2398 juvat:
1672 2352 1825 2399 Quanto
1856 2352 2007 2402 inqenio
2051 2358 2089 2392 et

1121 2407 1342 2448 eruditione
1358 2409 1487 2462 fuerit
1501 2411 1698 2462 Mayister
1716 2413 1862 2452 Petrus
1881 2415 2083 2454 Ooeomen-

1117 2470 1173 2508 sis
1191 2471 1200 2519 ί
1217 2472 1254 2508 in
1280 2470 1470 2523 Apoloyia
1496 2475 1624 2524 inquit
1641 2486 1782 2514 earum
1799 2488 1937 2514 rerum
1956 2508 1963 2523 ,
1982 2489 2084 2528 quae

1116 2530 1197 2570 sibi
1237 2532 1530 2586 objicerentur)
1567 2547 1676 2574 nemo
1706 2541 1766 2575 est
1805 2539 1878 2588 qui
1911 2539 2082 2588 iniceret.

1115 2603 1204 2630 cum
1224 2597 1316 2644 post
1341 2595 1539 2634 Tostatzcm
1570 2596 1678 2635 illum
1694 2630 1702 2644 ,
1730 2599 1902 2638 onmium
1925 2601 2080 2652 suilieio

1115 2653 1223 2704 apud
1246 2666 1315 2694 nos
1334 2655 1483 2707 fuerit,
1510 2662 1646 2697 nostra
1676 2664 1804 2699 aetate
1832 2661 1869 2699 in
1896 2674 1915 2698 o
1962 2665 2082 2715 niyc-

1112 2726 1208 2753 nere
1236 2715 1441 2756 doctrinae
1473 2718 1592 2770 facile
1626 2722 1823 2774 princeps.
1852 2725 1889 2762 Is
1916 2724 1997 2776 fuit
2027 2740 2083 2765 ea?

1108 2777 1290 2828 portione
1309 2777 1584 2831 beneficiarius
1606 2783 1645 2820 in
1671 2784 1845 2824 Ecclesia
1869 2786 2082 2827 Salmanti-

1114 2839 1223 2876 censi
1250 2842 1354 2888 (non
1383 2854 1476 2892 ergo
1501 2844 1756 2892 Canonicus,
1784 2848 1853 2885 sed
1886 2852 2080 2898 portiona—

1112 2900 1220 2948 rius,
1245 2906 1380 2941 contra
1400 2904 1434 2941 id
1456 2906 1559 2955 quod
1588 2907 1752 2946 aliorum
1773 2909 1888 2948 fidem
1916 2915 2076 2962 sequuti

1116 2960 1292 3002 diximus
1312 2964 1321 3014 )
1351 2976 1414 3003 cui
1439 2978 1494 3005 αι’
1514 2967 1656 3006 decani
1677 2976 1713 3007 et
1737 2970 1903 3021 capituli
1923 2970 2077 3012 decreto

1108 3022 1286 3074 a'ei'eqata
1308 3026 1390 3078 fuit
1403 3030 1612 3079 provincia
1638 3029 1759 3069 libros
1778 3032 2073 3074 Ecclesiasticos

1108 3085 1362 3135 emendandi,
1385 3091 1586 3142 proposita
1614 3092 1679 3130 illa
1706 3094 1880 3133 mercede
1897 3094 2046 3135 laboris
2064 3129 2072 3145 ‚

1104 3247 1170 3276 Nic.
1198 3249 1363 3279 Antonius
1389 3250 1447 3280 t.2
1473 3249 1628 3281 Biblioth.
1655 3253 1817 3291 Hispanas·
1833 3255 1952 3285 veteris
1969 3255 2006 3286 x.
2028 3254 2072 3285 12.

1109 3303 1140 3332 p.
1165 3295 1238 3325 205.
1270 3304 1337 3335 seq.
