2533 4009
431 231 482 270 64
1002 252 1006 253 ⁷
1199 222 1622 263 MEERHOUT

435 310 549 349 ⁴230.
573 320 617 347 ae
641 308 753 347 iso-2.
780 306 917 354 Capita
940 303 1108 341 CLXlV.
1133 305 1169 340 in
1200 304 1387 341 celeberr.

433 370 651 410 Muratorii
668 369 854 406 thesauro
877 366 1121 414 Scriptorum
1142 365 1276 402 ltaliae
1295 371 1388 402 tom.

433 434 535 471 Xl'l.
561 443 646 481 pag.
678 430 767 466 641.
802 426 894 463 840.
933 425 1027 464 Vide
1057 427 1175 463 etiam
1207 436 1308 474 quae
1341 424 1389 462 dc

434 491 712 532 Mediolanensi
745 489 916 527 Civitate
941 492 1060 536 atque
1087 487 1124 524 in
1151 487 1189 525 S.
1225 485 1384 524 Ambro-

434 557 561 600 sium⁷
587 555 624 590 in
650 549 829 589 eiusdem
869 548 1045 587 thesauri
1073 553 1167 585 tom.
1198 549 1244 586 ΙΙ.
1279 551 1390 598 parte

435 618 470 654 2.
497 627 582 665 pag.
619 612 708 649 088.
730 611 819 648 689.
845 611 900 648 De
940 610 1129 649 thesauro
1154 610 1218 647 illo
1254 610 1321 658 qui
1351 612 1392 645 et

432 680 514 726 ipse
557 673 760 713 Mediolani
802 670 1038 719 excuditur,
1077 675 1116 708 et
1154 671 1270 709 cuius
1311 671 1387 708 iam

431 737 573 776 XXIV.
605 736 701 772 tomi
739 732 947 783 prodiere,
978 732 1058 770 dixi
1091 733 1126 768 in
1163 732 1390 781 Conspectu

433 797 610 836 thesauri
645 795 826 833 litterarii
856 794 1016 838 ltaliae,
1039 794 1174 831 llamb.
1204 793 1319 831 4730.
1352 793 1388 828 8.

432 858 632 899 Andream
660 857 854 895 Alciatum
872 887 882 902 ,
908 856 1137 893 Tristanum
1168 854 1390 897 Chalcum,

432 927 471 959 et
493 921 590 959 alios
606 919 654 957 de
672 918 791 957 rebus
807 916 1392 964 Mediolanensibusscriptores

432 982 611 1020 exhibuit
635 980 959 1029 elegantissimus
978 977 1175 1015 Graevius
1198 983 1306 1012 tomo
1332 985 1393 1011 se-

431 1043 562 1082 cundo
586 1047 625 1081 et
648 1043 764 1080 tertio
786 1040 1080 1088 Antiquitatum
1100 1037 1245 1084 ltaliae,
1265 1040 1308 1074 ut
1328 1047 1395 1072 no-

431 1110 557 1143 tatum
587 1105 622 1140 in
646 1102 784 1139 eodem
811 1102 1039 1148 Conspectu
1060 1109 1144 1147 pag.
1167 1098 1230 1135 82.
1251 1107 1335 1145 seq.
1356 1097 1392 1133 in

429 1177 508 1216 quo
534 1177 619 1215 pag.
641 1164 730 1200 293.
757 1173 843 1210 seq.
863 1164 1070 1210 praeterea
1089 1159 1306 1197 laudantur
1327 1159 1394 1207 qui

432 1228 636 1265 historiam
671 1223 905 1261 litterariam
938 1220 1272 1259 Mediolanensem
1310 1219 1397 1258 illu-

431 1286 636 1326 strandam
663 1285 736 1323 sibi
760 1294 959 1323 sumsere.
985 1283 1051 1320 llis
1076 1281 1200 1320 addes
1229 1279 1398 1318 Bartho-

434 1348 577 1387 lomaei
601 1347 719 1387 Corte
743 1346 830 1383 sive
854 1345 982 1383 Curtii
1004 1344 1166 1381 notitias
1187 1342 1397 1380 historicas

433 1411 481 1448 de
507 1409 668 1448 Medicis
709 1405 972 1457 scriptoribus
1004 1403 1395 1450 Mediolanensibus,

432 1471 637 1511 Mediolan.
662 1469 778 1509 4718.
804 1468 838 1505 4.
856 1472 895 1505 et
913 1465 1073 1517 Josephi
1086 1464 1248 1503 Antonii
1262 1463 1396 1513 Saaeii,

433 1533 695 1572 eruditissimi
722 1531 796 1568 viri
821 1528 870 1568 de
900 1528 1046 1567 studiis
1083 1528 1285 1566 litterariis
1321 1527 1399 1564 Me-

432 1595 725 1633 diolanensium
749 1592 926 1641 antiquis
943 1595 982 1628 et
1000 1591 1114 1628 novis
1139 1588 1395 1640 prodromum

433 1656 481 1695 ad
507 1657 711 1694 historiam
751 1653 943 1691 litterario
968 1652 1293 1702 typographicam
1319 1653 1397 1689 Me-

433 1719 707 1757 diolanensem
743 1714 856 1755 ⁴729.
885 1716 921 1752 8.
958 1716 1118 1752 Praeter
1142 1712 1242 1750 hanc
1273 1713 1394 1751 histo-

435 1782 558 1826 riam,
604 1790 723 1828 quam
763 1782 949 1827 optamus
982 1786 1102 1824 quam
1143 1776 1314 1823 primum
1356 1775 1393 1811 in

433 1842 518 1880 dias
558 1840 720 1879 luminis
764 1848 883 1876 auras
926 1837 1117 1887 proferri,
1160 1840 1394 1886 exspectare

434 1905 553 1942 etiam
582 1902 765 1940 iubemur
788 1900 846 1937 J0.
871 1897 1067 1948 Casparis
1089 1898 1283 1943 Hermae,
1318 1899 1398 1936 Mo-

433 1964 547 2003 nachi
571 1963 804 2002 Casinensis
823 1991 830 2009 ,
852 1965 893 1999 et
916 1961 1097 1998 Doctoris
1119 1961 1156 1997 in
1178 1960 1396 2008 Gymnasio

435 2027 635 2064 'ticinensi
662 2024 809 2075 publici
834 2023 1047 2062 Historiam
1074 2023 1306 2060 litterariam
1333 2021 1401 2059 Se-

436 2093 555 2126 natus
581 2085 901 2125 Mediolanensis.

489 2149 510 2170 ³*
539 2149 648 2194 Quae
680 2148 743 2185 hic
774 2146 975 2184 Fabricius
1021 2145 1144 2184 tantis
1174 2144 1279 2183 votis
1308 2154 1402 2181 exo-

435 2215 545 2262 ptat,
577 2220 683 2247 nunc
725 2207 887 2246 tandem
923 2206 1198 2250 obtinuimus3
1231 2216 1321 2243 nam
1352 2204 1401 2241 cl.

437 2273 581 2311 Saxius
613 2269 800 2321 produxit
839 2267 1000 2306 tandem
1033 2267 1256 2304 historiam.
1286 2270 1402 2315 typo—

435 2334 621 2384 graphico
648 2332 876 2369 Literariam
903 2328 1237 2367 Mediolanensem
1258 2356 1266 2375 ,
1286 2328 1400 2365 cuius

438 2394 555 2433 fidem
587 2393 752 2431 dederat
783 2393 818 2429 in
851 2390 1059 2441 prodromo
1091 2390 1152 2428 hic
1181 2401 1203 2427 a
1227 2389 1402 2427 Fabricio

439 2456 621 2494 indicato.
654 2456 800 2493 Lucem
846 2452 1048 2503 publicam
1080 2452 1237 2501 aspexit
1267 2450 1402 2488 lauda-

437 2518 638 2555 tissimum
683 2526 782 2566 opus
823 2513 1029 2555 Mediolani
1068 2524 1130 2551 an.
1164 2512 1281 2551 4745.
1310 2517 1350 2549 et
1379 2523 1402 2550 a

437 2583 575 2629 coepta
620 2576 824 2615 Mediolani
868 2574 1144 2625 Typographia
1175 2573 1210 2611 id
1258 2577 1320 2611 est
1353 2573 1401 2611 ab

439 2640 513 2678 An.
546 2640 660 2678 4465.
691 2638 755 2676 vel
788 2638 904 2676 4469.
935 2636 983 2675 ad
1014 2647 1078 2674 an.
1122 2646 1252 2685 usque
1284 2634 1399 2673 4500.

440 2700 683 2751 perducitur.
723 2698 932 2737 Accedunt
973 2697 1204 2747 appendicis
1247 2697 1331 2734 loco
1363 2698 1399 2734 in

443 2762 521 2799 [ine
545 2761 735 2810 epistolae
758 2760 881 2809 duae,
903 2771 1071 2809 quarum
1098 2760 1202 2809 prior
1226 2762 1289 2796 est
1309 2759 1403 2797 Car-

443 2821 586 2859 dinalis
609 2820 763 2866 Quirini
792 2820 839 2858 ad
866 2820 1030 2858 Saxium
1060 2819 1109 2857 de
1135 2820 1401 2857 Brixiensium

443 2894 609 2922 suorum
636 2883 673 2919 in
702 2892 742 2918 re
763 2880 1046 2931 typographica
1073 2881 1253 2927 meritis;
1278 2880 1401 2916 altera

445 2945 566 2991 Saxii,
597 2955 676 2993 qua
707 2943 758 2980 illi
789 2941 1016 2991 respondet.
1048 2941 1248 2989 Integram
1279 2941 1400 2977 etiam

446 3006 689 3055 Scriptorum
721 3003 1073 3042 Mediolanensium
1118 3001 1400 3038 Bibliothecam

446 3066 639 3104 babemus
659 3065 844 3103 traditam
876 3076 896 3102 a
926 3063 973 3101 cl.
1006 3062 1182 3110 Philippo
1203 3060 1401 3110 Argelati,

444 3137 634 3163 excusam
678 3125 884 3164 Mediolani
915 3136 978 3163 an.
1025 3123 1140 3162 4745.
1171 3125 1261 3171 (una
1308 3132 1398 3160 cum

448 3186 552 3224 Saxii
583 3189 659 3235 op.)
685 3187 762 3224 vol.
796 3187 830 3223 4.
855 3187 892 3223 in
925 3185 988 3223 fol.

499 3246 671 3285 Ioannes
683 3247 968 3287 MEERHOUT.
987 3246 1113 3295 Supra
1132 3249 1159 3282 t.
1177 3245 1238 3282 IV.
1256 3256 1293 3294 p.
1309 3243 1397 3283 388.

501 3308 763 3347 Mlti-'lstffl'rtl
780 3339 790 3356 ,
813 3309 1062 3357 Germanus,
1089 3305 1300 3356 Presbyter
1331 3307 1397 3344 Mi-

1465 300 1624 339 snensis
1650 297 1851 337 Ecclesiae
1879 301 1979 339 circa
2012 299 2085 338 An.
2117 300 2218 339 4443
2252 301 2327 339 sub
2354 299 2418 338 Jo-

1465 372 1567 400 anne
1593 360 1786 410 Episcopo
1816 360 2027 408 Misnensi‚
2053 366 2092 398 et
2116 366 2323 411 superstes
2351 361 2420 400 ad-

1467 423 1545 460 huc
1568 422 1643 459 An.
1672 422 1685 459 4
1699 419 1786 458 476.
1810 419 1908 470 Ejus
1924 421 2115 461 Hortalus
2132 422 2313 472 laminae,
2335 423 2420 460 sive

1465 484 1680 522 Sermones
1710 480 1758 518 de
1799 481 1956 519 Sanctis
1985 488 2024 520 et
2058 485 2323 522 Dominicales
2351 495 2421 533 per

1465 555 1615 582 annum
1644 543 1841 591 integrum
1873 541 2052 592 prodiere
2079 546 2114 582 in
2148 545 2209 583 fol.
2233 546 2318 583 sine.
2338 544 2422 582 loco

1466 610 1506 643 et
1527 615 1643 651 anno,
1672 608 1756 641 tum
1776 603 1947 641 Norimb.
1968 604 2081 642 4487.
2104 607 2166 645 fol.
2184 607 2300 645 Basil.
2321 603 2422 643 1488

1467 666 1529 703 sol.
1557 664 1625 703 sed
1652 669 1693 703 et.
1718 665 1908 702 Monachii
1934 664 2327 719 4645.B.Virginem
2354 673 2424 704 im*—

1468 737 1629 763 munem
1655 725 1703 763 ab
1728 725 1906 775 originali
1933 725 2021 763 labe
2047 726 2170 765 fuisse
2193 733 2309 779 negat
2333 727 2426 766 Mef—

1468 786 1622 824 frethus
1638 817 1648 833 ,
1675 787 1778 835 quod
1806 786 2112 836 reprehenditur
2127 788 2176 825 ab
2191 788 2420 836 editoribuS,

1465 852 1587 896 atque
1611 848 1836 885 JOANNES
1859 848 1886 886 ὰ
1905 847 2051 898 Lapide
2069 848 2362 888 carthusianus
2387 851 2425 886 in

1468 909 1779 957 praemonitione
1787 908 1833 945 ad
1844 909 2111 947 Basileensem
2125 909 2337 948 editionem
2351 921 2426 948 non

1468 968 1624 1006 dubitat
1643 968 1854 1006 haereseos
1877 980 2043 1019 arguere
2067 981 2174 1014 eum,
2198 970 2427 1020 quicunque

1470 1035 1559 1080 post
1582 1030 1874 1080 promulgatam
1901 1029 1949 1067 ab
1965 1029 2178 1069 Academia
2206 1032 2427 1079 parisiensi,

1469 1091 1644 1129 Concilio
1662 1091 1878 1128 Basileensi
1897 1092 2060 1130 et-Sixto
2080 1094 2142 1131 lV.
2160 1094 2347 1132 Pontifice
2363 1093 2431 1131 de-

1470 1154 1692 1191 finitionem
1717 1154 1969 1201 contrariam,
1988 1153 2090 1191 idem
2109 1165 2201 1193 cum
2226 1154 2431 1194 Maffretho

1470 1216 1668 1253 affirmare
1694 1225 1773 1253 nou
1794 1214 1961 1252 dubitat.
1979 1214 2076 1253 Vide
2094 1217 2138 1254 H.
2163 1215 2428 1254 Warthonum

1470 1277 1516 1314 ad
1544 1278 1745 1323 Caveum,
1764 1280 1804 1313 et
1828 1277 1885 1313 Jo.
1911 1275 2145 1315 Godfridum
2167 1276 2366 1316 Olearium
2393 1277 2430 1314 in

1471 1338 1569 1376 Bibl.
1594 1339 1833 1388 scriptorum
1860 1337 2012 1376 Eccles.
2039 1349 2124 1389 pag.
2154 1340 2244 1378 484.

1527 1400 1906 1439 ΜΕΟΕΝΡΒΕΒΠΒ
1943 1400 2029 1438 sive
2065 1398 2352 1452 Meqinfridus‚
2382 1411 2432 1438 ex

1472 1461 1661 1501 Fuldensi
1686 1461 1876 1500 Monacho
1900 1460 1993 1499 Ord.
2018 1461 2164 1499 Bened.
2192 1461 2256 1500 ubi
2281 1461 2434 1500 schola-

1473 1537 1561 1563 rum
1584 1525 1760 1574 regimen
1786 1523 1861 1561 An.
1887 1523 1977 1560 986.
2004 1527 2238 1574 susceptum
2265 1534 2336 1574 per
2363 1534 2434 1562 an-

1472 1599 1545 1626 nos
1568 1587 1711 1626 XXIV.
1735 1586 1886 1635 gessit,
1915 1586 2103 1636 Magister
2142 1585 2434 1636 parthenopoli--

1469 1655 1590 1688 tanus
1630 1650 1716 1686 sive
1760 1649 2014 1698 Praepositus
2051 1648 2429 1699 Magdeburgeusis,

1471 1714 1573 1749 inter
1591 1711 1808 1749 llistoricos
1823 1710 2016 1748 eximium
2034 1710 2164 1749 locum
2190 1711 2432 1761 promeritus

1473 1775 1576 1811 circa
1601 1773 1675 1812 An.
1701 1772 1816 1811 4040.
1838 1771 1934 1810 Vide
1970 1771 2175 1810 Trithemii
2212 1773 2431 1823 Epistolam

1475 1834 1578 1884 apud
1599 1835 1850 1874 Lambecium
1872 1838 1966 1871 tom.
1991 1834 2026 1871 3.
2043 1845 2130 1884 pag.
2156 1834 2246 1873 342.
2268 1839 2307 1873 et
2331 1845 2434 1884 quae

1479 1897 1582 1935 idem
1608 1896 1854 1934 Trithemius
1881 1897 1918 1933 in
1937 1896 2432 1947 ChronicoHirsaugiensi:

1475 1963 1571 1996 tom.
1599 1960 1634 1997 4.
1660 1969 1746 2007 pag.
1785 1958 1873 1996 428.
1905 1968 1989 2007 seq.
2014 1958 2227 2008 allatisque
2251 1959 2273 1996 a
2299 1958 2435 1996 Vossio

1476 2031 1562 2070 pag.
1590 2020 1679 2058 360.
1706 2030 1789 2069 seq.
1816 2025 1855 2057 et
1876 2019 2105 2070 Christoph.
2129 2022 2318 2058 Browero
2333 2019 2436 2057 anti—

1475 2083 1634 2131 quitatt.
1663 2081 1850 2120 Fuldens.
1876 2081 1942 2119 lib.
1967 2083 2002 2119 4.
2027 2092 2112 2130 cap.
2131 2081 2192 2119 44.
2210 2079 2311 2118 adde
2338 2080 2434 2118 haec

1475 2143 1692 2180 Jo.Latomi
1712 2142 1814 2192 apud
1833 2141 2109 2180 Menckenium
2141 2152 2205 2178 τον
2221 2151 2436 2194 μακαριτον

1478 2209 1571 2242 tom.
1599 2206 1636 2242 3.
1661 2206 1899 2253 scriptorum
1932 2214 2008 2240 rer.
2046 2203 2317 2241 Germanicar.
2348 2213 2434 2252 pag.

1479 2266 1567 2303 440.
1592 2265 1670 2304 sect
1699 2265 1738 2303 in
1773 2268 2022 2303 contrarium
2054 2268 2101 2302 ut
2134 2275 2201 2314 eqo
2234 2263 2432 2308 sentiam,

1475 2327 1707 2377 Meginfridi,
1724 2325 1986 2365 solidissimae
2001 2325 2258 2364 authoritatis
2277 2324 2361 2365 viri
2374 2335 2434 2362 me

1476 2387 1670 2440 compellit
1708 2388 1954 2426 adamussim
1976 2387 2181 2439 exquisita
2204 2386 2432 2438 dili'yentia,

1475 2451 1546 2502 qui
1566 2449 1806 2502 temporibus
1831 2450 1979 2488 Ottums
2002 2450 2167 2488 secundi
2184 2453 2221 2488 et
2235 2449 2345 2487 tertii
2358 2449 2436 2486 Im-

1471 2517 1706 2563 peratorum
1732 2511 1947 2549 monachus
1972 2510 2126 2549 Fulclae
2149 2511 2285 2550 vivens
2306 2511 2344 2548 in
2365 2509 2436 2548 liu-

1476 2574 1631 2623 manis,
1657 2575 1777 2612 libros
1804 2574 1946 2612 XXlV.
1973 2573 2226 2612 historiarum
2257 2572 2306 2610 de
2335 2577 2435 2610 tem-

1477 2635 1640 2685 poribus
1664 2634 1824 2673 Gratiae
1849 2633 2088 2685 composuit,
2115 2635 2157 2671 in
2185 2632 2329 2685 quibus
2362 2631 2435 2671 ali-

1477 2701 1536 2735 ter
1560 2695 1681 2735 multo
1706 2696 1829 2735 sensit
1849 2707 1897 2733 ac
1920 2695 2085 2745 scripsit
2106 2706 2225 2746 quam
2252 2698 2436 2732 auctores

1478 2758 1621 2797 incerti
1643 2768 1775 2795 omnes
1807 2757 2027 2795 memorati.
2058 2758 2135 2795 Hos
2167 2757 2284 2794 libros
2319 2766 2436 2794 nemo

1477 2820 1607 2858 adhuc
1624 2849 1633 2865 ,
1658 2819 1763 2868 quod
1787 2820 1907 2856 sciam
1936 2817 2097 2867 protulit
2119 2818 2156 2854 in
2179 2817 2308 2856 lucem
2331 2846 2339 2863 ,
2370 2827 2437 2855 ne-

1475 2892 1553 2930 que
1583 2882 1681 2918 satis
1707 2880 1799 2917 mihi
1823 2882 1981 2917 constat
2014 2880 2065 2916 sit
2091 2890 2140 2916 ne
2165 2879 2213 2917 ab
2238 2879 2434 2918 Chronico

1476 2941 1596 2978 hocce
1611 2940 1770 2978 diversa
1793 2939 1959 2978 historia
1977 2939 2184 2979 Fuldenszs
2203 2930 2434 2978 monasterii

1476 3013 1595 3050 quam
1624 3001 1726 3038 idem
1746 3001 1991 3039 Trithemius
2009 3003 2066 3039 ait
2085 3001 2360 3051 Meginfridum
2378 3000 2436 3038 in—

1476 3065 1534 3100 ter
1554 3065 1712 3100 caetera
1733 3061 1877 3112 inqenii
1893 3062 1960 3100 sui
1974 3061 2166 3113 opuscula
2179 3062 2433 3113 complexum

1474 3122 1712 3173 diligenter,
1737 3124 1914 3162 Abbates
1933 3124 2113 3174 singulos
2134 3122 2356 3162 secundum
2372 3133 2436 3160 or-

1474 3184 1606 3223 dinem
1640 3187 1832 3235 temporis
1857 3185 1928 3223 sibi
1955 3185 2178 3224 adinvicem
2217 3183 2436 3223 succeden-

1474 3251 1536 3284 tes
1581 3248 1825 3295 inseruisse,
1856 3251 1896 3285 et
1927 3248 2048 3286 unius
2089 3246 2284 3297 cujusque
2319 3250 2431 3297 gesta

1473 3307 1646 3347 breviter
1670 3310 1957 3348 annotavisse:
1984 3319 2120 3348 eorum
2144 3318 2298 3360 quoque
2338 3310 2434 3349 Coe-
