2566 4009
875 235 1299 275 MATTHAEUS
2021 242 2071 282 47

87 312 153 351 454
164 311 200 349 3.
216 320 350 348 eoram
365 309 513 348 Senatu
523 306 744 360 populoque
760 306 948 346 Firmano
959 306 1028 345 ha-

1156 308 1454 348 MATTHAEUS
1485 308 1690 349 Candulus
1716 311 1932 352 Leontinus
1949 341 1957 359 ,
1976 313 2071 351 scri-

85 371 204 411 bitam
222 403 232 420 ‚
259 384 337 422 qua
360 372 466 421 origo
499 375 540 408 et
563 382 627 408 res
651 376 786 421 gestae.
824 371 1030 408 Fit-manao
1104 376 1191 421 ptor
1215 369 1264 408 de
1290 371 1410 410 rebus
1435 372 1581 411 Siculis
1606 373 1654 412 ab
1687 373 1734 413 Α.
1774 374 1821 413 C.
1865 374 1981 414 4435.
2020 374 2068 413 ad

86 435 269 474 Civitatis
287 435 337 472 ita
361 433 583 471 luculenter
607 438 861 484 exponuntur
879 462 886 478 ,
904 437 945 470 ut
961 431 1034 470 Ar-

82 496 210 536 chivis
234 495 348 534 Urbis
368 494 486 545 digna
508 494 684 545 judicata
712 496 842 534 fuerit.
867 495 1035 544 Scripsit

82 559 199 597 etiam
219 557 342 597 vitam
361 560 490 597 Patrui
523 560 582 597 sui
610 556 800 597 Vincentz'i
822 555 1009 595 Bandellz'
1023 588 1034 606 ,

80 620 433 672 MagistriOrdinis‚
445 621 506 659 cui
519 632 552 659 a.
567 623 580 660 4
593 621 680 660 504.
701 620 884 658 morienti
899 619 1038 658 adfuit..

83 682 135 722 Et
149 694 197 721 ex
216 683 350 722 Italico
365 683 529 721 Joannis
548 683 743 722 Boccaccii
761 681 956 721 Certaldei
976 684 1045 722 La-

83 745 166 783 tine
189 746 310 782 vertit
335 746 425 793 (non
451 750 495 783 ut
509 746 728 783 possevino
746 745 965 794 Vossioque
982 747 1038 783 vi-

85 818 173 846 sum
198 818 247 846 ex
270 808 404 846 Latino
422 807 582 857 Italice.)
611 806 685 846 Titi
710 807 898 858 Romani,
938 808 1038 859 Ερε-

82 868 234 922 sipique
256 867 504 908 Athenienses
512 868 694 922 fabulam
711 870 755 909 de
772 882 870 909 vera
883 871 1036 909 ratione

81 932 297 981 amicitiae,
317 931 520 983 ediditque
538 934 743 972 Mediolani
762 933 877 972 4509.
907 935 943 972 8.
981 935 1035 973 De

83 995 170 1034 aliis
188 994 293 1045 ejus,
315 999 356 1033 et
379 1005 482 1044 quae
505 995 638 1034 italice
670 997 847 1046 scripsit,
863 996 959 1034 Vide
975 998 1038 1035 Ja-

82 1058 223 1097 cobum
252 1057 477 1097 Echardum
499 1057 547 1096 de
572 1058 833 1108 scriptoribus
865 1059 1038 1098 Domini-

1 1138 6 1142 ·
84 1122 196 1160 canis
219 1122 309 1159 iom.
329 1121 364 1159 2.
391 1132 475 1172 pag.
504 1121 592 1160 455.
618 1133 698 1171 seq.
733 1122 799 1171 qui
841 1120 942 1159 idem
983 1126 1039 1159 te-

82 1187 213 1222 statur
238 1184 276 1221 in
301 1184 405 1221 vivis
430 1182 563 1221 adhuc
590 1184 715 1222 fuisso
740 1184 853 1222 Anno
878 1184 994 1223 4555.

134 1245 225 1293 (284
263 1244 371 1283 Idem
410 1256 526 1294 opere
566 1245 699 1283 italice.
735 1246 959 1296 conscripto
988 1247 1039 1284 Le

83 1304 245 1346 Novelle
279 1307 410 1345 Lucca
449 1305 658 1357 Busdrayo
695 1307 809 1346 4554.
845 1313 885 1345 et
925 1308 1040 1346 Lz'one

85 1369 200 1409 4573.
222 1369 300 1408 νο1.
325 1369 388 1408 lV.
412 1369 446 1406 4.
470 1367 616 1406 Mz'lano
642 1368 757 1408 4559.
798 1371 885 1408 Ven.
923 1371 1040 1409 4566.

83 1433 118 1470 4.
144 1430 302 1470 Londra
327 1429 442 1470 4740.
476 1431 509 1469 4.
549 1429 648 1468 Jbz'd.
691 1430 882 1479 (Livorno)
923 1431 1037 1471 4796.

81 1495 159 1533 vol.
185 1495 254 1533 IX.
276 1494 313 1532 8.
351 1492 497 1532 Milano
535 1494 652 1532 4845.
675 1493 754 1531 vol.
780 1495 845 1532 lx.
868 1493 931 1533 46.
957 1506 1042 1544 per-

83 1558 259 1596 maxime
279 1556 458 1595 celebris.
485 1554 673 1595 L’Ecuba
695 1554 731 1594 d*
745 1555 937 1608 Euripide
956 1559 1039 1595 tra-

82 1619 360 1668 dotta‚··Roma
385 1619 500 1659 4846.
528 1619 577 1666 4.)

135 1681 428 1723 MATTHAEUS
453 1683 619 1722 Renaud
658 1681 958 1734 Bapalmensis.
988 1694 1036 1721 ex

81 1747 199 1797 Regis
221 1744 370 1784 Galliae
394 1744 523 1784 Caroli
544 1746 612 1784 Vl.
649 1746 908 1785 Confessario
949 1746 1040 1796 Epi-

86 1819 230 1859 scopus
256 1807 437 1847 in'Gallia
454 1810 716 1847 Bononiensis
733 1810 818 1846 sive
835 1808 1042 1846 Bolonien-

85 1873 141 1909 sis
161 1871 209 1909 ab
233 1870 277 1909 A.
305 1871 417 1909 4403.
435 1870 483 1909 ad
504 1871 618 1911 4444.
638 1871 804 1922 Scripsit
823 1872 928 1909 Vitas
944 1871 1040 1908 Pon-

85 1933 241 1985 tificum.
265 1935 543 1973 Romanorum.

140 1996 432 2035 MATTHAEUS
451 1996 497 2035 de
521 1995 806 2049 Bappenheim‚
827 1997 927 2035 infra
944 1997 1042 2036 Mat-

0 2117 3 2125 .
84 2058 221 2098 thaeus
239 2058 286 2098 de
309 2058 580 2111 Pappenheim.

137 2122 226 2172 (285
255 2122 511 2162 MATTAEUS
539 2122 585 2161 de
613 2120 850 2162 Bendinellz's
872 2134 891 2161 a
927 2121 1051 2172 burgo

82 2185 245 2223 Mozano
269 2185 324 2234 (in
350 2184 528 2223 districto
546 2186 729 2234 Lucensi)
749 2187 894 2224 artium
914 2189 953 2221 et
973 2195 1052 2222 me-

85 2247 237 2286 dicinae
261 2246 399 2286 doctor
418 2249 590 2286 eximius
615 2251 813 2287 tractatus
830 2247 876 2286 (le
892 2246 1052 2286 Balneis

18 2335 23 2340 -
83 2307 326 2349 Lucensibus
349 2313 387 2349 et
402 2311 534 2362 primo
555 2310 601 2349 cle
626 2309 763 2349 balneo
786 2309 905 2349 vallae
930 2322 1049 2360 quem

83 2374 306 2422 composuit
325 2383 359 2411 a.
377 2373 433 2412 sal
457 2373 571 2412 4483.
592 2374 835 2423 Impressum
848 2374 998 2411 Pisciae
1015 2383 1047 2410 a.

87 2445 118 2472 s.
148 2433 546 2480 MCCCCLXXXlX)
578 2435 665 2483 (dic
694 2437 784 2474 XX.
809 2434 909 2485 junii
943 2436 977 2472 in
1011 2434 1046 2473 4.

86 2496 240 2534 Caract.
258 2496 407 2546 gotha
425 2496 460 2534 d.
477 2496 561 2535 vid.
579 2497 663 2535 libr.
681 2496 871 2535 indictum
891 2497 1050 2547 Operat-

89 2560 124 2596 te
152 2555 216 2596 del
243 2557 338 2597 Cav.
365 2558 409 2596 G.
435 2557 578 2597 Molinz'
595 2560 669 2596 Fir.
697 2559 810 2597 4858.
837 2570 920 2608 pag.
959 2559 1046 2597 449.

92 2619 158 2658 ubi
193 2631 257 2659 an.
296 2621 409 2660 4483.
441 2626 480 2660 et
511 2622 626 2660 4489.
665 2623 801 2659 verius
836 2620 1048 2671 legendum

88 2681 199 2733 Opus
222 2693 408 2722 recusum
434 2683 531 2722 libro
555 2682 601 2722 de
635 2682 794 2722 Balneis
824 2684 919 2722 Ven.
937 2685 1045 2722 lunt.

91 2746 208 2785 4553.
233 2745 295 2784 fol.
324 2745 413 2783 vide
431 2746 686 2785 Mazzuchelli
707 2747 775 2784 804
788 2748 808 2795 ,1

143 2808 433 2848 MATTHAEUS
456 2808 711 2847 Bononiensis
729 2809 852 2847 Italus
868 2809 915 2847 ab
934 2810 1047 2847 Anno

97 2869 210 2908 4405.
231 2869 437 2910 Generalis
459 2870 618 2910 Ordinis
640 2873 831 2910 Minorum
847 2903 857 2920 ,
883 2871 931 2910 de
970 2883 1047 2921 quo

94 2932 336 2970 Possevinus
355 2933 392 2970 in
417 2938 608 2983 apparatu
629 2938 668 2972 et
693 2934 834 2984 Alegre
862 2936 898 2972 in
938 2946 1049 2984 para-

92 2993 178 3032 diso
207 2993 445 3032 Carmelitici
471 2995 624 3034 decoris
649 3008 734 3047 pag.
761 2997 852 3035 326.
888 2997 1047 3046 scripsit

93 3061 176 3096 tres
202 3055 319 3094 libros
343 3054 383 3093 in
401 3056 621 3096 summulas
655 3058 765 3096 Petri
800 3057 974 3109 Hispani
1008 3063 1048 3096 et

94 3118 237 3157 librum
263 3117 541 3167 Quaestionum
570 3118 899 3170 The0l092·carum.

146 3180 402 3220 MATTAEUS
432 3181 582 3220 Bossus
603 3180 651 3219 de
676 3193 754 3231 quo
793 3193 912 3232 supra
952 3187 1046 3220 tom.

102 3245 116 3284 4
154 3254 241 3295 pag.
268 3242 359 3283 245.

151 3329 185 3371 a)
200 3332 270 3362 Non
289 3329 381 3362 1509.
404 3335 436 3362 et
454 3331 572 3362 vitiose
591 3338 749 3363 excusum
769 3331 802 3361 in
821 3330 995 3363 'trithemii
1012 3332 1055 3362 li-

89 3380 150 3412 bro
164 3380 205 3413 de
222 3381 446 3413 luminaribus
465 3382 662 3413 Germaniae
686 3388 759 3420 cap.
786 3379 856 3411 124.
882 3389 956 3421 pag.
982 3381 1054 3414 147.

1109 434 1123 471 4
1141 433 1228 471 445.
1249 432 1348 471 Vide
1370 434 1586 474 Antonium
1605 437 1860 488 Mongitorem
1880 441 1896 475 t
1926 437 2067 476 2.Bibl.

1111 495 1272 534 Siculae
1299 508 1336 546 p.
1359 497 1425 534 56.

1164 557 1422 598 MATTAEUS
1453 559 1603 599 Auctor
1643 561 1836 601 Chroniei
1868 561 2075 601 Auslrc'aci

1113 619 1180 657 sed
1204 619 1392 666 fabulosi,
1419 626 1459 659 et
1485 624 1622 673 scripti
1651 623 1886 664 Germanice
1911 625 1959 664 de
1993 636 2071 676 quo

1114 682 1348 721 Lambecius
1373 687 1469 722 tom.
1493 685 1516 723 2
1540 697 1573 735 p.
1604 686 1692 725 473.
1718 688 1807 727 475.

1160 746 1447 786 MATTHAEUS
1463 746 1509 786 de
1528 748 1726 788 Cracovz‘a
1742 751 1827 787 sive
1844 762 1933 789 arce
1949 749 2073 791 Chro-

1110 806 1252 856 oleove,
1278 821 1399 860 quem
1432 812 1590 850 nomine
1619 812 1832 852 Cracoviae
1853 814 1979 853 delusi
2003 816 2072 853 Po—

1110 871 1247 910 lonum
1297 871 1477 924 plerique
1505 873 1677 922 faciunt,
1708 885 1799 914 cum
1830 876 2073 915 Germanum

1111 933 1261 979 fuisse,
1291 939 1331 972 et
1360 946 1504 984 genere
1535 938 1795 977 Pomeranum
1824 938 1990 977 doceant
2015 939 2071 977 Jo.

1113 997 1257 1034 Petrus
1288 996 1480 1049 Ludewig
1510 1003 1604 1037 tom.
1628 999 1662 1037 2.
1687 1001 2076 1052 scriptor.Bambe1·g

1112 1069 1199 1109 pag.
1230 1059 1317 1097 499.
1361 1065 1400 1097 et
1444 1061 1672 1101 Bernardus
1705 1064 1780 1101 Pez
1821 1064 1940 1113 praef.
1972 1063 2017 1102 ad
2045 1069 2073 1102 t.

1115 1122 1150 1159 4.
1180 1121 1405 1160 anecdotor.
1437 1134 1520 1173 pag.
1554 1123 1618 1162 VI.
1650 1124 1712 1163 ubi
1735 1126 1961 1164 Sermonem
1985 1126 2073 1176 ejus

1113 1182 1159 1221 (le
1180 1183 1446 1223 emendatione
1466 1197 1620 1224 morum
1645 1190 1683 1225 et
1707 1186 1818 1227 Cleri
1845 1189 1880 1226 in
1914 1189 2075 1238 Synodo

1112 1244 1446 1298 Arcbiepiscopali
1490 1250 1674 1299 Pragensi
1710 1261 1772 1289 an.
1822 1251 1933 1290 4384.
1966 1251 2074 1291 habi-

1118 1311 1203 1346 tum
1235 1314 1275 1347 et
1305 1307 1452 1347 librum
1482 1309 1528 1348 de
1556 1310 1743 1362 squalore
1774 1314 1835 1362 (al.
1861 1313 1907 1352 cle
1930 1315 2073 1366 prasci)

1115 1370 1264 1410 Curiae
1288 1373 1487 1411 Romanae
1516 1380 1822 1413 commemorat:
1846 1377 1910 1426 qui
1941 1376 2074 1416 editus

1113 1434 1228 1472 Basil.
1262 1435 1379 1473 4554.
1407 1440 1447 1473 et
1485 1437 1521 1473 in
1569 1436 1640 1474 Ed.
1686 1439 1843 1476 Brounii
1888 1439 2075 1478 fasciculo

1113 1507 1247 1535 rerum
1279 1497 1594 1547 expetendarum
1622 1503 1661 1537 et
1690 1499 1905 1549 fugiendar.
1931 1506 2025 1539 tom.
2051 1502 2075 1540 2

1114 1570 1199 1609 pag.
1227 1560 1316 1598 584.
1343 1560 1464 1598 Lond.
1509 1562 1624 1599 4690.
1661 1562 1726 1600 fol.
1763 1563 1882 1613 Praga
1913 1564 2073 1613 pulsum

1114 1633 1204 1660 cum
1236 1623 1322 1660 aliis
1354 1623 1600 1663 Teutonibus
1631 1629 1670 1662 et
1710 1626 1905 1674 Hussitis,
1935 1625 2077 1664 deinde

1115 1686 1151 1722 in
1183 1687 1393 1725 Parisiensi
1433 1687 1652 1737 Gymnasio
1691 1687 1844 1727 litteras
1895 1688 2078 1728 docuisse

1115 1751 1249 1786 narrat
1279 1748 1522 1788 Trithemius
1553 1761 1637 1800 cap.
1669 1749 1757 1789 654.
1784 1750 1832 1789 de
1859 1752 1896 1790 S.
1918 1752 1963 1790 E.
1984 1752 2079 1791 Inde

1117 1812 1154 1848 in
1178 1811 1497 1862 Heidelbergensi
1539 1812 1750 1851 Academia
1782 1813 1958 1853 docendo
1997 1815 2080 1854 lau-

1115 1873 1205 1912 dem
1245 1879 1486 1914 consecutus
1516 1880 1555 1914 et
1593 1877 1755 1927 Ruperti
1786 1877 1885 1928 Imp.
1915 1878 2080 1916 Cancel-

1117 1938 1264 1984 larius‚
1295 1939 1338 1976 R.
1368 1939 1410 1977 E.
1444 1939 1665 1977 Cardinalis
1695 1943 1735 1977 et
1764 1939 1811 1978 ab
1846 1941 1919 1978 An.
1963 1941 2078 1979 4405.

1117 2001 1340 2052 Episcopus
1372 2001 1722 2049 Wormaciensis,
1754 2002 1967 2041 defunctus
2004 2003 2080 2041 An.

1127 2065 1243 2103 4440.
1268 2065 1301 2113 a)
1332 2064 1380 2103 de
1395 2076 1473 2115 quo
1489 2064 1662 2103 Joannes
1687 2065 1909 2105 Fridericus
1932 2065 2082 2105 Schan-

1126 2131 1193 2166 nat
1219 2140 1256 2166 in
1286 2128 1448 2167 historia
1475 2129 1739 2179 Episcopatus
1773 2129 2081 2168 wormaciensis

1125 2202 1210 2241 pag.
1244 2191 1330 2229 407.
1362 2202 1444 2242 seq.
1476 2192 1641 2230 Caetera
1671 2192 1757 2243 ejus
1786 2194 1930 2243 scripta
1963 2197 2081 2231 sunt.-

1125 2253 1331 2293 Rationale
1354 2254 1590 2293 Divinarum
1614 2266 1778 2306 operum
1808 2257 1893 2294 sive
1919 2254 2084 2307 opsficz'o-

1124 2329 1236 2364 rum,
1268 2317 1447 2368 dialogus
1478 2319 1604 2357 Patris
1633 2322 1673 2355 et
1717 2318 1799 2355 Filii
1830 2317 1877 2356 de
1917 2317 2086 2356 Praecle—

1123 2380 1349 2426 sanatione,
1375 2385 1415 2418 et
1439 2379 1545 2431 quod
1568 2379 1687 2418 DEus
1710 2380 1843 2418 omnia
1869 2379 1962 2419 bene
1984 2380 2085 2432 fece-

1124 2444 1190 2491 rit,
1212 2443 1298 2481 libri
1318 2443 1395 2481 Vll.
1414 2443 1459 2482 ad
1481 2441 1696 2481 Henricum
1718 2445 1955 2493 Episcopum
1972 2444 2084 2481 War-

1122 2506 1329 2542 miensem.
1361 2504 1396 2553 b)
1429 2505 1483 2542 De
1512 2504 1790 2543 contractibus.
1825 2506 1878 2542 De
1909 2503 2082 2542 celebra-

1125 2566 1226 2604 tione
1247 2566 1392 2604 lllissae
1405 2565 1696 2617 frequentanda
1719 2571 1757 2605 et
1776 2567 1913 2604 interm
1921 2566 2078 2604 ittenda.

1121 2629 1197 2667 MS.
1231 2628 1393 2667 Sander.
1421 2634 1514 2666 tom.
1548 2630 1583 2675 ⁶2,
1616 2641 1700 2679 pag.
1729 2629 1792 2666 77.
1825 2630 1912 2665 sive
1941 2628 2084 2678 Confli-

1121 2694 1207 2728 ctus
1242 2690 1412 2729 rationis
1442 2695 1481 2729 et
1515 2690 1776 2729 consm'entiae
1812 2689 1858 2727 (le
1895 2689 2081 2728 sumendo

1121 2751 1184 2792 vel
1201 2751 1432 2792 abstinendo
1457 2764 1622 2804 corpore
1654 2752 1837 2793 Cllristi.
1864 2753 1947 2789 sive
1976 2757 2014 2790 ut
2043 2753 2079 2789 in

1121 2816 1291 2854 editione
1334 2817 1632 2865 Memmingensi
1663 2828 1724 2854 an.
1764 2816 1872 2854 1491.
1906 2814 2079 2852 inscribi·

1121 2883 1215 2917 tur:
1256 2883 1450 2917 tractatus
1479 2879 1528 2917 de
1558 2890 1630 2925 eo,
1663 2884 1796 2917 utrum
1836 2877 1971 2915 deceat
2012 2878 2081 2916 Sa·

1121 2941 1302 2979 ccrdotes
1326 2943 1558 2979 continuare
1583 2943 1733 2985 Missas.
1757 2941 1818 2978 vel
1848 2941 1980 2978 Laicos
2007 2939 2079 2977 fre-

1121 3009 1291 3054 quenter
1320 3005 1626 3043 communicare.
1654 3001 1852 3054 Epi'stolae
1874 3001 1928 3039 ad
1949 3000 2080 3040 (liver-

1120 3077 1194 3105 sos.
1226 3068 1434 3106 Sermones
1463 3071 1501 3105 et
1529 3064 1764 3104 collationes
1790 3065 2078 3113 Manuscriptae

1123 3130 1160 3166 in
1184 3130 1280 3167 Bibl.
1306 3131 1510 3168 Caesarea.
1535 3127 1628 3165 vido
1653 3127 1901 3165 Lambecium
1925 3131 2018 3164 tom.
2041 3126 2076 3164 ⁶2.

1122 3202 1206 3241 pag.
1239 3191 1327 3229 776.
1359 3195 1398 3227 et
1428 3190 1629 3228 Oudinum
1664 3194 1758 3227 tom.
1785 3190 1819 3228 3.
1845 3201 1928 3241 pag.
1962 3190 2078 3228 4110.

1177 3251 1258 3289 *ln
1294 3253 1390 3290 libro
1425 3252 1548 3289 veteri
1586 3253 1772 3303 inscripto
1811 3263 1906 3304 opus
1945 3251 2081 3290 mwult'

1178 3383 1211 3420 bf·
1232 3387 1300 3416 Non
1320 3386 1596 3417 wormaciensi-m
1611 3409 1620 3423 ,
1638 3390 1673 3416 ιη
1693 3385 1773 3417 ibid.
