2517 4009
910 269 1289 309 NlCOLAUS

100 341 336 392 Imperatori
363 338 542 389 Auyusto
571 351 597 376 a
627 338 811 378 Consiliis
827 371 837 387 ,
863 343 902 378 ct
922 339 973 379 ab
997 352 1058 379 eo-

98 403 186 443 dem
224 401 384 440 Poetica
427 399 568 439 laurea
597 402 629 450 a)
661 401 857 440 Bononiae
894 406 1057 450 ornato,

101 465 189 503 inde
218 464 441 504 EUGENIO
471 465 533 502 IV.
564 465 784 504 NlCOLAO
818 466 862 503 V.
894 464 1059 504 CALLI-

97 528 190 566 STO
219 526 287 566 ΠΙ.
329 531 370 565 et
416 526 496 566 PIO
540 528 586 566 ΙΙ.
631 528 742 566 Mam.
777 526 1057 578 Pontificibus,

23 630 30 634 ἃ
92 588 314 642 praecipue
344 587 390 627 ob
421 589 573 640 eyreyie
593 590 634 627 in
666 588 862 628 Orientali
883 589 1061 628 Ecclesia

97 663 186 691 cum
214 653 392 692 Romana
416 655 586 704 tempore
616 651 895 691 Ferrariensis
919 656 957 691 et
976 651 1061 690 Flo-

96 711 247 753 rentini
276 713 446 753 Concilii
471 713 645 752 unienda
675 717 865 752 navatam
905 726 1067 767 operam

97 775 206 828 lon9e
255 775 494 815 charissimo
524 807 534 824 ,
584 774 771 815 Umbriae
827 777 1067 829 Tusciaeqne

96 837 281 878 Praesidi
320 838 625 890 Arcbiepiscopo
665 840 890 889 sipontino.
934 841 969 882 b)
1016 841 1070 878 De

95 899 326 941 Christiana
347 903 439 953 Rep.
463 901 656 940 universa
681 901 800 939 Italia
820 932 828 950 ,
843 901 1067 954 patriaque

94 963 234 1016 optime
262 964 424 1012 merito,
455 964 571 1016 cujus
610 969 687 1003 ista
721 963 974 1016 majoribus,
1013 968 1070 1015 ty-

92 1025 260 1065 rannide
289 1027 470 1075 eoetincta
497 1025 721 1066 libertatem
747 1039 795 1066 ac
835 1026 1068 1080 felicitatem

92 1087 217 1128 debet.
241 1089 548 1136 TORQUATUS
579 1090 845 1130 PEROTTUS
871 1120 878 1136 ,
918 1088 1073 1129 Urbani

92 1151 174 1190 PP.
209 1152 312 1191 VIII.
339 1165 364 1192 a
386 1151 568 1191 cubiculo
603 1152 740 1191 intimo
778 1154 947 1204 (postea
978 1154 1069 1203 Epi-

95 1225 242 1266 scopus
267 1214 486 1254 Amerinus
523 1215 670 1254 Gentili
693 1227 764 1254 suo
789 1216 827 1254 L.
847 1217 897 1254 M.
927 1216 967 1253 Ρ.
992 1215 1071 1252 An-

91 1289 140 1315 no
177 1275 334 1314 Domini
355 1276 608 1316 MDCXXIII.
636 1278 754 1316 Plura
779 1277 827 1315 de
854 1277 927 1315 boc
952 1278 1070 1316 'Nico-

98 1339 158 1378 lao
189 1342 349 1390 praeter
392 1340 580 1386 Jovium,
610 1341 947 1391 Bergomensem,
990 1340 1074 1377 Tri-

94 1402 288 1440 themium
306 1412 392 1451 cap.
409 1401 499 1440 840.
518 1402 839 1449 Volaterranum,
865 1402 1071 1446 vossium,

100 1464 249 1503 Anton.
281 1463 538 1502 Varillasium
562 1463 628 1502 lib.
649 1465 711 1502 lv.
742 1463 972 1502 anecdotor.
988 1464 1070 1502 Flo-

95 1527 291 1565 rentinor.
323 1525 613 1566 Clarmundum
661 1531 755 1565 tom.
801 1525 849 1565 Vl
896 1528 1070 1565 vitarum

100 1602 136 1641 p.
168 1589 231 1627 66.
261 1589 498 1627 Jacobillum
527 1600 564 1626 in
591 1590 839 1628 Bibliotheca
873 1588 1070 1637 Umbriae,

93 1651 313 1691 Antonium
344 1653 522 1690 Bruuum
570 1652 607 1690 in
655 1652 782 1690 tribus
825 1651 1000 1699 Gratiis,
1032 1652 1070 1688 in

101 1713 260 1753 Thalia:
292 1713 484 1752 Thomam
519 1716 620 1765 Pope
650 1714 798 1752 Blount
829 1714 865 1751 in
900 1724 1071 1752 censura

106 1777 353 1827 Scriptorum
372 1789 379 1814 :
398 1777 651 1827 Augustinus
669 1776 864 1814 Oldoinus
894 1775 943 1814 de
974 1777 1071 1814 scri-

101 1838 283 1890 ptoribus
313 1839 517 1877 Perusinis
547 1850 635 1891 pag.
667 1839 758 1878 252.
790 1850 874 1890 seq.
906 1841 1072 1889 Pompe-

90 1901 158 1952 jus
187 1901 356 1940 Sarnelli
401 1903 438 1939 in
484 1901 749 1953 Chronologia
792 1902 1072 1953 Archiepisco-

97 1975 238 2015 porum
268 1964 508 2015 Sipontinor.
553 1977 641 2016 pag.
683 1966 773 2005 305.
823 1965 1014 2016 Ugliellus
1045 1968 1072 2001 t.

96 2028 165 2066 Vll
191 2026 327 2065 ltaliae
351 2027 378 2066 S
416 2038 503 2078 pag.
531 2028 622 2068 557.
654 2028 888 2068 Leonardus
908 2027 1073 2067 Nicode-

99 2101 188 2129 mus
209 2101 244 2140 p⁴
273 2088 362 2129 482.
389 2101 472 2140 seq.
500 2090 749 2129 additionum
780 2090 827 2129 ad
856 2092 938 2129 Nic.
974 2092 1075 2139 Top—

97 2153 134 2204 pi
165 2153 347 2204 paginam
369 2153 461 2192 223.
491 2153 589 2192 Bibl.
615 2154 924 2205 Neapolitanae:
951 2153 1069 2192 Baelii

97 2217 194 2255 Lex.
219 2216 365 2264 Peroe,
397 2215 466 2254 sed
500 2217 711 2267 praecipue
741 2221 927 2255 auctores
951 2216 1068 2254 Diarii

96 2278 358 2319 Eruditorum
397 2278 530 2318 ltaliae
559 2284 661 2318 tom.
687 2281 779 2319 Xlll
811 2293 846 2330 p.
880 2280 1066 2317 439-468.

97 2346 221 2393 atque
252 2341 343 2380 inde
377 2343 597 2381 Niceronus
628 2344 664 2380 in
699 2343 902 2381 memoriis
939 2341 1068 2381 erudi·

99 2409 230 2445 torum
258 2409 353 2442 tom.
376 2405 428 2443 IX
453 2416 542 2455 pag.
569 2404 660 2445 374.
685 2416 770 2454 seq.
795 2405 886 2443 Mihi
920 2405 1067 2454 scripta

99 2467 247 2506 Perotti
275 2467 446 2506 strictim
472 2467 619 2504 referre
643 2467 741 2505 satis
773 2467 915 2514 fuerit,
947 2471 1066 2515 atque

99 2528 203 2568 edita
238 2528 445 2579 inprimis,
476 2533 561 2566 tum
591 2528 750 2566 inedita.

153 2592 292 2630 Latine
323 2591 445 2629 vertit
467 2591 489 2630 e
512 2591 663 2629 Graeco
687 2591 914 2642 elegantius
944 2601 1062 2641 quam

103 2652 260 2693 fidelius
289 2654 338 2701 c).

158 2713 310 2767 Polybii
332 2713 455 2755 libros
485 2717 522 2754 V.
547 2717 743 2767 primores
763 2745 770 2762 ,
798 2715 844 2754 ad
864 2715 1065 2754 Nicolaum

101 2779 146 2817 V.
176 2777 303 2816 editos
332 2779 505 2830 primum
533 2780 676 2818 Romae
704 2779 817 2817 4473.
845 2778 907 2816 fol.
931 2788 975 2815 ac
1000 2776 1066 2814 de-

103 2840 195 2879 inde
224 2842 386 2891 saepius
411 2847 455 2880 ut
479 2841 558 2880 dixi
592 2843 641 2880 111
673 2841 734 2881 30.
766 2842 861 2880 Bibl.
893 2842 1066 2879 (sslraecae

159 2954 193 2992 a)
217 2956 348 2987 Gratias
373 2957 569 2997 imperatori
594 2960 750 2989 Perottus
783 2957 947 2996 extemplo
980 2963 1075 2996 prae-

99 3012 175 3036 sens
200 3006 270 3044 egit
286 3004 377 3037 hisce
400 3007 552 3039 versibus

151 3055 298 3087 cinxisti
329 3056 442 3093 viridi,
470 3057 590 3088 Caesar
608 3082 617 3095 ‚
641 3066 712 3089 mea
729 3062 878 3097 tempora
898 3057 1008 3094 lauro,

170 3107 255 3138 Ecce
279 3113 366 3138 nieas
393 3110 492 3138 ornat
517 3115 611 3139 sacra
639 3115 762 3139 corona
787 3115 912 3138 comas.

147 3156 219 3186 Non
245 3163 318 3187 mea
336 3163 388 3187 me
412 3157 522 3187 virtus
546 3157 604 3188 tali
629 3166 718 3189 nunc
741 3165 878 3188 munere
902 3156 1040 3195 dignum

168 3203 230 3236 Sed
258 3204 356 3238 dulce
382 3206 492 3238 effecit
514 3208 681 3246 Principis
708 3208 891 3246 ingenium.

162 3254 197 3293 b)
221 3255 270 3286 Ab
289 3259 349 3287 An.
376 3255 470 3288 1458.

164 3305 198 3344 c)
222 3305 317 3337 Certe
342 3307 494 3346 iniquius
519 3310 568 3337 est
591 3306 755 3346 Judicium
789 3307 863 3337 sani
892 3307 1074 3344 Parrhasii,

103 3356 160 3400 qui
187 3357 223 3387 iu
243 3355 408 3388 vertendo
433 3356 570 3396 Polybio
593 3355 881 3395 infamissimum
902 3358 1074 3389 Perottum

105 3405 251 3445 appellat
273 3407 378 3446 Epist.
403 3407 455 3438 57.

2008 273 2073 312 121

1138 354 1223 393 pag.
1253 341 1341 381 757.
1374 344 1492 381 etiam
1524 342 1626 393 apud
1658 341 1828 388 Aldum,
1861 343 2037 382 Venetiis
2061 346 2097 381 in

1134 405 1197 443 fol.
1223 409 1262 442 et
1294 407 1307 443 4
1322 405 1410 444 524.
1442 406 1478 443 8.
1504 409 1544 443 et
1577 405 1798 444 Florentiae
1822 405 1927 456 apud
1953 408 2096 444 Juutas

1135 468 1249 506 4522.
1283 469 1320 505 8.
1352 467 1462 514 Quod
1510 479 1603 506 vero
1647 468 1783 506 Jovius
1813 468 1950 506 scribit
1982 469 2104 508 fuisse.

1133 531 1198 581 qui
1230 530 1416 569 dicerent
1447 532 1671 568 versionem
1718 531 1924 581 antiquam
1969 533 1991 569 a
2034 533 2105 570 Pe-

1134 598 1245 631 rotto
1277 595 1539 643 interceptam
1572 593 1725 642 sibique
1756 593 2000 633 vindicatam
2036 606 2105 645 per

1137 655 1311 707 plagium
1329 688 1339 704 ‚
1367 655 1402 694 id
1429 657 1470 695 Η.
1495 655 1696 706 Stephano
1727 655 1937 694 ridiculum
1968 658 2100 695 visum

1142 730 1228 769 pag.
1259 719 1346 757 446.
1376 718 1424 756 de
1455 718 1585 755 infidis
1624 717 1796 756 Graecae
1831 719 1989 768 linguae
2030 721 2107 758 Ma-

1142 782 1300 830 gistris:
1347 792 1418 819 nec.
1459 781 1646 819 credibile
1689 782 1805 819 Diarii
1856 781 2102 821 eruditorum

1146 843 1279 881 ltaliae
1310 843 1516 881 autoribus
1548 847 1575 880 t.
1609 843 1658 881 43
1688 854 1723 892 p.
1757 842 1834 882 [452

1198 904 1452 955 Hippocratis
1491 904 1788 955 ,lusjurandum
1825 906 1973 946 editum
2013 919 2103 946 eum

1143 967 1255 1006 Alex.
1273 967 1491 1015 Benedicti,
1512 967 1647 1006 Medici
1666 968 1908 1007 Veronensis
1929 972 2105 1020 quinque

1143 1029 1252 1068 libris
1277 1029 1523 1068 Anatomiae.
1551 1031 1671 1068 Paris.
1697 1031 1811 1069 4549.
1836 1032 1869 1068 4.
1895 1037 1934 1069 et
1959 1033 2106 1082 Argen-

1144 1097 1217 1130 tor.
1245 1092 1362 1130 4528.
1389 1093 1426 1129 8.

1194 1155 1235 1193 S.
1261 1152 1405 1191 Basilii
1429 1153 1654 1193 Orationem
1692 1153 1738 1192 de
1763 1155 1913 1193 invidia
1930 1188 1938 1202 ,
1961 1157 2007 1194 ad
2030 1158 2106 1195 cal-

1143 1228 1229 1255 cem
1256 1217 1460 1255 Censorini
1481 1247 1490 1263 ,
1513 1227 1560 1254 ex
1587 1216 1747 1267 Philippi
1775 1218 1949 1256 Beroaldi
1973 1230 2106 1256 recen-

1145 1280 1277 1325 sione,
1304 1280 1407 1316 circa
1429 1278 1503 1316 An.
1529 1278 1644 1317 4500.
1678 1280 1713 1317 si.

1199 1342 1364 1390 Scripsit
1393 1341 1475 1390 ipse
1495 1354 1502 1378 :

1201 1401 1500 1452 Cornucopiae,
1526 1404 1610 1439 sive
1634 1404 2008 1442 commentariorum
2035 1406 2108 1443 lin-

1146 1475 1246 1515 guae
1272 1465 1433 1502 Latinae
1459 1475 1558 1514 opus
1584 1464 1630 1503 ad
1660 1464 1911 1503 Fredericum
1933 1496 1940 1511 ,
1974 1467 2103 1504 Urbini

1145 1528 1295 1565 Ducem
1315 1555 1323 1573 ,
1355 1530 1393 1564 et
1417 1527 1688 1565 Ecclesiastici
1711 1529 1913 1566 exercitus
1940 1530 2108 1579 lmpera-

1147 1593 1272 1627 torem
1306 1589 1348 1626 in
1385 1589 1681 1640 Epigrammata
1721 1591 1907 1628 CXLVII.
1939 1592 2023 1628 sive
2052 1597 2108 1628 to-

1145 1656 1228 1690 tum
1257 1649 1408 1689 librum
1426 1650 1752 1702 Spectaculorum
1778 1656 1818 1690 et
1837 1650 1983 1690 librum
2019 1653 2108 1703 Epi—

1142 1718 1415 1764 9rammatum
1439 1713 1662 1753 Martialis:
1696 1713 1839 1752 edente
1871 1715 2019 1764 Pyrrho
2044 1717 2109 1753 Pe-

1140 1781 1241 1815 rotto
1271 1777 1308 1826 d)
1346 1779 1519 1816 auctoris
1556 1788 1775 1828 propinquo
1817 1777 1953 1815 Venet.
1994 1777 2107 1816 4492).

1152 1840 1268 1879 4494..
1292 1845 1332 1878 et
1357 1839 1458 1890 apud
1482 1839 1626 1879 Aldum
1656 1839 1767 1878 4499.
1794 1844 1834 1878 et
1859 1841 1977 1878 Paris.
2006 1841 2108 1879 4500

1148 1904 1256 1953 typis
1280 1903 1490 1941 loculentis
1508 1934 1516 1949 ,
1543 1909 1581 1941 et
1604 1904 1739 1940 Venet.
1771 1904 1884 1942 4504.
1914 1914 2003 1942 cum
2036 1905 2106 1941 Be-

1152 1964 1295 2003 nedicti
1337 1966 1520 2016 Brugnoli
1563 1965 1830 2004 additionibus
1865 1970 1904 2003 et
1947 1967 2107 2015 Argent.

1152 2028 1266 2066 4506.
1297 2028 1416 2066 Paris.
1443 2027 1559 2067 4540.
1587 2034 1707 2078 atque
1742 2023 1883 2067 iterum
1911 2039 1958 2065 ex
1998 2033 2107 2065 auto-

1147 2091 1297 2141 grapho
1333 2091 1506 2130 auctoris
1544 2090 1794 2129 emendatius
1830 2092 1966 2129 Venet.
2006 2089 2107 2140 apud

1146 2151 1292 2192 Aldum
1326 2153 1443 2191 4543.
1486 2154 1603 2192 4547.
1645 2154 1756 2192 ⁴526.
1788 2158 1827 2191 et
1862 2153 1980 2191 Basil.
2008 2152 2101 2191 452!

1148 2217 1264 2255 4526.
1289 2220 1328 2254 et
1356 2217 1471 2254 4536.
1500 2215 1560 2253 sol.
1593 2219 1633 2253 et
1672 2216 1887 2254 Tusculani
1928 2216 2043 2254 4522.
2075 2215 2109 2251 4.

1144 2278 1268 2317 Index
1297 2278 1473 2328 locuples
1503 2279 1608 2328 operi
1655 2279 1901 2328 praemissus
1945 2278 2034 2315 facit
2065 2282 2106 2315 ut

1145 2352 1214 2392 pro
1232 2341 1374 2379 Lexico
1401 2340 1473 2378 hoc
1498 2350 1598 2390 opus
1624 2339 1803 2378 habitum
1822 2340 1940 2378 suerit
1963 2341 1983 2377 a
2009 2340 2108 2377 mul-

1143 2404 1220 2451 tis,
1247 2404 1314 2453 qui
1346 2407 1389 2441 ut
1409 2403 1623 2452 Calepinus
1648 2406 1812 2440 strenue
1854 2402 1916 2439 illo
1948 2402 2001 2438 uti
2029 2412 2104 2438 non

1146 2465 1397 2504 dubitarunt.

1196 2527 1371 2578 Epistola
1397 2527 1443 2565 ad
1482 2528 1736 2564 Franciscum
1773 2527 2024 2575 sipontinum
2057 2524 2104 2561 de

1145 2591 1240 2628 locis
1264 2587 1390 2626 Plinii
1410 2590 1579 2626 senioris
1605 2590 1728 2626 xxii.
1751 2589 1785 2624 in
1805 2588 1892 2635 ejus
1910 2587 2106 2636 prooemio

1141 2651 1188 2689 ad
1216 2652 1312 2689 llist.
1339 2651 1560 2689 naturalem
1585 2649 1846 2687 emendandis
1864 2650 1899 2685 in
1922 2647 2013 2685 edit.
2034 2649 2104 2685 Ro—

1144 2724 1258 2751 mana
1280 2713 1352 2751 An.
1377 2713 1492 2750 4470.
1514 2713 1657 2750 Exstat
1679 2711 1724 2749 ad
1747 2711 1893 2749 calcem
1916 2721 2105 2748 cornuco-

1143 2777 1227 2826 piae
1253 2787 1338 2826 pag.
1371 2775 1485 2813 4033.
1518 2775 1632 2812 4049.
1658 2773 1842 2811 editionis
1865 2773 2039 2811 Aldinae.
2060 2777 2102 2810 ut.

1142 2838 1239 2877 alias
1261 2837 1341 2887 jam
1377 2842 1650 2887 praeteream,
1685 2836 1892 2885 subjuncta
1931 2833 2106 2872 Cornelii

1196 2953 1231 2989 d)
1255 2953 1354 2984 Nihil
1383 2952 1453 2992 sere
1477 2952 1518 2982 de
1542 2959 1616 2981 meo
1640 2951 1776 2987 addidi,
1814 2951 1920 2988 iuquit
1960 2949 2102 2986 Pyrrhus

1140 3007 1386 3042 praeterquam
1410 3002 1487 3032 loca
1511 3001 1676 3040 quaedem
1692 3025 1700 3039 ‚
1717 3009 1803 3039 quac·
1819 2998 2002 3037 ,Vir-olaus,
2018 3007 2102 3037 qun-

1136 3053 1236 3084 m'am
1261 3052 1466 3092 impuritate
1480 3051 1777 3090 quaedam,aeqiw
1793 3048 2014 3078 obscenitate
2032 3056 2106 3077 ver-⁴

1138 3103 1262 3133 borum
1284 3102 1395 3133 castis
1420 3111 1462 3131 uc
1483 3100 1665 3141 ptulit-ibus
1696 3098 1842 3128 auribus
1882 3095 2102 3127 execrabilia

1139 3155 1354 3189 viderentur,
1375 3152 1504 3182 cursim
1522 3150 1736 3187 breviterque
1750 3148 1930 3187 eetiqerae.
1954 3147 2030 3185 ipse
2048 3146 2104 3175 Ia-

1139 3204 1209 3234 rivas
1234 3202 1385 3242 c-rposni
1408 3200 1496 3231 nihil
1523 3205 1592 3229 tam
1617 3198 1753 3238 facttum
1777 3206 1853 3228 esse
1889 3197 2102 3227 existimans

1139 3253 1229 3292 qnod
1252 3261 1322 3281 nnn
1347 3250 1591 3289 turpissimum
1616 3249 1662 3278 si!
1683 3249 1862 3288 lquor-are.
1882 3246 2107 3278 verecundio-

1138 3312 1206 3334 rem
1224 3301 1393 3332 Nicolaum
1423 3309 1521 3339 quam
1549 3301 1702 3338 iniquum
1722 3307 1798 3338 prae
1817 3298 1926 3328 suntin
1946 3297 2105 3335 Pyrrhum

1142 3354 1244 3384 lector
1267 3353 1392 3390 pudens
1420 3359 1456 3380 :n-
1484 3358 1583 3379 sanus
1608 3351 1711 3386 tnagis
1736 3348 1888 3387 probabit
