2566 4009
847 251 1241 292 MARTINUS
1993 255 2039 294 [41

79 332 179 380 tino,
202 329 386 380 Archiep.
411 329 555 366 Turon.
580 332 620 365 et
651 328 689 365 in
727 326 904 367 Martiae
945 327 1025 365 Du-

76 403 227 432 mzensz.

127 454 381 495 MARTINUS
405 454 595 504 StrepuS‚
617 453 882 504 Oppaviensis
905 463 926 489 e
966 451 1024 490 Si-

0 506 2 513 *
75 519 194 568 lesia,
214 529 315 569 quae
338 527 458 567 regno
483 516 694 555 Bohemiae
719 513 959 554 adhaerebat
983 517 1024 551 et

74 581 253 620 Poloniae
277 579 395 618 etiam
419 577 744 629 computabatur,
771 575 874 616 unde
890 574 1027 614 Poloni

74 653 318 694 cognomen:
344 642 430 680 sive
451 640 555 692 quod
582 640 629 679 ad
655 640 870 690 primatum
914 638 1022 676 Polo-

73 706 161 744 niae
180 709 346 743 vocatus
369 707 432 741 est
456 714 475 741 a
501 702 657 742 Nicolao
674 702 740 740 III.
758 703 879 750 (certe
897 701 1022 751 patria

73 778 146 806 nec-
169 766 436 814 Carsulanus,
463 776 536 803 nec
573 764 711 803 Gallus
751 775 822 802 nec
865 764 1020 807 Scotus)

72 827 288 869 Monachus
310 826 403 866 Ord.
429 826 563 866 Praed.
588 826 821 866 Pontificum
840 827 1023 866 Clemen-

71 892 124 930 tis
146 891 210 931 1V.
229 890 403 941 Gregorii
428 891 478 929 X.
515 890 734 928 Innocentii
775 890 816 927 V.
857 890 1022 928 Joannis

71 954 178 993 XXI.
203 964 248 993 ac
271 953 443 1004 denique
467 952 540 992 An.
560 951 674 992 4277.
692 952 834 991 Nicolai
857 953 921 991 Ill.
942 964 1022 991 ma-

65 1016 128 1069 jor
151 1017 495 1067 poenitent-iarius,
519 1021 559 1055 et
579 1027 685 1055 anno
715 1016 922 1054 interiecto
951 1015 1022 1055 Ar—

67 1079 346 1131 chiepiscopus
370 1079 621 1118 Gnesnensis
641 1108 649 1126 ,
671 1090 744 1117 nec
767 1078 835 1117 diu
854 1082 940 1129 post
955 1078 1023 1117 de-

68 1142 230 1181 functus
248 1172 257 1189 ‚
280 1141 329 1180 de
355 1153 433 1192 quo
451 1145 610 1192 praeter
650 1141 851 1180 Simonem
889 1141 1022 1179 Staro-

65 1203 260 1243 volsciuin
286 1205 323 1242 in
350 1203 584 1242 Polonorurn
598 1203 837 1253 scriptorum
857 1202 1019 1241 historia

65 1277 151 1316 cap.
173 1266 280 1304 XIII.
304 1265 490 1305 Carolum
518 1264 721 1303 Vischium
747 1266 783 1303 in
809 1265 1022 1304 Bibliothe-

64 1338 109 1366 ca
131 1327 456 1367 Cisterciensium
472 1357 484 1375 ,
505 1326 652 1377 quibus
676 1328 888 1365 Martinum
909 1339 1020 1378 prae-

64 1393 126 1427 ter
148 1400 233 1428 rem
253 1393 440 1430 accenset
458 1420 466 1438 ‚
488 1400 576 1439 pag.
600 1389 689 1427 238.
709 1400 792 1439 seq.
810 1389 928 1439 Casp.
952 1390 1020 1428 Sa-

64 1452 268 1503 gittarium
292 1451 506 1491 introduct.
546 1453 583 1489 in
618 1451 708 1489 hist.
743 1452 897 1490 Eccles.
933 1463 1017 1503 pag.

63 1515 126 1553 68.
149 1525 234 1565 seq.
257 1519 298 1553 et
331 1514 592 1565 Antiquitatt.
632 1516 745 1565 regni
784 1515 1016 1565 Thuringici

63 1578 111 1616 11.
136 1588 222 1628 pag.
248 1577 339 1617 244.
359 1577 613 1625 Morli'erum‚
639 1578 849 1615 Doctorem
875 1577 1020 1616 Serbo-

65 1641 198 1680 nicum
224 1640 263 1679 ln
283 1639 380 1678 libro
401 1652 408 1678 :
432 1641 561 1682 essais
584 1638 633 1678 de
655 1641 896 1678 Litterature
921 1646 1016 1680 tom.

65 1704 101 1743 2.
126 1714 214 1754 pag.
239 1702 314 1741 334
351 1713 435 1752 seq.
456 1702 641 1741 Vossium
662 1713 701 1753 p.
723 1702 811 1740 484.
828 1707 868 1740 et
888 1701 937 1741 ad
952 1703 1019 1741 ob-

66 1770 226 1805 servata
250 1765 297 1805 ad
323 1776 415 1805 eum
441 1764 600 1804 Sandii:
627 1765 828 1804 Labbeum
858 1769 954 1803 tom.
992 1766 1017 1805 2

65 1840 153 1880 pag.
179 1829 242 1868 62.
266 1828 315 1867 de
337 1829 375 1868 S.
400 1828 447 1867 E.
468 1828 648 1868 Caveum
674 1827 721 1866 ad
746 1827 792 1867 A.
808 1827 1016 1868 4277.Οι]-

65 1892 203 1932 dinum
229 1895 324 1930 tom.
350 1892 387 1930 3.
412 1903 500 1942 pag.
539 1892 628 1930 534.
665 1895 740 1930 etc.
779 1890 1014 1931 Lambecius

66 1960 164 1994 tom.
183 1956 208 1995 2
231 1967 268 2006 p.
293 1955 383 1993 860.
410 1966 494 2005 seq.
531 1953 701 1993 Jacobus
733 1953 943 1993 Echardus
976 1955 1012 1992 in

66 2017 307 2057 Bibliotheca
331 2017 622 2056 Dominicanor.
645 2020 740 2055 tom.
763 2018 777 2055 4
810 2028 897 2067 pag.
923 2016 1015 2056 364.

64 2080 282 2119 Niceronus
305 2084 401 2119 tom.
425 2080 526 2120 XIV.
553 2082 834 2118 memoriarum
851 2079 900 2118 de
917 2081 1015 2118 viris

63 2142 229 2182 eruditis
249 2142 446 2182 editarum
462 2143 609 2183 Gallice
633 2155 670 2194 p.
703 2143 790 2182 495.
811 2154 899 2194 seq.
918 2145 1017 2182 Mar—

64 2205 173 2244 tinus
194 2204 393 2245 Hanckius
431 2205 480 2245 de
512 2206 666 2245 Silesiis
701 2204 897 2256 indigenis
931 2217 1014 2257 cap.

4 2299 10 2304 .
63 2266 163 2306 VIII.
186 2279 272 2318 pag.
299 2266 432 2307 34-64.
458 2272 499 2306 et
521 2269 581 2306 Jo.
611 2268 806 2318 Georgius
846 2268 1012 2307 Eccard.

62 2327 276 2379 prolegom.
302 2327 350 2367 ad
371 2329 587 2380 scriptores
612 2327 729 2367 medii
770 2330 859 2367 aevi
880 2358 888 2376 ,
919 2333 1015 2367 tom.

65 2391 79 2428 4
110 2401 218 2430 num.
242 2391 333 2430 XX.

117 2452 219 2492 Nihil
236 2452 434 2492 celebrius
449 2453 538 2504 ejus
555 2451 749 2493 Chronico
772 2464 1018 2492 summorum

62 2513 294 2565 Pontificum
335 2518 457 2566 atque
495 2515 786 2566 Imperatorum
825 2517 1018 2554 Romano-

30 2565 40 2573 ’
61 2587 176 2626 rum,
209 2588 279 2627 per
306 2588 500 2616 annorum
543 2578 872 2628 quinquagenas:
902 2579 1018 2616 cuius

62 2638 223 2690 quidam
258 2638 423 2679 Codices
448 2640 486 2678 in
515 2640 722 2679 Clemente
751 2644 892 2690 quarto
916 2641 1020 2678 desi-

61 2705 189 2749 nunt,
221 2702 304 2752 ipse
335 2701 544 2753 profitetur
569 2714 611 2741 se
646 2701 740 2742 illud
783 2702 1017 2752 produxisse

62 2775 191 2814 usque
227 2763 275 2803 ad
306 2764 381 2803 An.
413 2764 530 2804 4277.
570 2768 690 2815 atque
732 2764 938 2814 collegisse
967 2776 1016 2802 ex

59 2827 192 2866 nescio
221 2837 299 2877 quo
330 2826 500 2867 Crasz'no
528 2826 589 2876 (al.
624 2826 726 2878 apud
766 2827 1015 2866 Montfaucon

59 2899 146 2940 pag.
176 2888 239 2927 129.
268 2888 388 2928 Diarii
419 2889 503 2928 ltal.
552 2889 632 2928 Tz'to
680 2889 818 2937 Livio)
851 2889 1014 2938 Oresio,

58 2951 231 2990 Damasi
255 2951 304 2990 de
332 2953 457 3002 gestis
487 2952 749 3000 Pontificum,
775 2951 900 2991 Paulo
918 2952 1016 2990 Dia-

60 3025 177 3063 cono,
193 3013 400 3054 Chronicis
415 3011 556 3052 Bobinz'
577 3015 642 3061 (al.
666 3016 838 3064 Bonizzi)
865 3017 1015 3055 Sutrini

57 3076 266 3128 Episcopi,
293 3087 363 3115 nec
393 3087 468 3115 non
509 3074 677 3115 Gz'lbertz·
706 3078 767 3127 (de
791 3090 869 3129 quo
894 3090 1014 3129 supra

59 3142 154 3178 tom.
185 3140 220 3179 3.
246 3150 332 3190 pag.
372 3138 462 3185 54.)
498 3136 690 3177 Richardt‘
710 3140 1012 3189 Cluniacensis,

63 3200 250 3242 Gervasii
270 3203 360 3252 (non
382 3199 580 3239 Ricobaldi
605 3199 674 3238 sed
692 3202 946 3241 Tilberiensis
964 3203 1012 3241 de

54 3333 147 3415 145⁸)
162 3335 258 3368 Nem·
278 3333 411 3366 Bucher
425 3331 510 3365 Saul
545 3335 581 3364 Α.
597 3331 702 3375 4712.
729 3337 821 3373 parte
837 3335 904 3364 xlv
936 3343 1012 3374 pav.

1099 334 1176 373 quo
1203 328 1297 361 tom.
1322 325 1357 362 3.
1381 336 1465 374 pag.
1494 324 1595 371 457.)
1623 323 1888 364 Eoetodz‘isive
1905 326 2058 366 Estodiz

1100 387 1161 434 (al.
1177 385 1558 438 Methodii)Gotfrz'de'
1572 388 1848 436 viterbiensis,
1872 388 2060 428 Vincenti'i

1102 449 1395 488 Bellovacensis
1435 454 1476 486 et
1510 450 1673 488 Decreto
1715 461 1759 489 ac
1799 450 2057 502 passionibus

1099 512 1348 550 Sanctorum.
1401 511 1568 550 Caetera
1615 524 1717 562 quae
1761 518 1851 564 post
1893 514 2055 554 Annum

1100 573 1215 613 4277.
1255 577 1509 624 sequuntur,
1541 574 1673 613 addita
1703 580 1799 614 sunt
1827 577 1849 614 a
1879 578 2058 617 PTOLE-

1096 637 1218 677 MAEO
1260 635 1429 675 Lucensz·
1473 647 1600 686 usque
1630 637 1677 675 ad
1707 638 1781 677 An.
1819 640 1935 678 4249.
1965 645 2005 679 et
2034 643 2056 680 a

1096 699 1366 739 BERNARDO
1388 698 1579 738 Guidonis
1603 700 1649 738 ad
1677 700 1750 739 An.
1777 703 1890 742 4346.
1912 703 2057 742 Prodiit

1098 762 1170 801 hoc
1195 761 1421 802 Chronicon
1440 763 1540 812 prim
1551 774 1615 801 um
1638 774 1729 801 cum
1751 766 1922 804 Mariano
1940 766 2057 804 Scoto

1097 825 1249 864 editum
1275 837 1295 864 a
1320 826 1472 863 Joanne
1506 825 1671 863 lleroldo
1706 828 1819 865 Basil.
1852 829 1967 867 4559.
1992 829 2057 867 fol.

1095 887 1246 926 Deinde
1271 890 1484 938 separatim
1508 890 1528 927 a
1565 888 1736 927 Suffrido
1769 891 1885 929 Petro
1920 890 2058 930 Antw.

1099 949 1215 989 4574.
1247 950 1283 988 8.
1315 950 1390 988 sub
1422 951 1520 989 salso
1549 950 1852 1003 Archiepi'scopi
1889 952 2058 992 Consen-

1099 1012 1170 1051 tini
1195 1012 1312 1052 titulo
1333 1042 1340 1058 ‚
1365 1018 1406 1051 et
1427 1018 1567 1052 contra
1599 1016 1776 1053 auctoris
1798 1021 1971 1055 mentem
1994 1019 2062 1056 tri-

1096 1076 1239 1114 butum
1260 1076 1296 1113 in
1320 1073 1443 1114 libros
1458 1079 1643 1128 quatuor.
1663 1078 1759 1116 Hinc
1776 1090 1826 1116 ex
1844 1081 2057 1119 sinceriore

1097 1138 1240 1177 Codice
1272 1139 1293 1176 a
1323 1139 1382 1176 J0.
1414 1138 1588 1177 Fabricio
1618 1139 1816 1187 Caesare,
1859 1141 2057 1180 Canonico

1095 1201 1386 1249 Gladblacensi‚
1416 1200 1508 1240 Ord.
1539 1202 1849 1241 Praemonstrat.
1871 1204 2056 1243 Coloniae

1097 1264 1213 1303 4646.
1245 1263 1309 1303 fol.
1340 1275 1459 1314 quam
1483 1262 1698 1301 editionem
1720 1266 2058 1315 exprimitnovis-

1094 1326 1194 1364 sima
1225 1325 1581 1377 Argentoratensis
1609 1325 1720 1364 4685.
1749 1326 1810 1364 fol.
1833 1326 1880 1365 ad
1907 1327 2054 1366 calcem

1094 1388 1245 1426 AEneae
1276 1388 1402 1438 Sylvii
1433 1387 1482 1425 de
1525 1387 1644 1426 rebus
1688 1388 1876 1428 Friderici
1907 1391 1969 1428 ΙΙΙ.
2000 1392 2055 1429 De

1096 1446 1250 1488 Gallica
1290 1451 1475 1488 versione
1506 1449 1550 1487 D.
1594 1449 1838 1498 Verneroni‚
1868 1452 2054 1491 Canoniei

1094 1511 1327 1551 Leodiensis
1354 1517 1394 1550 et
1421 1512 1646 1550 Sebastiani
1669 1511 1717 1550 de
1733 1514 1936 1561 Mamerot‚
1956 1526 2057 1564 quae

1092 1584 1185 1613 cum
1215 1576 1393 1614 auctario
1420 1586 1548 1625 usque
1578 1575 1624 1613 ad
1657 1577 1732 1614 An.
1764 1577 1879 1615 4503.
1911 1577 2054 1627 prodiit

1092 1638 1275 1685 Parisiis,
1302 1642 1342 1675 et
1365 1636 1414 1675 de
1437 1636 1583 1675 inedita
1610 1637 1850 1676 Germanica
1873 1641 1930 1676 Jo.
1958 1639 2055 1678 Lud.

1093 1699 1295 1738 Zolmanni
1317 1731 1327 1748 ‚
1353 1698 1444 1737 vide
1465 1700 1520 1737 sis
1536 1701 1616 1738 Jac.
1645 1699 1874 1739 Echardum
1900 1703 2053 1740 tom.l.

1090 1774 1177 1813 pag.
1224 1761 1315 1801 370.
1363 1762 1585 1801 Chronicon
1630 1764 1910 1802 Martinianum
1962 1775 2055 1803 cum

1089 1825 1173 1864 XV.
1198 1825 1262 1863 vel
1288 1826 1391 1864 XVI.
1417 1825 1605 1864 collatum
1632 1824 1844 1864 Codicibus
1865 1827 1902 1863 in
1923 1826 2053 1865 lucem

1088 1887 1181 1926 dare
1210 1888 1336 1927 voluit
1367 1889 1534 1927 illustris
1559 1888 1777 1927 Leibnitius
1800 1889 1834 1935 a)
1862 1899 1953 1927 cuin
1980 1900 2050 1927 cu-

1085 1950 1153 2001 jus
1184 1952 1287 1990 notis
1316 1951 1351 1999 b)
1383 1954 1421 1989 et
1452 1962 1542 1989 cum
1574 1949 1861 1989 additamentis
1890 1963 1939 1989 ex
1975 1953 2054 1990 Ma-

1090 2024 1224 2052 nuscr.
1256 2013 1399 2053 Codice
1443 2014 1606 2052 Jenensi
1635 2025 1726 2052 cum
1765 2013 2052 2052 continuatione

1089 2087 1138 2114 ex
1175 2077 1370 2114 Manuscr.
1411 2075 1620 2114 chartaceo
1662 2076 1855 2126 Lipsiensi
1887 2081 1927 2114 et
1955 2076 2052 2115 duo-

1090 2139 1165 2177 bus
1187 2139 1460 2177 Hofmannicis
1479 2143 1520 2176 et
1535 2137 1754 2188 appendice
1774 2138 2053 2176 Ratisbonensi

1089 2200 1227 2240 habuit
1257 2205 1377 2251 atque
1419 2200 1537 2239 edere
1581 2202 1762 2250 promisit
1791 2200 1836 2238 D.
1866 2202 1923 2239 Jo.
1970 2201 2051 2240 An-

1092 2263 1209 2302 dreas
1227 2262 1456 2303 Schmidius
1485 2259 1509 2299 ο*
1527 2260 1751 2314 μακαρὶτκς,
1780 2263 2050 2302 Continuatio-

1060 2322 1062 2324 ’
1091 2339 1182 2365 nem
1214 2331 1255 2365 et
1284 2325 1556 2365 additamenta
1586 2326 1634 2364 ab
1663 2325 1737 2364 An.
1769 2326 1871 2364 4463
1901 2325 1947 2364 ad
1972 2326 2049 2364 An.

1092 2390 1208 2428 4343.
1239 2388 1433 2427 debemus
1461 2389 1519 2426 Jo.
1551 2387 1718 2438 Georgio
1748 2388 1924 2427 Eecardo
1953 2393 1979 2426 t.
2012 2390 2046 2426 4.

1090 2453 1276 2502 Corporis
1324 2452 1564 2500 scriptorum
1597 2450 1712 2488 medii
1744 2451 1832 2488 aevi
1863 2463 1898 2500 p.
1930 2451 2045 2489 4443.

1093 2515 1208 2554 4460.
1234 2524 1354 2563 quam
1377 2514 1460 2563 ipse
1485 2513 1838 2551 Continuationem
1863 2512 2048 2550 Austrin-

1091 2587 1179 2614 cam
1198 2575 1385 2626 appellat,
1406 2573 1675 2624 Appendicem
1700 2575 2042 2624 Ratisponensem,

1091 2640 1130 2676 ni
1161 2638 1297 2685 fallor,
1340 2639 1557 2674 vocaverat
1603 2635 1753 2685 Caspar
1792 2635 2043 2681 Sagittarius.

1091 2699 1440 2739 Continuationem
1464 2707 1593 2747 usque
1615 2696 1661 2734 ad
1689 2697 1735 2734 Α.
1763 2696 1876 2734 4482.
1907 2698 2042 2734 Manu-

1091 2764 1293 2812 scriptam,
1311 2765 1505 2799 memorat
1526 2759 1738 2809 Catalogus
1756 2759 1851 2797 Bibl.
1871 2761 1928 2796 Jo.
1947 2761 2042 2798 Bur-

1089 2824 1224 2864 chardi
1253 2821 1468 2863 Menckenii
1491 2833 1529 2872 p.
1554 2822 1645 2860 3¹8.
1670 2821 1801 2860 Voluit
1821 2820 1937 2858 edere
1969 2821 2039 2859 hoc.

1089 2887 1311 2927 Chronicon
1337 2887 1454 2923 etiam
1471 2883 1702 2922 Joacbimus
1726 2884 1898 2921 Joannes
1915 2883 2041 2921 Made—

1088 2961 1182 2994 rus,
1213 2954 1253 2987 et
1283 2953 1371 2999 post
1396 2946 1482 2996 ejus
1509 2947 1587 2984 fata
1614 2946 1764 2996 Caspar
1790 2947 2037 2996 Sagittarius.

1141 3012 1334 3058 Quoniam
1367 3021 1460 3048 vero
1492 3010 1644 3059 primus
1682 3012 1820 3046 auctor
1849 3020 1869 3045 a
1900 3007 2040 3056 quibu-

1088 3075 1199 3113 sdam
1231 3073 1399 3111 habetur
1427 3072 1620 3110 Martinus
1653 3069 1822 3108 Polonus
1867 3069 2041 3107 traditio-

1089 3139 1150 3176 nis
1178 3136 1227 3175 de
1256 3137 1405 3173 ,loanna
1452 3134 1630 3182 l‘apissa,
1676 3131 1787 3180 &Vide
1831 3131 2037 3170 Mabillonii

1087 3202 1160 3238 iter
1189 3198 1368 3237 italicum
1400 3207 1486 3246 pag.
1514 3194 1589 3241 27.)
1610 3193 1693 3232 ideo
1718 3205 1860 3243 graves
1885 3195 1920 3231 in
1946 3205 2036 3232 eum

1137 3332 1169 3361 b*
1197 3333 1243 3362 W.
1269 3331 1305 3361 E.
1321 3327 1476 3359 Tentzelii
1501 3326 1662 3359 Jtonaem·
1687 3325 1974 3367 Enterredunqen
2009 3329 2044 3359 Α.

1080 3380 1154 3411 lusi-t
1193 3388 1267 3420 pag.
1294 3377 1383 3409 1061.

1676 3447 1743 3485 1:37
