2517 4009
957 197 1243 239 THOMAS

160 275 363 316 THOMAS
399 271 447 312 de
488 270 723 324 Viqlevauo,
755 271 948 321 Insuber,
979 270 1061 310 ord.

105 338 423 380 praedicatorum
439 336 539 375 circa
558 347 591 374 a.
615 335 717 374 1500
733 337 890 386 scripsit
907 337 1062 375 Sermo-

103 412 184 450 nes,
209 398 493 453 Compendium
517 397 629 438 Juris
656 397 858 442 Canonici,
883 403 922 436 et
945 399 1060 438 Sum·

103 475 209 504 mam
233 462 279 502 de
316 459 606 509 contractibus,
632 461 887 514 confessariis
911 459 1055 500 utilem.

105 526 241 574 Quetlr
257 525 281 564 1.
301 535 333 564 0.
358 537 393 575 p.
414 523 504 563 895.
524 524 726 564 Altamura
753 538 788 576 p.
809 526 897 564 235.

158 587 358 628 THOMAS
371 586 416 626 de
432 586 607 632 Vintona,
619 587 706 626 vide
728 587 888 626 Thomas
906 588 1054 626 Sutton.

159 649 360 691 THOMAS
394 648 563 703 Virlejus
580 682 590 698 ,
617 649 841 700 Theologus
879 649 1032 700 Anglus
1049 676 1059 692 ‚

105 714 246 755 aetatis
272 714 456 759 incertae,
474 714 633 763 scripsit
655 712 994 753 Commentarzum
1020 712 1060 751 in

106 787 237 816 omnes
261 775 308 815 D.
329 774 454 815 Pauli
470 773 680 827 Epistulas.
706 775 872 814 Balaeus
893 775 1058 814 Centur.

106 841 157 880 X.
179 838 243 880 96.
267 840 437 883 Pitseus,
470 839 648 890 Append.
674 838 790 878 Cent.
814 838 876 877 IV.
899 829 965 877 67.
991 839 1059 877 Le-

107 901 252 942 landus
275 913 308 940 c.
348 902 439 942 371.
465 903 659 941 Fortassis
697 901 798 940 idem
835 905 908 948 est,
938 912 1058 951 quem

106 965 188 1004 Jac.
203 964 340 1011 Quotif
361 965 408 1004 de
433 965 696 1016 Scriptoribus
716 964 798 1003 ord.
818 964 1060 1003 Praedicato-

108 1039 198 1067 rum
224 1031 320 1066 tom.
345 1028 373 1066 Ι.
398 1040 436 1079 p.
460 1027 551 1067 731.
577 1026 785 1067 THOMAM
811 1025 857 1065 de
887 1025 1058 1066 Vir-duno

107 1088 217 1139 dicit,
240 1091 384 1141 cuique
406 1102 484 1129 sec.
510 1091 594 1129 XV.
618 1089 767 1128 tribuit.

161 1152 363 1193 THOMAS
397 1152 443 1192 de
470 1151 595 1200 Utino,
625 1151 709 1190 ord.
743 1150 1058 1190 Praedicatorum

107 1216 210 1255 circa
229 1227 263 1255 a.
281 1215 396 1256 1183.
421 1217 580 1266 scripsit
603 1216 806 1254 Summam
830 1212 875 1253 de
899 1211 1058 1252 casibus

107 1277 465 1326 conscientiae‚seu
487 1276 533 1316 de
557 1275 688 1317 dubiis
709 1288 785 1328 per
810 1279 930 1315 totam
953 1278 1059 1325 Qua-

106 1339 383 1392 drayesimam.
403 1340 548 1388 Quetif.
571 1340 594 1379 l.
616 1351 648 1378 0.
680 1351 715 1390 p.
739 1339 833 1378 865.
853 1339 1060 1379 Altamura

162 1465 366 1507 THOMAS
398 1466 602 1513 Netterus,
634 1463 874 1513 Waldensis‚
913 1476 934 1504 a
975 1465 1060 1503 vico

111 1530 278 1570 Walden
305 1531 341 1569 in
363 1541 454 1582 agro
477 1530 732 1577 Essexiensi‚
753 1530 937 1580 Magister
961 1527 1064 1566 Oxo-

109 1595 274 1642 0100515,
299 1594 510 1635 Carmelita
530 1593 805 1640 Londinensis,
828 1591 978 1630 ordinis
1002 1592 1063 1630 sui

109 1658 392 1708 Provincialis,
414 1658 578 1696 intimus
611 1661 651 1696 et
690 1669 712 1696 a
736 1655 1062 1695 Confessionibus

109 1721 254 1772 Regis,
292 1723 440 1761 missus
473 1725 538 1760 est
562 1732 595 1760 a.
622 1720 723 1760 1409
754 1718 802 1758 00
838 1719 1058 1759 Concilium

110 1785 311 1832 Pisanum,
334 1796 369 1824 a.
409 1783 511 1824 11115
551 1784 599 1823 ad
624 1784 842 1824 Concilium
869 1782 1061 1821 Constan-

110 1848 262 1896 tiense,
293 1859 327 1887 a.
355 1849 456 1888 1119
482 1847 528 1887 00
555 1849 701 1899 Regem
728 1847 906 1886 Poloniae
927 1851 967 1885 01
990 1844 1063 1885 Or-

111 1910 214 1950 dinis
228 1912 432 1951 Teutoniei
453 1913 694 1962 Magistrum,
713 1911 807 1950 obiit
832 1910 1062 1960 Rothomagi

110 1974 256 2026 Regem
278 1980 443 2014 secutus
461 1986 493 2013 a.
514 1977 526 2014 1
543 1974 628 2014 ἰ30.
646 1976 789 2014 Exstat
805 1974 892 2026 ejus
911 1974 1063 2013 Doctri-

111 2039 200 2080 nale
229 2037 516 2093 Antiquitatum
536 2037 632 2091 fidei
655 2036 856 2077 Eccles'ae
892 2037 1060 2078 Catholi-

36 2154 40 2156 .
110 2115 192 2152 cae,
229 2103 424 2143 adversus
448 2101 669 2140 Wiclefitas
704 2106 744 2140 et
769 2103 964 2149 Hussitas7
992 2104 1063 2141 im-

111 2178 293 2221 pressum
318 2166 439 2205 Paris.
460 2165 562 2205 1532
586 2164 649 2203 fol.
673 2165 936 2204 Salmanticae
960 2165 1063 2206 1556

113 2232 176 2272 fol.
213 2235 254 2270 et
289 2241 381 2269 cum
417 2229 606 2267 brevibus
642 2227 970 2267 elucidationibus
1005 2231 1061 2268 Jo.

111 2297 222 2346 Bapt.
243 2292 382 2340 Rubei‚
407 2291 544 2330 Venet.
571 2290 665 2330 1571
699 2291 761 2329 fol.
795 2290 943 2330 1000110
969 2296 1063 2330 5001

113 2358 228 2407 longe
264 2355 406 2406 plura,
445 2353 656 2394 comment.
695 2353 734 2391 iu
769 2353 906 2393 varios
943 2351 1065 2393 libros

111 2417 292 2467 Biblicosf
318 2416 358 2456 in
381 2415 617 2468 Maqistrum
651 2416 963 2463 Sententiarum,
993 2418 1064 2456 De-

111 2481 330 2536 fensorium
344 2479 473 2532 pacis,
497 2481 704 2518 Sermones
727 2489 860 2517 coram
882 2481 992 2530 Reqe,
1014 2479 1068 2519 ad

115 2543 264 2585 clerum
290 2542 574 2590 Oocouiensem,
600 2541 640 2580 in
661 2539 802 2594 funere
826 2541 963 2593 Reyis‚
990 2543 1064 2580 Fa-

113 2607 288 2648 sciculus
312 2607 344 2646 Z
350 2605 576 2646 izaniorum
610 2603 778 2658 lls'iclesfi,
805 2605 1002 2655 Responsa
1028 2605 1066 2644 in

117 2669 292 2712 Concilio
317 2668 474 2716 Pisano,
497 2668 550 2707 ad
574 2667 723 2707 clerum
748 2667 786 2706 in
811 2667 940 2706 eodem
967 2667 1064 2707 Con-

114 2733 230 2784 cilio,
257 2733 368 2774 Orat.
399 2731 453 2771 ad
492 2731 707 2772 Caesarem
743 2729 1064 2781 sigismundum,

112 2796 169 2837 ad
216 2793 434 2838 Concilium
486 2792 806 2841 Constantiense‚
865 2792 1065 2844 Epistolas

115 2859 276 2900 CLXIV.
302 2857 548 2898 Gravamina
582 2855 759 2908 fratrum
795 2859 936 2895 contra
961 2857 1067 2896 0500-

112 2923 289 2972 aienses,
326 2921 367 2960 in
399 2919 538 2960 varios
576 2917 697 2958 libros
732 2917 955 2958 Aristotelis
996 2923 1065 2959 etc.

111 2986 354 3026 Trithemius
388 2983 437 3022 de
473 2984 653 3033 scriptor.
687 2983 792 3021 Eccl.
816 2993 851 3021 0.
875 2982 964 3021 767.
994 2983 1063 3022 Le-

113 3047 257 3089 landus
271 3058 302 3086 c.
321 3046 398 3086 332
420 3046 585 3085 8010005
598 3044 710 3084 Cent.
731 3044 810 3083 Vll.
829 3044 891 3083 81.
911 3046 1064 3085 Pitseus

114 3123 147 3152 0.
170 3109 262 3149 797.
282 3109 527 3148 whartonus
553 3109 588 3146 in
613 3106 791 3158 Append.
817 3106 863 3146 ad
889 3108 1065 3147 Cavenm

118 3172 338 3226 p.74.Petri
360 3171 463 3211 Lucii
484 3171 579 3210 Bibl.
603 3169 865 3210 Carmelitana
884 3182 919 3221 p.
930 3170 991 3219 79,
1003 3171 1064 3210 80.

167 3234 370 3275 THOMAS
411 3232 597 3280 Walters,
633 3233 730 3272 alias
771 3232 992 3273 Guallensis
1025 3239 1065 3274 et

114 3296 301 3350 Anylicus
324 3297 473 3345 010105,
492 3295 912 3344 Cimbro-Britannus,
937 3298 1064 3336 Domi-

116 3363 283 3404 nicanus
312 3364 352 3400 et
375 3359 608 3410 'theologiae
632 3359 773 3398 Doctor
808 3359 1064 3411 oxoniensis,

2014 196 2091 236 557

1141 270 1330 310 Joannem
1348 270 1472 310 XXll.
1491 270 1601 309 Pont.
1617 270 1715 310 Max.
1735 272 1984 321 praesentem
1999 269 2092 310 hae-

1137 344 1270 373 105005
1309 335 1532 382 accusavit,
1558 333 1607 372 ob
1643 332 1677 371 id
1707 334 1742 371 in
1780 333 1936 373 vincula
1961 332 2092 385 conje-

1136 401 1239 444 ctus,
1280 396 1347 435 sod
1385 396 1516 447 paullo
1541 400 1629 446 post
1672 396 1876 436 liberatus.
1913 397 2018 436 Vixit
2055 409 2088 436 a.

1138 459 1250 498 1330.
1266 460 1420 509 Scripta
1439 458 1525 508 ejus
1548 458 1643 497 hacc
1669 464 1955 498 memorantur:
1976 460 2089 500 Com-

1136 525 1249 560 ment.
1290 520 1329 559 in
1364 520 1499 573 plures
1524 519 1644 560 libros
1668 520 1853 570 ethaeos,
1891 521 1931 561 in
1953 522 2089 574 Anqu-

1135 586 1281 623 stinum
1304 582 1350 622 de
1374 583 1531 622 civitate
1557 583 1641 630 Dei,
1667 583 1706 621 in
1730 584 1965 635 illaqistrum
1989 587 2086 626 Sen-

1135 646 1359 690 tentiarum,
1377 644 1423 684 (Ιο
1438 649 1499 684 sta
1509 649 1549 684 tu
1569 645 1795 685 animarum
1806 651 1896 699 post
1910 653 2088 700 mortem,

1134 707 1180 747 cle
1199 707 1362 748 videndo
1377 707 1521 760 faciem
1542 709 1614 747 Dei
1629 713 1718 760 post
1740 712 2085 761 resurrectionem,

1134 771 1180 811 cle
1218 770 1369 810 theoria
1406 769 1469 810 vel
1502 775 1589 810 arte
1625 772 1912 823 praedicandi,
1950 780 2089 816 contra

1136 833 1424 878 Iconoclastas.
1454 833 1501 872 cle
1546 833 1784 887 temporibus
1828 835 1868 874 in
1900 842 2091 889 potestate

1128 896 1272 949 patris,
1288 893 1608 936 illoralizationes
1625 896 1664 935 in
1682 897 1875 943 Ovidium,
1886 899 1932 938 (le
1945 899 2090 953 formis

1133 962 1310 999 veterum
1326 959 1497 997 Deorum
1513 963 1588 998 etc.
1612 959 1747 998 Solent
1763 960 1842 999 fere
1867 973 1982 1012 opera
2001 964 2087 1014 ejus

1134 1026 1173 1060 et
1199 1021 1372 1060 Thomae
1401 1020 1538 1069 Jorsii,
1564 1021 1686 1072 hujus
1717 1023 1811 1061 item
1836 1028 1876 1062 et
1911 1024 2089 1065 Thomae

1134 1082 1343 1134 Aquinatis
1375 1083 1576 1123 confundi.
1614 1085 1758 1124 Confer
1800 1087 2016 1127 Lelandum
2057 1100 2091 1127 c.

1138 1146 1227 1186 325.
1264 1146 1524 1186 Trithemium
1549 1158 1582 1186 c.
1605 1147 1694 1186 696.
1718 1148 1905 1188 Balaeum
1931 1151 2092 1191 Centur.

1136 1208 1181 1248 V.
1199 1208 1259 1249 35.
1281 1210 1453 1248 Ρ1150010
1475 1220 1508 1248 0.
1525 1209 1614 1255 501..
1631 1210 1893 1250 Whartonum
1913 1212 2091 1264 Append.

1136 1270 1182 1310 ad
1207 1271 1383 1311 Caveum
1407 1283 1442 1322 p.
1467 1271 1532 1311 21.
1555 1272 1637 1310 Jac.
1660 1272 1796 1319 Quetif
1815 1272 1863 1312 de
1889 1275 2094 1326 Scriptori·

1135 1333 1212 1373 bus
1231 1333 1314 1372 ord.
1340 1333 1656 1374 Praedicator-um
1676 1340 1702 1374 t.
1723 1336 1749 1374 1.
1775 1347 1810 1386 p.
1837 1336 1926 1376 597.
1959 1338 2095 1378 Ambr.

1137 1396 1186 1434 ab
1221 1395 1426 1435 Altamura
1463 1409 1499 1448 p.
1544 1397 1632 1436 147.
1656 1397 1808 1437 0100101
1838 1400 2088 1441 Athenaeum

1141 1460 1307 1498 Roman.
1326 1470 1363 1509 p.
1389 1459 1478 1498 626.
1503 1459 1704 1499 Oudinum
1728 1465 1833 1499 tomo
1857 1463 1922 1501 111.
1946 1475 1980 1514 p.
2007 1465 2097 1504 906.

1202 1521 1224 1544 ’ἓ
1244 1521 1430 1568 Quaestio
1451 1526 1513 1560 est
1533 1533 1679 1574 anceps
1697 1535 1790 1563 num
1815 1524 1917 1573 huic,
1934 1537 2003 1566 seu
2025 1529 2095 1566 Ro-

1137 1584 1249 1623 berto
1271 1585 1419 1624 llolcoti
1441 1584 1567 1635 Anglo
1593 1585 1802 1625 tribuenda
1825 1589 1876 1626 sit
1900 1590 2096 1640 expositio

1138 1648 1180 1685 iu
1208 1647 1427 1687 proverbia
1451 1647 1674 1689 Salomonis
1691 1680 1700 1696 ‚
1723 1662 1844 1702 quam
1872 1653 1946 1692 sub
1973 1656 2096 1693 utriu-

1138 1722 1238 1762 sque
1283 1712 1400 1750 simul
1449 1713 1607 1750 nomine
1651 1714 1831 1764 vulgavit
1864 1718 2094 1757 Ascensius.

1137 1775 1294 1813 Parisiis
1324 1775 1437 1815 1510.
1455 1787 1534 1826 quo
1560 1777 1596 1814 in
1623 1777 1863 1827 praefatione
1888 1779 2095 1830 profitetur

1135 1847 1351 1888 agnoscere
1373 1848 1416 1876 se
1440 1839 1476 1876 10
1503 1842 1583 1877 1010
1600 1838 1672 1878 hoc
1687 1851 1803 1891 opere
1827 1842 1985 1881 vultum
2008 1844 2095 1882 Val-

1136 1904 1249 1953 lesii3
1293 1915 1416 1954 quare
1460 1908 1572 1956 putat
1613 1917 1661 1944 ex
1699 1905 1941 1957 indulgentia
1998 1919 2097 1958 qua-

1137 1968 1227 2007 dam
1246 1968 1394 2007 Holcoti
1413 1980 1556 2007 nomen
1578 1969 1750 2020 praefigi.
1768 1969 1843 2009 Sed
1865 1970 2092 2012 Ludovicus

1140 2033 1341 2073 Valleoleti
1368 2045 1406 2072 0.
1442 2032 1507 2072 111.
1533 2037 1704 2072 testatur
1740 2034 1945 2073 Holcotum
1971 2037 2096 2088 scrip-

1138 2098 1240 2137 sisse
1264 2095 1380 2137 valde
1402 2093 1631 2135 notabiliter
1654 2097 1785 2148 Super
1809 2109 1940 2137 omnes
1969 2098 2094 2140 libros

1138 2158 1392 2212 sapientiales
1409 2172 1422 2209 ‚·
1442 2159 1545 2210 quod
1574 2171 1649 2197 000
1689 2159 1789 2198 dixit
1812 2161 1860 2200 de
1885 2163 2095 2203 Vallensio.

1142 2223 1236 2262 Vide
1262 2222 1479 2261 Lambeker
1499 2222 1680 2262 Biblioth.
1702 2222 1835 2275 Antiq.
1863 2226 1977 2265 civic.
2002 2228 2096 2266 Vin-

1139 2286 1279 2325 dobon.
1310 2299 1344 2337 p.
1371 2284 1436 2324 [11.

1194 2349 1397 2389 THOMAS
1427 2347 1716 2401 Walsiuyham,
1752 2361 1774 2389 a
1798 2351 1921 2402 patria
1946 2352 2004 2391 sic
2038 2352 2095 2392 di-

1139 2417 1243 2461 ctus,
1267 2412 1408 2464 oppido
1433 2413 1698 2452 Norfolcensis
1721 2412 1939 2462 districtus,
1960 2426 2095 2454 mona-

1140 2476 1240 2516 chus
1264 2481 1303 2515 et
1338 2479 1571 2515 praecentor
1605 2477 1642 2513 in
1669 2477 1855 2515 coenobio
1879 2479 1918 2516 S.
1953 2478 2094 2518 Albani

1140 2544 1243 2581 circa
1260 2553 1294 2581 a.
1316 2540 1521 2580 11105011
1529 2541 1605 2591 psit
1622 2540 1865 2592 Hypodiyma
1881 2540 2096 2582 Neustriae

1140 2617 1160 2645 a
1186 2616 1266 2644 500.
1286 2605 1365 2643 Vll.
1395 2615 1520 2654 usque
1545 2603 1591 2642 ad
1613 2615 1647 2642 a.
1670 2602 1774 2644 4416
1798 2604 1902 2656 quod
1927 2604 2097 2646 habetur

1140 2669 1179 2706 in
1197 2666 1462 2718 Scriptoribus
1480 2667 1717 2706 Britannicis
1738 2667 1926 2707 Camdeni
1946 2679 1982 2718 p.
2005 2669 2095 2708 409.

1141 2729 1237 2769 edit.
1276 2729 1442 2768 Francos
1496 2730 1589 2768 item
1630 2728 1851 2769 Chronicon
1889 2728 2008 2771 breve
2046 2733 2095 2772 ab

1139 2804 1244 2832 anno
1267 2792 1383 2838 1273,
1418 2791 1520 2831 1122
1555 2792 1643 2832 ibid.
1671 2805 1706 2844 p.
1737 2791 1800 2832 37.
1825 2794 1977 2834 Inedita
2000 2800 2095 2835 sunt

1142 2854 1379 2895 Auctarium
1422 2853 1694 2907 Polyclzronz'ci
1727 2856 1880 2896 Ranulfi
1911 2856 2095 2909 Higdeni‚

1141 2923 1181 2957 et
1208 2915 1328 2957 Gesta
1353 2918 1513 2956 Henrici
1549 2919 1608 2957 VI.
1633 2918 1800 2958 Balaeus
1824 2919 1988 2960 Centur.
2015 2922 2094 2960 Vll.

1143 2982 1206 3020 88.
1228 2982 1382 3020 Pitseus
1402 2992 1434 3020 0.
1462 2981 1552 3021 816.
1575 2981 1822 3021 Wbastonus
1843 2983 2022 3033 Append.
2046 2983 2095 3022 ad

1143 3044 1320 3083 Caveum
1344 3057 1379 3094 p.
1409 3045 1472 3084 98.
1493 3044 1676 3084 0001005
1697 3050 1801 3084 tomo
1827 3047 1891 3084 Ill.
1916 3058 1951 3097 p.
1978 3046 2097 3087 2423.

1194 3106 1401 3147 THOMAS
1444 3106 1587 3156 Wiclce‚
1614 3108 1697 3147 ord.
1722 3107 1759 3146 S.
1783 3108 1995 3160 Augustini
2021 3111 2093 3151 Ca-

1143 3172 1306 3210 nonicus
1340 3170 1530 3222 regularis
1550 3173 1587 3210 in
1622 3171 1806 3211 coenobio
1829 3172 2094 3224 Osneyjuxta

1141 3235 1358 3280 oxonium,
1379 3235 1479 3273 circa
1517 3246 1551 3274 0.
1577 3233 1690 3274 1290.
1716 3234 1813 3286 Ejus
1842 3240 1938 3274 sunt
1973 3235 2094 3277 Chro-

1141 3297 1231 3336 nica
1262 3296 1553 3349 compendiosa,
1590 3296 1694 3348 quod
1736 3298 1831 3337 alias
1874 3297 2094 3340 chronicon

1142 3357 1457 3412 Sali'sburyensis
1478 3359 1706 3401 monasterii
1725 3365 1902 3413 vocatur,
1919 3366 2024 3403 tomo
2045 3364 2090 3411 11.
