2517 4009
939 240 1223 281 PASTOR

91 320 345 361 ciacconius,
375 317 655 366 WaddinguS‚
685 315 849 353 Vossius
878 316 1042 365 aliique:

93 394 208 422 nemo
239 383 303 422 ubi
333 381 483 420 editum
515 382 632 422 fuerit
680 382 771 421 illud
818 391 944 430 opus,
983 380 1045 418 vel

92 449 156 488 ubi
204 447 516 496 Manuscriptum
565 446 772 485 delitescat
825 446 1045 485 annotavit.

91 511 201 551 Idem
231 509 443 549 dicendum
492 509 541 547 de
585 511 724 548 multis
763 509 848 560 ejus
878 521 1046 560 quorum

94 574 327 614 Giacconius
372 574 463 612 facit
507 578 775 620 mentionem.
806 580 1050 615 commenta-

94 638 163 676 riis
193 638 229 675 in
261 637 382 676 libros
407 649 541 677 sacros
573 640 850 690 profanosque.

147 700 342 740 PASTOR
372 702 419 739 de
445 703 681 742 Curatorum
711 704 879 741 miseriis
904 704 1049 740 citatur

95 763 198 816 apud
227 764 393 803 Meibom
424 769 450 802 t.
482 766 505 803 2
537 777 612 804 rer.
641 766 830 804 German.
861 778 897 813 p.
934 767 995 804 44.

147 826 340 866 PASTOR
371 827 591 878 Episcopus
633 829 666 873 a)
704 827 921 878 composuit
947 827 1054 865 libel-

98 890 178 930 lum
201 890 243 928 in
264 889 422 928 modum
448 891 624 939 symboli
656 902 830 940 parvum
852 894 972 928 totam
990 902 1055 940 pe-

96 965 145 992 ne
170 952 490 992 Ecclesiasticam
513 952 787 991 credulitatem
812 953 848 991 bx
871 964 943 1003 per
967 965 1052 992 sen-

100 1017 241 1057 tentias
264 1016 532 1055 continentem.
557 1016 602 1054 In
625 1028 702 1067 quo
735 1016 838 1054 inter
875 1020 1056 1055 caeteras

99 1079 389 1119 dissensionum
411 1079 659 1130 pravitates,
682 1091 782 1130 quas
800 1079 1059 1129 praetermis-

103 1143 158 1182 sis
177 1141 390 1181 authorum
409 1140 612 1180 vocabulis
635 1141 961 1185 anathematizat.
980 1143 1060 1180 Pri-

102 1206 301 1245 scillianos
331 1217 419 1243 cum
448 1203 638 1255 Episcopo
668 1204 700 1247 c)
727 1203 908 1242 authoris
938 1204 1061 1241 nomi-

100 1280 149 1307 ne
176 1267 349 1306 damnat.
393 1268 496 1305 Haec
541 1266 771 1305 Gennadius
811 1278 895 1316 cap.
927 1267 989 1304 76.
1022 1271 1062 1305 et

107 1343 155 1370 ex
187 1341 232 1366 eo
263 1331 456 1368 Honorius
486 1329 549 1367 lib,
581 1329 617 1366 2.
648 1339 732 1377 cap.
760 1327 823 1367 75.

155 1391 350 1431 PASTOR
380 1389 530 1430 Gallus.
563 1391 716 1440 Supra,
750 1392 893 1429 Pastor
922 1390 969 1429 de
997 1389 1065 1429 Al-

106 1453 288 1494 bernaco.

155 1517 349 1557 PASTOR
379 1517 509 1568 presb.
540 1518 650 1555 Rom.
684 1516 758 1555 sub
788 1515 906 1565 cujus
938 1519 1064 1555 nomi-

106 1592 155 1619 ne
187 1578 364 1631 Epistola
408 1579 454 1618 ad
500 1579 755 1618 Timotheum
787 1579 920 1618 Presb.
952 1581 1063 1618 Rom.

107 1643 211 1681 circa
240 1640 287 1680 A.
318 1643 407 1681 454.
437 1641 486 1680 de
515 1641 625 1681 Actis
667 1641 868 1681 Praoeedz's
912 1645 952 1680 et
992 1644 1068 1681 Pu-

108 1703 319 1744 dentianae
339 1706 485 1743 sororis
506 1706 625 1744 missa
647 1717 715 1756 per
734 1705 953 1744 Eusebium
980 1706 1069 1744 Dia-

108 1776 256 1806 conum
286 1771 420 1806 exstat
448 1773 543 1806 tom.
575 1768 624 1807 lV
654 1768 741 1808 Act.
774 1768 951 1806 Sanctor.
989 1769 1069 1807 Ma-

101 1829 131 1880 ji
163 1831 225 1870 49.
258 1842 346 1881 pag.
374 1830 466 1869 299.
497 1842 588 1869 cum
619 1831 866 1870 TlMOTHEI
908 1831 1091 1880 respon-'

107 1892 217 1930 sione
258 1893 315 1930 De.
343 1892 522 1931 Praxede
565 1893 744 1931 conferre
787 1892 920 1931 licebit
966 1897 993 1931 t.
1038 1893 1070 1930 V

113 1954 205 1993 Julii
236 1954 299 1992 24.
329 1967 364 2004 p.
398 1955 485 1992 430.
516 1966 600 2006 seq.

160 2017 217 2056 De
245 2015 526 2056 PASTORALI
547 2017 723 2062 Gregorii
750 2018 797 2056 M.
825 2017 976 2056 dictum
1004 2030 1070 2056 su-

107 2090 176 2129 pra
208 2083 301 2117 tom.
333 2081 355 2118 3
387 2091 475 2127 pag.
519 2080 582 2117 82.
629 2080 802 2118 Exstant
832 2084 872 2117 et
902 2081 974 2119 alia
1000 2082 1068 2119 Pa-

108 2142 268 2180 storalia
295 2141 451 2191 juniora
475 2171 483 2187 ‚
516 2145 560 2180 ut
591 2141 695 2192 quod
721 2141 770 2181 ad
802 2153 944 2181 manus
975 2144 1069 2182 mihi

110 2209 172 2243 est
203 2202 410 2243 Pastorale
436 2205 654 2243 Romanum
678 2216 748 2255 pro
774 2216 848 2244 usu
874 2204 1070 2243 dioecesis

111 2264 430 2318 Osnabruqensis
452 2299 461 2314 ,
489 2266 605 2317 jussu
636 2268 834 2306 Francisci
884 2268 1069 2306 Guilelmi

107 2329 292 2380 Episcopi
322 2328 473 2369 editum
506 2330 731 2381 Osnabrugi
765 2331 879 2369 4629.
927 2329 962 2369 [ι.
1008 2331 1071 2369 Sic

111 2390 378 2430 Gandavense
408 2396 448 2430 et
476 2393 728 2430 Tornacense
762 2392 805 2430 A.
839 2393 958 2431 ⁴625.
996 2395 1074 2432 Me-

109 2452 330 2490 chliniense
359 2451 407 2490 A·
442 2452 557 2490 ⁴589.
592 2453 706 2491 4607.
739 2455 1072 2493 Ruremundense.

113 2515 158 2552 A.
188 2514 304 2552 4599.
349 2518 389 2551 et
438 2515 744 2563 Salisburgense
788 2516 833 2554 A.
881 2516 994 2554 4627.
1033 2517 1070 2554 in

110 2575 210 2615 Bibl.
235 2575 454 2614 Telleriana
476 2604 484 2619 ‚
517 2588 618 2626 quae
645 2576 758 2614 hodic·
786 2578 823 2615 S.
850 2578 1072 2616 Genovefa—

113 2649 188 2676 nae
217 2638 412 2684 accessit,
443 2639 607 2675 Parisiis
637 2643 911 2677 asservantur.

165 2698 541 2738 PATAVIENSIUM
589 2702 674 2737 sive
724 2701 1074 2740 PASSAVIENSI-

114 2763 184 2802 UM
204 2762 438 2816 praesulum
457 2762 618 2801 indiculi
637 2762 685 2800 ab
703 2763 745 2801 Α.
772 2763 862 2802 722.
886 2764 932 2802 ad
957 2764 1072 2802 4448.

114 2828 154 2862 et
184 2824 301 2863 4285.
329 2823 433 2862 obvii
464 2827 501 2861 in
535 2824 766 2874 Hieronymi
799 2827 899 2864 Pezii
927 2831 1025 2864 tom.
1051 2828 1064 2864 4

114 2887 356 2936 scriptorum
378 2886 676 2926 Austriacorum
698 2917 705 2935 ‚
731 2889 793 2927 cui
813 2889 938 2938 junge
964 2900 1075 2937 prae-

115 2948 208 2987 clari
252 2947 332 2985 Viri
375 2949 600 2998 Raymundi
650 2949 794 2988 Duellii
825 2950 1074 2989 Miscellanoa

116 3009 183 3049 lib.
211 3010 248 3048 2.
279 3020 366 3058 pag.
394 3009 486 3048 297.
533 3021 614 3061 seq.
658 3012 773 3050 Marci
815 3013 986 3051 Hansizii
1017 3017 1075 3051 to-

118 3083 226 3112 mum
259 3072 431 3122 primum
461 3071 696 3111 Germaniae.
727 3084 888 3122 sacrae,
930 3074 1074 3114 l·lundii

178 3248 212 3285 a)
237 3251 405 3289 Hispanus
429 3250 589 3287 tortasse,
612 3251 702 3282 circa
732 3254 768 3281 Α.
794 3252 829 3282 C.
857 3252 929 3283 400.

2005 251 2072 290 191

1122 318 1356 368 metropolin
1389 319 1741 370 Salisburgensem
1767 326 1860 358 tom.
1890 324 1903 360 4
1937 334 1970 372 p.
1996 323 2083 360 490.

1122 392 1204 431 seq.
1237 385 1313 420 etc.

1178 443 1419 484 Franciscus
1437 445 1942 496 P.:xT.=xV1NUS,siipra‚Jo.
1955 450 2082 486 Fran-

1125 506 1254 546 ciscus
1284 507 1517 545 PAVlNlUS
1547 513 1586 545 et
1615 514 1642 546 t.
1669 510 1693 547 2
1724 523 1758 559 p.
1792 511 1883 549 602.

1178 570 1427 609 PATERIUS
1448 573 1645 609 Romanae
1669 571 1869 612 Ecclesiae
1899 575 2082 614 notarius

1127 637 1165 671 et
1191 632 1513 678 secundicerius,
1545 633 1728 685 colliqens
1758 636 1889 675 omnia
1919 637 2085 677 Divinae

1125 695 1350 746 scripturae
1375 695 1621 739 testimonia.
1644 709 1719 747 per
1744 710 1846 749 quae
1871 701 2086 745 Gregorius

1127 757 1300 797 obscura
1323 770 1421 797 suae
1446 759 1707 810 eoepositionis
1735 759 1981 805 dilucidavit,
2005 769 2086 803 tres

1128 822 1249 860 libros
1277 820 1412 860 edidit.
1444 823 1551 860 Duos
1579 822 1626 860 de
1670 823 1900 863 testimoniis
1943 828 2090 866 veteris

1130 883 1385 923 instrumenti
1406 914 1412 931 ,
1445 888 1483 922 et
1504 896 1627 923 unum
1673 884 1719 923 cle
1744 887 1975 927 testimoniis
2000 889 2092 928 novi

1134 945 1374 992 testamenti,
1419 946 1625 998 ipsumque
1664 946 1834 987 codicem
1873 949 2090 1000 appellavit

1133 1010 1275 1048 librum
1324 1011 1656 1049 testimoniorum.
1700 1012 1803 1050 Haec
1847 1012 1895 1049 de
1939 1015 2090 1051 Paterio

1136 1073 1366 1117 Sis-*ebertus
1399 1084 1483 1122 cap.
1515 1073 1577 1111 43.
1610 1073 1658 1112 de
1690 1075 1726 1111 S.
1753 1075 1796 1113 E.
1830 1076 1870 1113 ln
1898 1076 2091 1119 Chronico

1137 1135 1431 1173 {fontanellensi
1476 1135 1579 1186 apud
1622 1136 1856 1175 Dacherium
1887 1144 1915 1176 t.
1945 1139 1968 1177 2
1998 1138 2092 1176 edit.

1140 1209 1266 1235 novae.
1299 1209 1382 1247 pag.
1413 1198 1502 1236 280.
1535 1200 1638 1237 inter
1668 1200 1788 1238 libros
1819 1201 1924 1239 illius
1953 1213 2095 1239 coeno-

1139 1260 1188 1297 bii
1220 1259 1338 1297 video
1369 1262 1603 1298 memorari:
1635 1261 1774 1300 TAGll
1811 1265 2096 1301 sententiarum

1145 1319 1328 1359 Volumen
1353 1333 1489 1359 unum.
1535 1322 1850 1374 Eoecerptionum
1878 1321 2094 1364 'PATERH

1141 1383 1187 1421 de
1220 1382 1351 1421 Veteri
1374 1395 1422 1421 ac
1452 1384 1559 1422 Novo
1588 1385 1825 1424 Testamento
1846 1400 1901 1426 eac
1922 1388 2097 1439 Opuscu-

1143 1445 1191 1484 lis
1219 1446 1263 1483 Β.
1296 1446 1483 1495 Greqorii
1504 1447 1634 1497 Papae
1655 1446 1801 1486 librum
1824 1462 1946 1487 unum
1965 1464 1971 1488 ;
1994 1452 2098 1489 Evt-

1140 1509 1185 1548 1³1
1211 1509 1324 1558 (lege
1352 1507 1568 1551 EUGIPlIl
1595 1521 1650 1547 em
1674 1511 1872 1562 opusculis
1898 1513 1938 1550 B.
1965 1514 2099 1564 Anqu-

1141 1571 1294 1622 qustini
1310 1571 1493 1610 similiter
1515 1572 1696 1611 Volumen
1721 1586 1846 1612 unum
1883 1577 1938 1613 De.
1961 1576 2098 1615 eodem

1142 1635 1372 1674 ALULFUS
1400 1635 1618 1674 Monachus
1641 1637 1678 1675 S.
1700 1638 1853 1676 Martini
1879 1639 2103 1676 Tornacen-

1144 1700 1199 1736 sis
1227 1699 1329 1737 circa
1373 1699 1417 1737 A.
1455 1700 1571 1738 4096.
1602 1701 1639 1738 in
1673 1701 1829 1751 prologo
1860 1700 2100 1750 Gregorialis

1144 1762 1218 1801 sui.
1263 1760 1367 1810 Quia
1407 1761 1532 1812 iqitur
1562 1764 1757 1802 paterium
1779 1790 1801 1811 ‚s
1835 1764 1878 1801 Β.
1921 1763 2107 1813 Grepsortz·

1145 1827 1234 1876 (qui
1265 1825 1308 1864 A.
1357 1825 1448 1863 604.
1489 1826 1607 1874 obiit)
1638 1825 1883 1877 discipulum
1931 1826 2105 1878 ejusdem

1134 1888 1261 1939 jussu
1292 1886 1525 1935 Praesulis‚
1570 1900 1666 1940 cpus
1713 1888 1842 1928 simile
1873 1888 2015 1941 fecisse
2044 1901 2107 1928 co-

1139 1962 1384 2001 qnoveram,
1416 1951 1531 2003 cujus
1573 1950 1728 2003 quidem
1755 1951 1999 2004 principium
2038 1964 2106 1991 su-

1145 2026 1214 2065 per
1241 2014 1414 2053 Genesin
1461 2013 1627 2053 libenter
1665 2013 1861 2065 leqeram.
1899 2018 2105 2066 sequentes

1145 2080 1277 2115 autem
1302 2075 1424 2116 libros
1447 2089 1701 2129 nequaquam
1718 2077 1895 2116 invenire
1910 2081 2106 2130 poteram,

1143 2143 1356 2189 qratanter
1380 2144 1418 2178 et
1437 2140 1646 2179 ardentius
1671 2139 1838 2178 Abbatis
1858 2140 1939 2179 mei
1960 2143 1969 2187 ζ
1986 2141 2105 2181 OD0-

1144 2204 1224 2242 MS
1242 2204 1251 2251 )
1267 2203 1556 2242 hortamentum
1574 2207 1612 2241 et
1626 2203 1836 2254 imperium
1855 2205 2016 2256 suscepi
2030 2210 2107 2243 etc.

1146 2265 1316 2314 Colligas
1342 2265 1432 2303 inde
1458 2268 1597 2304 Paterii
1619 2267 1743 2316 ipsius
1768 2279 1867 2316 opus
1892 2269 2106 2306 maximam

1146 2333 1300 2379 partem
1326 2328 1603 2375 intercidisse,
1635 2329 1737 2380 quod
1781 2330 1862 2380 jam
1904 2341 1975 2368 suo
2009 2335 2110 2367 tem-

1148 2402 1239 2442 pore
1269 2392 1444 2440 reperire
1488 2391 1646 2430 Alulfus
1689 2404 1766 2430 non
1814 2394 1968 2442 potuit,
2000 2392 2105 2442 quod

1145 2458 1279 2492 autem
1309 2454 1420 2491 Rom.
1448 2455 1561 2493 4553.
1589 2454 1733 2504 prodiit
1755 2459 1794 2492 et
1819 2454 1922 2504 quod
1952 2455 1988 2491 in
2015 2455 2111 2492 Gre-

1146 2516 1241 2562 gorii
1272 2516 1318 2553 Μ.
1350 2516 1546 2566 Operibus
1568 2521 1700 2555 exstat
1732 2529 1832 2567 opus
1865 2517 2018 2563 similo,
2045 2516 2111 2554 de-

1146 2577 1227 2615 beri
1258 2577 1456 2616 ALULFO
1500 2578 1617 2621 huic,
1655 2578 1703 2616 de
1734 2591 1812 2629 quo
1837 2583 1933 2617 tom.
1968 2581 1981 2618 4
2021 2591 2108 2628 pag.

1146 2638 1211 2676 72.
1244 2639 1306 2677 vel
1342 2640 1768 2678 RRUNONlMonacho
1791 2642 1893 2679 circa
1920 2641 1963 2679 Α.
1998 2642 2109 2680 1100.

1148 2700 1196 2738 de
1226 2713 1304 2750 quo
1335 2713 1420 2751 pag.
1451 2701 1543 2739 792.
1574 2701 1717 2741 Confer
1747 2704 1866 2741 etiam
1901 2703 2104 2743 Oudinum

1148 2768 1241 2802 tom.
1275 2766 1288 2802 4
1329 2776 1415 2814 pag.
1446 2765 1560 2803 4:574.
1593 2777 1674 2816 seq.
1706 2771 1746 2803 et
1775 2765 1877 2804 (licta
1911 2778 2029 2817 supra
2072 2769 2107 2805 in

1148 2826 1410 2865 GREGORIO
1441 2831 1469 2864 t.
1500 2828 1522 2865 3
1555 2840 1588 2878 p.
1615 2829 1679 2866 80.

1204 2888 1222 2910 ³*
1239 2890 1440 2928 Sinceram
1459 2891 1596 2928 l‘aterii
1609 2891 1880 2929 collectionem
1899 2898 2109 2940 excerpto—

1148 2963 1235 2990 rum
1268 2964 1314 2990 ex
1346 2963 1434 3002 opp.
1467 2953 1504 2991 S.
1536 2953 1710 2999 Gregorii
1735 2955 1893 2992 tandem
1918 2954 2110 3004 prodiisse

1148 3019 1316 3054 constat.
1333 3013 1430 3054 Cum
1449 3017 1552 3053 enim
1577 3016 1819 3055 Benedictini
1841 3019 1909 3055 ΓΡ.
1928 3029 1948 3051 e
1964 3018 2109 3069 Congr.

1149 3079 1186 3117 S.
1219 3079 1339 3117 Mauri
1373 3079 1407 3116 in
1440 3079 1477 3116 2.
1507 3084 1617 3129 parte
1649 3080 1708 3117 iv.
1750 3080 1896 3118 volum.
1928 3080 2112 3119 editionis

1208 3258 1239 3291 c)
1256 3256 1464 3288 Priscilliano
1481 3258 1606 3288 Abulne
1622 3260 1654 3289 in
1671 3261 1826 3299 Hispania
1849 3262 2040 3301 Episcopo,
2057 3264 2113 3301 qui

174 3298 213 3339 h)
233 3299 382 3338 Fidem,
415 3300 682 3332 Christianam.-
712 3310 779 3341 quo
801 3310 900 3333 sensu
930 3311 1011 3335 voce
1035 3304 1086 3334 illa
1154 3311 1189 3338 Λ.
1212 3307 1284 3337 589.
1309 3308 1452 3337 Treviris
1477 3309 1596 3346 rapitis
1624 3308 1800 3341 ‹lamnatus
1825 3318 1887 3342 cst.
1918 3313 1953 3342 ln
1981 3312 2117 3351 quihus·

117 3352 250 3388 praeter
275 3349 478 3389 cyprianum
498 3352 648 3389 aliosque
667 3353 793 3390 cangio
811 3351 960 3383 laudatos
985 3354 1089 3384 utitur
1153 3358 1227 3389 dam
1251 3359 1294 3387 (ξω
1309 3358 1349 3388 -“ιΙ,
1368 3363 1412 3387 osi
1440 3366 1515 3387 cnm
1539 3359 1629 3396 ipso.

115 3399 400 3431 Commodianus.
