2533 4009
412 234 488 273 3¹4

414 304 473 340 las
502 311 619 350 supra
651 295 831 335 laudatas
854 300 895 340 ·p.
928 290 990 326 91.
1023 288 1099 325 Hoc
1129 286 1238 323 facile
1259 294 1359 334 opus

414 364 515 401 idem
546 366 607 398 est

414 421 605 461 contmcri
625 420 708 463 lego
736 417 770 452 in
797 411 1041 450 Bibliotheca
1066 408 1173 447 MSS.
1202 410 1238 444 t’.
1260 409 1363 445 Mon-

416 488 551 524 saueon
585 487 609 516 t.
647 464 775 526 [ραις.
810 474 899 512 405.
932 473 968 509 h.
1009 470 1136 508 titulo.
1184 467 1365 506 Porcellii

418 541 607 585 Pamlonii
636 539 864 576 Poematwn
896 534 983 571 libri
1021 532 1121 571 Vlll.
1153 530 1368 579 (mendose

415 609 510 645 forte
540 613 607 652 pro
653 600 755 645 Vll.)
787 597 840 635 acl
885 596 999 635 Pium
1046 594 1097 631 II.
1146 592 1369 643 Pontificem

414 664 609 715 Superiori
640 671 745 699 anno
776 661 812 696 in
845 659 920 696 vol.
952 656 1063 696 XXV
1094 658 1180 694 Ber.
1206 655 1371 693 italicar.

413 726 643 778 prodierunt
677 724 765 760 eius
796 720 1072 760 commentarii
1105 715 1278 757 Secundi
1303 726 1373 754 an-

413 789 455 826 ni
481 784 674 836 Scipionis
711 783 842 832 <idest
873 782 1033 827 Jacobi)
1064 780 1265 818 exercitus
1308 779 1374 816 Ve-

414 854 589 888 netorum
620 846 890 898 imperatoris.
936 842 1098 882 Porcelli
1131 841 1251 880 huius
1294 840 1375 890 epi-

412 922 590 962 gramma
619 910 792 947 occurrit
824 909 927 945 inter
957 907 1247 955 epigrammata
1285 902 1373 939 Jani

414 974 603 1012 Pannonii
649 968 1070 1020 Quinquecclesiensis
1102 966 1285 1015 Episcopi
1325 975 1373 1002 ex

413 1035 584 1074 editione
615 1034 849 1071 Forheriana
878 1043 915 1080 p.
949 1028 1014 1066 98.
1047 1028 1210 1078 incipit:

427 1116 523 1145 Sume
546 1115 645 1143 Pater
673 1113 788 1142 divine
814 1111 863 1140 tui
888 1107 1092 1140 munuscula
1115 1108 1217 1137 vatis.

431 1166 522 1201 Quae
547 1163 686 1193 veniunt
718 1161 835 1200 patriis
860 1166 961 1189 aurea
983 1156 1072 1188 mala
1095 1156 1176 1188 locis

415 1223 583 1262 Caetera
626 1220 789 1258 l‘orcelli
830 1218 1023 1269 opuscula
1055 1218 1092 1253 in
1124 1215 1230 1254 MSS.
1263 1214 1377 1253 Codi-

415 1285 527 1322 cibus
557 1283 698 1321 adhuc.
731 1283 895 1320 latentia
941 1280 1075 1318 discas
1105 1291 1153 1317 ex
1186 1279 1233 1316 cl.
1274 1279 1377 1315 Zeno

417 1347 455 1383 in
484 1344 842 1383 Dissertationibus
875 1343 1107 1382 Vossianis.
1137 1345 1164 1377 t.
1190 1342 1203 1379 4
1253 1352 1288 1390 p.
1316 1340 1377 1377 45.

416 1408 715 1457 Epigrammata
741 1405 936 1455 quaedam
969 1408 1008 1442 et
1033 1403 1199 1452 elegiam
1229 1403 1264 1438 in
1293 1402 1381 1438 ilie.-

417 1470 617 1507 ronimum
665 1468 895 1506 Urbinatem
941 1470 1079 1504 servat
1124 1465 1199 1502 MS.
1244 1461 1380 1501 Codex

417 1529 702 1568 Riccardianus
744 1528 840 1566 vide
886 1529 993 1565 Lami
1035 1526 1211 1576 Catalog.
1256 1523 1380 1562 eiusd.

422 1592 688 1631 Bibliothecae
719 1604 757 1629 n.
784 1590 875 1628 327.
908 1590 927 1610 ³*

477 1654 775 1693 PORCllETL‘S
805 1650 1134 1697 SALVATlCUS,
1167 1648 1387 1697 Salvayum

425 1721 539 1754 vocat
571 1715 741 1753 [bertus
772 1714 916 1751 Folieta
948 1715 985 1749 in
1017 1712 1164 1761 Elogiis
1188 1711 1385 1748 clarorum

423 1779 610 1827 Ligurum
635 1807 642 1821 ,
676 1777 753 1825 (qui
784 1780 919 1813 tamen
945 1779 1103 1825 praeter
1130 1772 1283 1811 nudum
1310 1771 1389 1808 elo-

424 1841 530 1889 gium
563 1838 658 1875 nihil
689 1837 737 1874 de
767 1849 813 1876 eo
845 1840 1066 1875 memoratu
1111 1835 1275 1883 dignum
1321 1831 1388 1870 ad-

426 1901 524 1939 didit
541 1903 562 1946 .)
587 1898 897 1938 Salvaticensem
921 1902 961 1935 et
978 1897 1024 1935 cle
1041 1896 1255 1947 Sylvaticis
1272 1894 1385 1932 Paul-

425 1964 488 2002 lus
517 1963 764 2000 Colomesins
797 1965 832 1998 in
865 1961 975 1998 Italia
1006 1959 1185 1997 orientali
1218 1968 1305 2006 pag.
1349 1956 1383 1992 8.

427 2023 472 2062 (Ie
502 2023 717 2074 Syluaticis
751 2022 921 2060 Wolfius
953 2022 989 2059 in
1012 2021 1107 2059 Bibl.
1133 2019 1248 2057 llebr.
1289 2022 1382 2055 tom.

428 2087 471 2123 ll.
499 2097 533 2135 p.
568 2086 682 2123 4004.
713 2085 840 2122 Patria
886 2084 958 2122 fuit
1001 2082 1252 2126 Genuensis,
1299 2090 1386 2128 pro-

429 2148 600 2184 fessione
623 2137 844 2184 monachus
863 2144 1168 2183 Carthusianus.
1190 2143 1295 2179 Vixit
1312 2141 1386 2178 sub

428 2210 583 2246 initium
616 2219 694 2245 sec.
727 2206 830 2245 XIV.
863 2206 968 2256 quod
1000 2207 1096 2244 ReV.
1130 2204 1299 2243 Woltius
1338 2215 1385 2240 ex

429 2272 512 2320 ipso
542 2274 701 2307 auctore
732 2268 871 2313 docet,
902 2269 966 2317 qui
995 2267 1056 2305 fol.
1078 2268 1137 2305 46.
1156 2266 1389 2315 col.4.ope-

431 2333 484 2368 ris
514 2329 699 2368 laudandi
729 2332 808 2376 ait.¹
855 2341 897 2367 se
935 2329 1107 2367 scribere
1148 2326 1387 2367 Christianis

428 2390 746 2441 computantibus
765 2403 867 2429 nunc
883 2390 934 2429 ab
952 2390 1225 2429 incarnatione
1237 2388 1393 2427 Domini

429 2464 576 2491 annum
621 2453 737 2492 4303.
783 2453 946 2491 Caveus
994 2454 1030 2490 in
1070 2451 1389 2501 Chartophylace.

430 2516 542 2564 longe.
574 2516 835 2553 recentiorem
868 2516 986 2561 fecit,
1018 2519 1058 2552 et
1084 2514 1159 2552 sub
1186 2514 1304 2551 finem
1330 2523 1391 2550 sc-

429 2576 505 2614 culi
536 2577 618 2615 XV.
650 2577 860 2626 scripsisse
890 2575 1125 2623 tradiderat,
1151 2576 1242 2624 quia
1260 2574 1392 2624 paullo

430 2643 521 2676 ante
551 2643 711 2688 tempus
742 2639 1017 2688 impressionis
1049 2638 1198 2675 vixisse
1215 2636 1394 2685 conjece-

431 2705 501 2737 rat.
534 2701 582 2738 Et
611 2705 720 2738 certe
751 2699 911 2738 difficile
944 2705 1029 2738 erat
1060 2703 1233 2737 aetatem
1268 2698 1393 2748 ipsius

431 2767 537 2798 recte
567 2767 607 2799 et
635 2767 820 2799 accurate
845 2772 991 2811 ponere
1016 2762 1132 2811 ‚quia
1153 2772 1268 2799 nemo
1299 2760 1395 2797 scri—

433 2827 587 2872 ptorum
620 2823 724 2861 illam
759 2827 1067 2860 memoraverat.

486 2884 651 2933 Scripsit
695 2883 838 2921 librum
862 2915 871 2929 ,
903 2894 1022 2932 quem
1072 2883 1300 2931 inscripsit:
1337 2881 1397 2920 Vi-

435 2949 561 2981 ctoria
589 2947 622 2991 a)
668 2944 864 2983 adversus
910 2943 1048 2994 impios
1096 2941 1324 2988 Hebraeos,
1357 2942 1396 2979 in

436 3015 514 3053 qna
545 3009 625 3042 tum
656 3017 710 3044 ea:
739 3005 869 3044 sacris
901 3004 1050 3052 literis,
1083 3008 1164 3042 tum
1194 3015 1248 3041 eac
1279 3002 1396 3040 (lictis

441 3064 604 3104 Talmucl
645 3079 692 3105 ac
738 3066 1098 3112 Cabbalistarum,
1144 3069 1181 3103 et
1225 3063 1394 3101 aliorum

439 3127 610 3165 omnium
655 3129 897 3177 authorum,
941 3140 1040 3180 quos
1085 3126 1260 3166 Hebraei
1300 3125 1399 3163 reci-

437 3186 573 3233 piunt,
609 3194 857 3228 monstratur
902 3190 1056 3228 veritas
1104 3187 1328 3229 Catholicae
1353 3187 1398 3236 fi—

500 3322 516 3341 a
557 3316 631 3346 inde
661 3319 855 3349 Victoriam
883 3322 1089 3351 Puram-tum
1110 3319 1264 3351 riduculo
1292 3326 1401 3349 errore

1210 212 1610 252 l'OSSlDlUS

1440 281 1515 320 (lei.
1547 280 1687 319 Edidit
1717 279 1970 330 Augustinus
2005 280 2287 330 Justinianus,
2315 281 2450 332 Epi-1

650 355 754 406 quod
805 354 840 389 in
886 350 961 388 MS.
1004 347 1139 386 codice
1169 347 1364 384 ·Vaticano
1437 353 1584 392 scopus
1623 341 1859 389 Nebiensis,
1906 343 2026 380 Paris.
2057 343 2160 382 4520
2193 343 2228 381 4.
2271 342 2406 392 majori

1441 405 1579 442 forma.
1600 402 1660 441 An
1680 413 1862 452 magnam
1884 405 1920 440 in
1941 404 2210 443 Hebraeorum
2237 404 2408 443 lectione

1442 465 1672 504 facultatem
1707 463 1916 511 habuerit,
1947 464 2112 504 dubium
2143 471 2231 515 est,
2263 467 2410 516 quippe

1444 529 1481 565 in
1514 526 1758 577 praefatione
1802 523 1947 572 docet,
1977 536 2021 563 se
2067 529 2199 566 omnia
2229 518 2277 566 eii
2323 528 2412 566 Rai-

1447 588 1595 627 mundo
1628 587 1781 625 Martini
1814 587 1990 636 petiisse.
2034 588 2085 625 Ut
2114 589 2232 639 igitur
2262 589 2325 628 hic
2356 590 2413 627 in-

1447 661 1577 700 genue
1610 650 1742 687 fassus
1773 652 1864 696 est,
1900 659 1971 697 per
2014 633 2134 697 quem
2175 651 2412 699 profecerit,

1448 714 1503 751 sic
1524 716 1651 750 totum
1676 711 1757 749 fere.
1783 711 1996 760 exscripsit
2017 709 2241 758 Calatinus,
2263 711 2312 750 de
2335 723 2414 762 qua

1450 786 1491 813 re
1517 773 1712 823 judicium
1746 771 1878 809 Woliii
1910 770 2138 810 addendum
2171 783 2260 823 pag.
2297 773 2415 812 4428.

1449 836 1531 885 Qui
1552 833 1782 873 Galatinum
1811 831 1960 884 leyerit,
1990 831 2222 872 Por-elzetam
2249 843 2290 872 se
2313 833 2417 872 evol—

1447 898 1548 936 visse
1567 896 1716 936 credat.
1744 896 1913 946 Scripsit
1937 895 2057 933 etiam
2083 893 2130 933 de
2149 894 2415 934 Sanctissima

1455 959 1610 1010 Viryine
1640 958 1802 1006 Maria,
1832 962 1872 996 et
1901 957 2022 996 alium
2054 956 2197 995 librum
2229 956 2276 996 de
2308 956 2418 995 Enti-

1453 1020 1525 1060 bus
1556 1020 1672 1059 trinis
1703 1023 1741 1058 et
1767 1019 1869 1058 unis.
1915 1020 2030 1058 Plura
2061 1018 2110 1057 de
2140 1020 2224 1069 ipso
2261 1023 2418 1069 praeter

1449 1083 1530 1134 jam
1561 1084 1705 1121 citatos
1749 1081 1902 1121 dabunt
1947 1081 2197 1131 Waddingus
2225 1079 2274 1120 de.
2317 1081 2419 1120 Scri-

1453 1145 1634 1195 ptoribus
1678 1143 1830 1182 ordinis
1874 1144 2069 1182 Minorum
2111 1154 2202 1194 pag.
2230 1142 2322 1181 280.
2351 1143 2420 1182 So-

1453 1218 1603 1258 pranus
1632 1206 1680 1244 de
1713 1206 1987 1256 scriptoribus
2021 1205 2232 1256 Liguribus
2262 1216 2298 1255 p.
2327 1204 2419 1242 244.

1454 1267 1652 1307 Oldoinus
1685 1269 1721 1306 in
1754 1267 1961 1306 Athenaeo
1992 1266 2196 1318 Ligustico
2226 1277 2312 1318 pag.
2345 1266 2420 1305 478

1455 1330 1604 1368 Theod.
1636 1328 1818 1379 Petrejus
1849 1330 1885 1367 in
1917 1329 2014 1368 Bibl.
2057 1329 2294 1368 Cartusiana
2334 1340 2419 1380 pag.

1459 1393 1552 1431 269.
1579 1391 1664 1430 Car.
1696 1393 1776 1430 Jos.
1807 1392 1997 1430 Morotius
2028 1392 2066 1428 in
2097 1390 2269 1430 Theetro
2298 1390 2423 1430 Chro-
2486 1430 2491 1432 .

1458 1456 1538 1493 nol.
1569 1455 1652 1493 ord.
1684 1454 1958 1493 Cartusiensis
1988 1464 2073 1503 pag.
2106 1452 2169 1491 72.

1512 1519 1549 1555 P.
1597 1514 1806 1555 PORCIUS
1847 1517 1992 1560 Poeta,
2030 1516 2146 1553 cuius
2181 1518 2244 1553 est
2283 1515 2422 1566 Puyna

1452 1589 1669 1631 porcorum
1690 1589 1765 1629 per
1793 1578 1833 1615 P.
1867 1576 2054 1614 Porcium
2085 1577 2270 1630 Poetam,
2301 1578 2420 1616 Paris.

1461 1639 1564 1690 apud
1597 1641 1678 1679 Nic.
1709 1639 1874 1678 Bouffet.
1909 1637 2026 1677 ⁴543.
2057 1640 2094 1676 8..
2124 1639 2261 1678 Procul
2305 1638 2423 1677 dubio

1464 1713 1607 1740 nomen
1643 1702 1794 1739 fictum.

1519 1761 1713 1800 Publilius
1733 1761 1970 1812 Optatianus
1988 1759 2318 1808 PORPllYRIUS‚
2333 1761 2424 1799 vide

1463 1835 1582 1874 snpra
1613 1828 1706 1861 tom.
1739 1823 1783 1861 V.
1814 1835 1899 1873 pag.
1932 1823 2021 1861 464.

1515 1884 1668 1923 Alanus
1713 1884 2069 1932 PORRETANUS,
2119 1884 2216 1924 alias
2260 1885 2426 1923 Hermes

1466 1947 1756 1997 Trismeqistus.

1514 2007 1684 2059 Reyulae
1728 2007 1905 2046 coelestis
1941 2008 2055 2058 juris
2101 2009 2209 2047 MSS.
2260 2012 2356 2047 sunt
2387 2009 2424 2046 in

1460 2070 1552 2108 Bibl.
1602 2070 1843 2108 Basileensi:
1888 2068 2006 2108 Liber
2043 2069 2090 2107 de
2139 2068 2358 2108 Virtutibus
2388 2071 2426 2107 in

1462 2132 1558 2169 Bibl.
1591 2132 1707 2182 Regis
1737 2130 1915 2181 Angliae.
1947 2133 2062 2170 Bern.
2093 2131 2142 2169 de
2175 2132 2427 2170 Montfaucon

1464 2193 1706 2231 Bibliotheca
1722 2193 2055 2232 Bibliothecarum
2071 2193 2177 2232 MSS.
2192 2205 2226 2244 p.
2245 2192 2323 2231 608
2339 2193 2429 2231 629.

1522 2254 1833 2303 POSSESSOR,
1864 2255 2089 2304 Episcopus
2125 2253 2243 2302 Afer,
2274 2266 2308 2293 a.
2339 2254 2429 2293 520.

1465 2318 1626 2366 scripsit
1657 2315 1895 2355 Relationem
1925 2316 1970 2354 ad
2019 2315 2267 2355 [lormisdam
2299 2317 2432 2366 Episc.

1465 2377 1685 2416 Romanum
1712 2377 1758 2416 cle
1790 2377 1890 2416 libro
1909 2378 2050 2415 Fausti
2067 2376 2255 2428 Episcopi
2270 2376 2432 2428 Reyien—

1466 2439 1536 2487 sis,
1554 2451 1657 2490 quae
1687 2451 1779 2478 cum
1806 2439 2064 2489 responsione
2089 2438 2318 2477 llormisdae
2339 2439 2435 2490 legi-

1468 2506 1533 2540 tur
1552 2506 1577 2539 t.
1596 2501 1641 2539 11.
1669 2502 1875 2540 Concilior.
1901 2500 2089 2539 Harduini
2115 2512 2152 2552 p.
2183 2500 2296 2540 4037.
2316 2499 2430 2540 4038.

1521 2563 1801 2610 POSSlDlUS,
1834 2562 1953 2608 Afer,
1985 2572 2055 2612 per
2083 2572 2211 2600 annos
2240 2562 2320 2600 fere
2349 2563 2430 2600 XL.

1471 2625 1673 2664 familiaris
1704 2625 1742 2663 S.
1775 2625 2015 2673 Augustini,
2046 2628 2086 2661 et
2115 2625 2338 2674 Episcopus
2361 2623 2433 2662 Ca-

1470 2687 1659 2725 lamensis
1705 2688 1739 2723 in
1785 2686 2000 2735 Numidia,
2030 2687 2188 2736 scripsit
2231 2685 2355 2724 vitam
2391 2685 2432 2724 S.

1470 2748 1709 2798 Auyustini‚
1742 2750 1779 2786 et
1815 2746 2038 2785 [ridiculum
2082 2745 2276 2786 librorum
2319 2746 2431 2798 ejus,

1469 2821 1570 2859 quos
1587 2809 1764 2848 studiose
1783 2809 1940 2858 collegit
1956 2812 1996 2845 et
2016 2810 2284 2847 conservavit.
2297 2807 2435 2848 Edun-

1471 2876 1536 2909 tur
1567 2871 1662 2909 haec
1707 2881 1798 2908 cum
1843 2869 2030 2920 operibus
2061 2870 2304 2920 Augustini,
2334 2873 2375 2908 et
2411 2879 2434 2908 a

1471 2933 1586 2970 Surio
1615 2932 1651 2969 d.
1683 2932 1749 2969 28.
1778 2931 1877 2980 Aug.
1925 2931 2148 2981 Utrumque
2183 2929 2431 2980 Opusculu'm

1470 3005 1489 3031 a
1523 2994 1790 3032 Benedictinis
1820 3004 1841 3030 e
1870 2992 2080 3032 Codicibus
2108 2993 2203 3032 MSt.
2248 2992 2433 3031 emenda-

1472 3061 1555 3094 tum
1587 3055 1738 3093 editum
1767 3056 1802 3091 in
1830 3055 1938 3093 calce
1962 3055 2057 3092 tomi
2081 3055 2129 3094 X.
2151 3054 2326 3106 Operum
2351 3052 2432 3091 Au-

1472 3119 1647 3167 gustini,
1679 3117 1797 3154 Paris.
1845 3116 1961 3154 4690.
1998 3115 2082 3155 Vita
2122 3114 2336 3167 Auqustini
2360 3124 2430 3163 per

1474 3181 1725 3217 imoannem
1752 3177 1801 3215 de
1823 3177 1978 3216 Salinas
2002 3177 2314 3227 Neapolitanum,
2337 3185 2428 3213 cum

1467 3323 1560 3351 wem
1582 3319 1822 3350 Reinimannus
1844 3319 1876 3348 in
1896 3319 1977 3347 lntr.
1995 3316 2035 3347 ad
2049 3315 2157 3347 Theoi.
2176 3315 2302 3346 sudate.
2316 3323 2346 3353 p.
2364 3315 2436 3345 455.
