2533 4009
483 270 560 307 2'0'»

487 340 778 376 Gubernatorcs
807 332 989 370 Civitatis
1020 331 1236 379 senarum,
1268 329 1442 378 publica-

487 404 543 437 xit
585 396 769 446 t'glwllus
814 398 906 430 tom.
953 392 987 428 3.
1034 401 1121 440 pag.
1155 392 1242 428 154.
1280 390 1439 439 scripsit

488 464 590 497 titas·
619 459 765 504 aliquot
797 452 1031 491 l‘ontilicum
1063 456 1103 489 et
1140 451 1438 495 Cardinalium7

482 522 548 558 sod
583 519 709 556 adhuc
740 520 936 563 qnantum
970 513 1132 550 memini
1166 512 1349 550 incditaS.
1370 512 1440 549 Re-

481 582 655 617 lationem
696 576 741 613 (lc
770 574 951 612 electione
984 571 1137 611 L'rbam'
1168 574 1226 612 VI.
1258 572 1305 611 ad
1334 573 1436 610 Prin·

480 633 586 690 ripo‘s
628 638 878 675 Christianos
928 646 996 686 pro
1042 635 1294 673 terminando
1339 634 1441 672 schi-

478 706 616 738 smate.
647 701 854 737 Sermones
871 708 1022 736 sacros.
1039 697 1185 735 Confer
1209 697 1357 735 Julium
1378 697 1440 734 Ni-

476 773 587 808 grum
608 763 643 798 in
665 762 906 810 llist.sc.ript.
921 760 1180 798 Florentinor.
1201 771 1234 808 p.
1255 759 1436 807 tots-oq.

528 824 721 861 i‘ii'i‘lit‘S
751 821 797 859 de
829 821 1066 861 Crescentii's
1106 820 1368 870 Philosophus
1398 825 1437 857 et

475 885 649 923 Medicus
679 885 971 931 Bononiensis,
996 888 1169 921 testatur
1199 893 1242 920 se
1271 893 1340 932 per
1370 882 1440 919 tri-

474 949 581 992 ginta
612 956 739 984 annos
769 945 951 983 diversas
983 956 1052 994 per
1090 945 1316 993 provincias
1345 954 1437 981 cum

473 1020 609 1045 corum
631 1007 851 1045 rectoribus
876 1006 1180 1052 circumivisse,
1208 1004 1436 1053 multosque

476 1069 594 1106 libros
627 1079 819 1106 novorum
846 1071 885 1104 et
909 1067 1163 1116 antiquorum
1193 1065 1436 1116 prudentum

474 1131 711 1180 perlegisse.
742 1133 783 1166 ct
813 1129 969 1176 varias,
1001 1139 1045 1166 ac
1089 1127 1272 1166 diversas
1301 1139 1438 1178 opera-

475 1194 604 1229 tiones
633 1191 850 1228 colentium
884 1201 975 1228 rura
1007 1189 1169 1228 vidisse.
1203 1189 1329 1239 Hujus
1350 1190 1437 1228 XII.

475 1251 571 1289 libre·
598 1251 800 1290 rurale'um
831 1250 1123 1290 commodorum
1143 1263 1234 1291 cum
1258 1251 1434 1302 Epistola

475 1315 521 1352 ad
553 1315 736 1353 Carolum
771 1315 815 1352 ll.
862 1314 1159 1364 llicrosolymae
1195 1319 1235 1351 et
1281 1314 1435 1352 Siciliae

476 1379 621 1425 Regem
654 1378 734 1426 (qui
769 1377 870 1414 l'atri
902 1376 1040 1414 Carolo
1073 1377 1098 1413 l.
1129 1375 1174 1414 Α.
1201 1376 1315 1415 1283.
1348 1387 1434 1414 suc-

476 1439 609 1483 cessit)
654 1438 824 1488 primum
873 1438 980 1486 typis
1023 1438 1213 1487 exscripti
1258 1437 1436 1488 prodiero

476 1512 544 1551 pcr
574 1502 766 1538 joannem
799 1498 990 1536 Seliuslcr
1033 1498 1237 1547 Augustae
1284 1498 1436 1537 Vindcl.

480 1562 594 1600 4474.
627 1561 690 1598 fol.
719 1562 757 1608 a)
783 1559 925 1598 deinde
957 1560 1198 1609 Argentinae
1229 1561 1344 1600 1486.
1367 1563 1436 1599 Ba-

479 1624 539 1660 sil.
574 1623 686 1660 1538.
721 1622 782 1659 sol.
815 1626 935 1670 atque
965 1622 1052 1659 aliis
1074 1622 1168 1659 locis
1194 1623 1365 1672 saepius,
1393 1627 1436 1660 ut

474 1685 553 1732 jam
589 1689 724 1721 notare
756 1694 818 1720 mc
860 1684 1021 1720 memini
1055 1695 1172 1733 supra
1204 1688 1301 1721 tom.
1331 1686 1365 1722 1.
1398 1696 1433 1734 p.

477 1745 569 1783 400.
600 1746 718 1782 etiam
750 1735 988 1782 Germanice
1014 1745 1129 1783 1493.
1157 1746 1179 1782 s.
1209 1747 1261 1783 l)e
1287 1745 1434 1783 Gallica

474 1807 656 1843 versione
687 1805 871 1843 Anonimi
903 1806 1015 1843 Galli.
1048 1806 1141 1844 Ord.
1174 1806 1307 1845 l‘raed.
1331 1808 1432 1845 circa

475 1867 681 1905 An.1370.
705 1867 843 1904 confer
860 1867 996 1905 Jacob.
1020 1868 1197 1913 Quctift.
1218 1871 1251 1907 1.
1268 1880 1305 1918 p.
1324 1868 1412 1905 666.

528 1928 724 1967 PETRUS
756 1927 962 1976 Crinitus,
988 1940 1107 1979 supra
1138 1935 1164 1967 t.
1194 1932 1226 1968 1.
1251 1942 1286 1980 p.
1315 1930 1402 1967 402.

528 1992 722 2029 PETRUS
769 1990 967 2028 Cunerius
1005 1992 1091 2029 sive
1121 1990 1167 2030 cle
1210 1991 1433 2042 Cuylzeriz's.

477 2052 573 2089 vide
605 2063 723 2102 supra
756 2054 792 2089 in
827 2053 942 2090 Petro
980 2052 1228 2099 Bertramlo,
1261 2054 1435 2100 Seniorc,

474 2119 513 2150 ot
544 2115 738 2152 I-'raneisci
769 2114 817 2150 de
848 2113 975 2152 Crucc
997 2114 1225 2153 Cenomana
1250 2116 1435 2153 Biblioth.

475 2174 664 2213 Gallicam
688 2187 724 2225 p.
751 2176 839 2214 39¹.
861 2177 1052 2213 Bzovium
1072 2176 1118 2214 ad
1142 2176 1185 2214 Α.
1210 2176 1313 2215 1327
1339 2188 1374 2213 n.
1399 2177 1435 2215 8.

530 2237 722 2274 PETRUS
750 2235 797 2274 de
829 2236 1012 2288 Cyperia.
1050 2237 1154 2276 Infra
1174 2269 1183 2284 ,
1217 2238 1363 2276 Petrus
1391 2238 1437 2276 de

477 2299 664 2345 Limoqes.

533 2360 675 2397 l‘ETRl
711 2358 882 2410 Cyrnei,
914 2360 1075 2400 historia
1106 2361 1153 2399 de
1184 2362 1304 2400 rebus
1345 2363 1437 2401 Cor-

476 2421 568 2457 sicis
597 2419 644 2457 ad
677 2420 722 2458 Λ.
750 2422 866 2459 1305.
897 2423 1094 2461 Manuscr.
1127 2424 1163 2461 in
1195 2423 1340 2462 Codice
1365 2425 1437 2461 lie-

478 2485 538 2533 gio
565 2484 682 2521 Paris.
706 2484 796 2521 922.
818 2488 921 2522 teste
948 2485 1101 2524 Labbeo
1120 2498 1154 2536 p.
1178 2487 1239 2525 13.
1259 2488 1313 2524 Bi.
1329 2488 1436 2525 MSS.

530 2545 547 2562 ⁴*
579 2546 722 2583 Petrus
748 2545 976 2596 Cymaeus,
1003 2558 1146 2597 nempe
1172 2548 1320 2587 Corsus
1345 2558 1435 2585 cum

474 2606 564 2643 olim
597 2607 753 2645 Corsica
800 2608 933 2656 Cyrne
963 2609 1258 2658 appellaretur3
1297 2609 1436 2646 humili

476 2668 557 2704 loco
589 2672 707 2705 natus
738 2670 773 2705 in
807 2670 981 2707 Dionos-si
1008 2669 1202 2708 Alerionsi
1229 2672 1438 2721 professio-

476 2741 522 2766 nc
553 2729 766 2775 sacerdos⁷
798 2731 902 2780 apud
950 2732 1125 2770 Venetos
1169 2733 1437 2784 typographos

474 2791 718 2840 corrigendis
750 2797 934 2841 typorum
962 2795 1247 2842 speciminibus
1277 2806 1436 2845 operam

475 2863 586 2890 suam
619 2853 743 2901 pretio
775 2853 930 2891 locavit.
961 2855 1128 2904 Scripsit
1171 2856 1261 2894 belli
1300 2859 1437 2895 Ferra-

476 2914 618 2950 ris-nsis
642 2926 660 2949 a
690 2914 851 2951 Vens-tis
883 2915 1001 2953 hahiti
1027 2917 1075 2954 ah
1101 2916 1144 2954 Λ.
1170 2917 1285 2955 4482.
1311 2929 1435 2968 usque

475 2975 520 3011 ad
544 2976 587 3012 Α.
618 2976 728 3012 4484.
753 2977 1070 3014 Commentarios
1094 2989 1141 3015 cx
1169 2978 1262 3015 Cod.
1290 2979 1435 3016 listen-

477 3037 506 3071 si
538 3047 557 3071 a
590 3037 647 3073 (ΣΙ.
678 3038 889 3075 Muratorio
937 3039 1120 3088 vulgatos
1166 3040 1206 3076 lt.
1253 3040 1374 3078 Italic.
1407 3045 1421 3077 t

477 3097 565 3135 XX!
600 3109 682 3147 pag.
718 3100 832 3137 1194.
857 3100 1024 3150 Scripsit
1053 3105 1093 3137 ct
1122 3099 1168 3137 (le
1197 3099 1317 3139 rebus
1337 3102 1433 3140 Cor-

479 3155 571 3193 sicis
602 3170 727 3207 usque
757 3160 803 3198 ad
836 3160 883 3199 Λ.
915 3162 1029 3201 1506.
1062 3163 1270 3200 Historiam
1303 3174 1323 3201 e
1354 3164 1431 3202 MS.

531 3301 564 3329 a)
590 3297 667 3326 Vicit·
692 3300 868 3332 Christiani
896 3303 1040 3334 Gottlieb
1065 3304 1253 3336 Schwartzii
1292 3303 1434 3334 indicem

476 3341 636 3373 librorum
662 3348 730 3378 Sec.
753 3351 820 3380 xi‘.
838 3353 1072 3389 nnmessorum
1087 3361 1160 3392 pag.
1180 3354 1230 3385 8⁴3.
1247 3358 1277 3385 ot
1293 3355 1450 3386 nnumin.

1337 259 1363 296 1¹
1384 259 1416 296 Ε
1438 258 1468 295 Τ
1491 258 1520 296 R
1547 257 1575 296 U
1596 258 1621 295 S

1515 328 1660 366 Codice
1681 329 1724 366 R.
1741 330 1946 368 Parisionsi
1970 343 2044 369 non
2063 337 2155 370 ante
2177 332 2324 372 multos
2343 344 2469 372 annos

1515 401 1534 428 a
1566 390 1776 428 Muratorio
1805 391 1853 428 R.
1880 392 2001 430 ltalie.
2026 397 2052 430 t.
2074 394 2204 433 XXIV
2228 394 2470 445 vulgatam*

1569 451 1764 490 l’ETRUS
1808 451 1854 490 (lc
1895 453 2018 492 Dacia
2052 457 2138 493 sive
2182 455 2337 502 Dania,
2373 454 2469 494 Ord.

1515 512 1649 551 Praed.
1682 514 1850 563 scriptor
1879 513 2067 554 Actorum
2102 518 2208 556 Vitae
2245 516 2471 557 Clzrz'stinae

1516 572 1805 612 Stumbulensis
1834 574 2005 624 Virginis
2021 576 2114 615 Ord.
2138 578 2273 617 Praed.
2296 579 2333 616 in
2359 579 2472 616 Dioe-
2518 596 2533 609 ·

1513 637 1594 674 cesi
1625 636 1874 684 Coloniensi,
1906 635 2117 677 defunctae
2146 638 2190 678 Α.
2223 639 2337 679 1312.
2368 650 2470 690 quae

1514 698 1705 736 desinens
1747 699 1784 735 in
1831 699 1945 736 Anno
1976 699 2092 738 1286.
2130 705 2263 740 exstat
2292 701 2329 739 in
2360 701 2471 740 Actis

1515 761 1693 799 Sanctor.
1725 765 1818 798 tom.
1852 761 1915 799 lV.
1943 762 2048 800 Juuii
2080 762 2144 801 22.
2170 761 2357 802 tibrim.
2382 774 2468 814 pag.

1515 822 1603 860 175.
1635 823 1725 860 344.
1754 827 1794 859 ct
1825 820 1921 860 libri
1951 823 2011 861 VI.
2043 833 2130 874 pag.
2161 822 2252 863 429.
2282 825 2370 865 454.
2412 826 2472 862 Li-

1513 884 1582 921 ber
1611 887 1782 934 quartus
1810 885 1924 923 Petro
1967 884 2148 934 dicatus,
2179 885 2418 937 additusque
2449 888 2470 924 a

1511 947 1698 995 Magistro
1729 947 1976 986 scholarium
2023 946 2365 987 Stumbelensium
2399 948 2474 986 Jo-

1512 1006 1649 1045 ANNE
1670 1036 1678 1054 ,
1709 1019 1744 1057 p.
1771 1007 1864 1046 944.
1889 1007 1978 1046 408.
2007 1019 2085 1047 una
2104 1019 2195 1048 cum
2218 1007 2315 1046 libro
2338 1008 2470 1060 quinto

1512 1070 1578 1118 qui
1612 1069 1812 1118 Epistolas
1841 1069 2121 1120 complectitur
2150 1080 2238 1121 pag.
2267 1069 2354 1108 408.
2382 1071 2472 1109 429.

1515 1131 1573 1169 Ex
1606 1131 1666 1168 his
1696 1130 1808 1169 Actis
1838 1132 1962 1170 vitam
1995 1132 2097 1170 Petri
2129 1131 2383 1182 persequitur
2410 1134 2472 1170 Ja-

1513 1192 1636 1231 cobus
1666 1193 1803 1239 Quetil
1831 1198 1925 1231 tom.
1958 1195 1992 1232 4.
2023 1193 2072 1232 de
2102 1192 2362 1243 scriptoribus
2399 1194 2471 1232 Do-

1514 1255 1726 1292 minicanis
1756 1266 1842 1305 pag.
1876 1255 1964 1293 408.
1996 1266 2078 1305 seq.
2110 1254 2219 1294 Idem
2244 1258 2289 1293 ut
2314 1254 2472 1293 videtur

1511 1317 1654 1355 Petrus
1683 1316 1731 1355 de
1754 1317 1870 1355 Dacia
1895 1328 2016 1367 quem
2035 1317 2270 1356 Divinarum
2292 1316 2470 1366 Scriptu-

1512 1389 1644 1416 rarum
1675 1383 1715 1416 et
1759 1378 1897 1417 Graeci
1941 1379 2139 1417 sermonis
2168 1388 2244 1417 non
2287 1379 2468 1428 ignarum

1513 1440 1635 1478 fuisse
1666 1440 1912 1479 Trithemius
1941 1451 2024 1491 cap.
2048 1440 2139 1480 523.
2163 1440 2349 1490 celebrat,
2373 1450 2470 1490 opu-

1513 1501 1622 1540 scula
1652 1500 1740 1550 ejus
1772 1503 1807 1538 in
1853 1503 2123 1551 astronomia,
2155 1506 2196 1540 et
2225 1506 2310 1541 arte
2339 1501 2469 1540 calcu·
2532 1499 2533 1505 ’

1513 1562 1648 1601 latoria
1677 1574 1930 1613 memorem,
1956 1563 2112 1602 tabulas
2131 1568 2171 1602 et
2190 1562 2467 1603 Calendarium
2531 1599 2533 1612 ἢ

1511 1630 1551 1662 et
1582 1625 1630 1663 de
1659 1625 1811 1663 calculo
1841 1636 1911 1663 seu
1942 1630 2141 1675 computo.

1566 1685 1760 1724 PETRUS
1790 1686 2029 1734 Domianus,
2058 1696 2179 1736 supra
2210 1689 2236 1723 t.
2269 1685 2293 1724 2
2318 1697 2354 1736 p.
2381 1684 2470 1723 425.

1567 1748 1761 1787 PETRUS
1786 1747 2098 1786 Daventrzenszs.
2123 1746 2227 1786 Infra
2248 1777 2257 1795 ,
2277 1744 2471 1785 Gerlacus

1515 1810 1635 1848 Petri.

1568 1870 1761 1910 PETRUS
1788 1869 1992 1911 Candidus
2024 1867 2261 1917 December,
2292 1873 2413 1921 supra
2443 1874 2471 1907 t.

1514 1935 1551 1972 2.
1582 1945 1666 1984 pag.
1694 1933 1782 1971 434.
1809 1933 1911 1984 (261.
1937 1931 2216 1983 Epistolarum
2229 1929 2473 1984 juvenilium

1512 1996 1597 2034 libri
1625 1996 1723 2033 Vlll.
1754 1996 1827 2034 Ex.
1860 1995 1957 2034 Cod.
1987 1994 2280 2034 Mediolanense
2309 2004 2402 2033 cura
2433 1998 2474 2031 et

1512 2057 1643 2096 studio
1669 2058 1866 2096 Francisci
1891 2057 2054 2095 Fontani
2081 2057 2118 2094 in
2136 2057 2173 2094 8.
2193 2057 2232 2096 S.
2253 2060 2343 2095 nota
2372 2056 2474 2106 (Flo-

1511 2120 1662 2157 rentiae
1689 2118 1803 2157 1790,
1825 2119 1916 2156 circ.
1942 2129 1982 2168 p.
2006 2117 2116 2165 318.)
2142 2128 2205 2156 me
2229 2118 2392 2168 prope.)

1566 2180 1764 2220 PETRUS
1794 2178 2008 2231 Delphinus
2040 2179 2179 2217 nobilis
2203 2180 2475 2229 Venetus‚sa-⁴

1510 2244 1565 2281 cri
1595 2243 1717 2280 eremi
1742 2242 1849 2280 Prior
1866 2271 1875 2287 ,
1900 2245 1940 2279 et
1963 2239 2124 2278 Ordinis
2149 2239 2473 2280 Camaldulensis

1512 2305 1767 2354 l‘raepositus
1814 2302 2037 2352 generalis,
2084 2301 2214 2340 adhuc
2264 2306 2473 2351 superstes

1511 2367 1615 2404 circa
1645 2365 1720 2404 An.
1765 2365 1881 2404 4514.
1925 2363 2024 2415 Ejus
2067 2361 2345 2413 Epistolarum
2381 2362 2475 2402 lz'brz

1511 2428 1595 2466 XII.
1634 2438 1725 2466 eum
1769 2426 1957 2464 Oratione
2000 2424 2182 2472 funebri,
2211 2423 2261 2462 ab
2303 2423 2473 2463 Eusebio

1512 2487 1642 2526 Prz'oli
1673 2488 1831 2535 hahita,
1862 2487 2015 2526 Abbate
2045 2487 2259 2525 Carcerum
2285 2485 2377 2524 Ord.
2400 2487 2474 2526 Ca-

1513 2550 1803 2597 malduionsis,
1833 2554 1950 2587 antea
1983 2547 2175 2586 monacho
2203 2547 2231 2586 S
2271 2547 2472 2588 Michaelis

1511 2612 1560 2651 de
1589 2613 1792 2659 Mariano,
1823 2610 2031 2661 prodiere,
2075 2609 2216 2647 Venet.
2263 2609 2378 2648 1524.
2409 2610 2472 2650 fol.

1511 2679 1677 2713 curante
1695 2673 1877 2723 Delphini
1902 2670 2096 2721 discipulo
2115 2668 2259 2708 Jacobo
2274 2671 2470 2720 Brixiam,

1511 2736 1641 2773 Priore
1671 2734 1708 2772 S.
1739 2734 1892 2772 Martini
1924 2732 1972 2770 de
2002 2730 2360 2782 Opitergio:'opus
2383 2743 2471 2771 raro

1511 2797 1672 2835 obvium
1693 2825 1701 2843 ,
1732 2794 1837 2845 quod
1864 2796 1900 2832 in
1922 2794 2107 2832 auctione
2132 2791 2287 2842 publica
2314 2794 2471 2832 Parisiis

1511 2858 1711 2896 licitantes
1759 2857 1906 2906 reperit
1954 2855 2080 2905 pretio
2128 2853 2236 2892 mille
2280 2854 2470 2894 librarum

1509 2921 1766 2958 Gallicarum.
1814 2918 1889 2957 Sed
1944 2918 2042 2956 alias
2094 2915 2226 2955 adhuc
2272 2915 2471 2967 Epistulas

1511 2981 1695 3020 CCXLII.
1717 2991 1766 3018 ex
1787 2979 2065 3028 Manuscriptis
2094 2976 2469 3017 Camaldulensibus

1508 3043 1612 3080 eruit
1642 3041 1891 3080 Mabillonius
1921 3042 2092 3091 scriptas
2121 3039 2169 3078 ab
2193 3038 2266 3077 An.
2293 3038 2396 3078 1462
2419 3039 2468 3078 3(1

1512 3105 1624 3142 1514.
1642 3114 1742 3154 quas
1762 3103 1942 3153 vulgavit
1971 3100 2211 3141 Edmuudus
2240 3101 2415 3139 Martene
2438 3105 2463 3138 t.

1509 3166 1543 3203 3.
1578 3176 1703 3204 novae
1733 3165 1977 3203 collectionis
2007 3176 2043 3215 p.
2075 3164 2166 3202 945.
2196 3173 2278 3212 seq.
2301 3160 2468 3200 subiun-

1504 3306 1839 3339 vilenbrouclnianam
1859 3312 1932 3344 pag.
1951 3303 2004 3336 48.
