2533 4009
472 263 524 300 20

523 330 889 371 MARCWARDUS
918 327 964 365 clo
999 327 1241 368 Waclsassen
1275 331 1311 367 in
1348 331 1421 369 Ba-

468 397 576 434 varia
609 393 703 432 Ord.
735 393 901 431 cistere.
930 391 1074 429 librum
1105 391 1152 429 do
1196 393 1274 431 vita
1324 405 1418 431 con-

476 458 707 507 templativa
726 454 896 491 absolvit
911 453 955 491 Α.
974 455 986 492 4
1000 453 1086 491 300.
1110 455 1314 492 Praeterea
1333 454 1420 504 ejus

473 521 617 558 librum
643 518 688 556 de
706 515 895 554 Doctrina
916 514 1180 566 Evanyelzca.
1203 520 1240 554 et
1260 517 1421 556 Coneio-

468 579 734 632 ¹nesynor·ales
776 577 911 617 laudat
943 577 1107 617 Carolus
1155 579 1285 617 Visch.
1333 590 1420 629 pag.

467 644 556 681 *ei-5.
582 642 677 680 Bibl.
704 641 994 679 Cistorciensis.

517 705 687 741 Joannes
716 702 1084 751 MARDELEGUS,
1114 702 1418 752 MARDELEY,

464 765 790 812 MARFELDUS,
820 776 938 815 Supra
970 769 1064 802 tom.
1096 766 1159 803 IV.
1190 778 1271 815 pag.
1301 766 1388 804 386.

518 827 874 867 MARGANENsis
898 826 1087 864 Abbati-ae
1113 828 1149 863 in
1178 827 1318 864 Wallia
1339 828 1421 865 An-

466 891 577 929 nales
606 890 654 929 ab
685 892 759 927 An.
791 889 905 928 4066.
931 889 977 927 ad
1007 889 1122 926 4232.
1148 888 1239 926 editi
1266 889 1288 925 a
1318 888 1420 925 Tho-

467 965 529 992 ma
552 952 700 992 Galono
726 957 817 990 tom.
846 952 868 989 ⁶2
890 952 1131 1000 scriptorum
1159 953 1339 987 veterum
1362 961 1420 986 re-

470 1028 558 1054 rum
584 1015 840 1065 Anglicarum
863 1014 895 1060 a)
921 1023 1005 1061 pag.
1036 1009 1418 1049 ›1-119.Oxon.11687.

469 1079 533 1117 fol.

519 1136 826 1179 MARGARETA
853 1133 1066 1173 Abbatissa
1096 1134 1293 1172 Vastcnae
1331 1135 1418 1173 sive

465 1202 723 1241 vastenensis
744 1198 930 1238 Coenobii
960 1198 1162 1246 virginum
1180 1196 1260 1234 Ord
1278 1197 1316 1235 S.
1334 1198 1416 1235 Bri-

462 1265 581 1313 gittae
605 1264 638 1299 io
664 1262 806 1299 Svecia
820 1261 923 1298 circa
939 1259 1015 1297 An.
1035 1259 1150 1298 4430.
1171 1258 1333 1296 tradidit
1360 1258 1420 1297 Vi-

471 1329 551 1363 tam
581 1325 619 1364 S.
650 1323 843 1373 Bri'yittae
879 1321 1065 1362 Svecicae
1102 1321 1149 1359 de
1187 1332 1264 1371 qua
1302 1332 1419 1371 supra

464 1392 558 1425 tom.
586 1388 600 1426 4
633 1397 720 1437 pag.
750 1386 839 1424 260.
863 1384 1008 1423 editam
1036 1383 1074 1431 b)
1112 1394 1201 1421 cum
1234 1384 1338 1420 notis
1372 1382 1420 1421 ab

461 1450 606 1489 illustri
631 1450 721 1486 Viro
745 1449 860 1486 Erico
883 1447 1066 1485 Bonzolio
1093 1445 1272 1495 Upsaliae
1300 1444 1415 1484 4744.

466 1512 501 1550 li.
528 1511 587 1549 Ab
611 1511 682 1549 bac
707 1510 866 1548 divessa
890 1507 1236 1548 iiiAnGARETHA
1254 1506 1418 1545 Pineria

462 1574 652 1612 Dominae
669 1584 763 1611 suae
774 1573 813 1611 S.
825 1570 1024 1622 Principis
1040 1571 1228 1617 Joannae,
1242 1569 1416 1620 Alphon-

463 1638 495 1675 si
519 1636 564 1674 V.
586 1635 844 1685 Portugalliae
871 1635 986 1684 Regis
1013 1633 1113 1671 filiae
1134 1662 1141 1679 ‚
1163 1631 1258 1670 Ord.
1284 1633 1323 1670 S.
1342 1634 1416 1671 Do-

459 1700 594 1737 minici
624 1698 668 1736 A.
702 1697 817 1735 1490,
848 1696 1060 1735 defunctae
1089 1694 1212 1733 vitam
1256 1706 1415 1746 compo-

463 1763 571 1809 suit⁷
601 1760 746 1798 editam
778 1771 800 1798 a
831 1758 1092 1810 Papobrochio
1118 1760 1154 1795 in
1189 1759 1298 1797 Actis
1316 1759 1414 1797 San-

457 1829 552 1862 ctor.
578 1828 672 1861 tom.
699 1823 779 1860 Vll.
809 1821 896 1870 Maji
929 1822 989 1860 12.
1015 1832 1101 1871 pag.
1123 1820 1311 1860 723-753.
1341 1822 1412 1859 Ve-

451 1889 542 1917 rum
572 1877 669 1915 haec
700 1877 926 1915 Lustanicc
956 1875 1142 1924 scripsit,
1173 1878 1217 1913 ut
1242 1876 1345 1924 prior
1368 1876 1411 1914 il-

458 1941 494 1979 la
524 1941 707 1987 Svacice3
740 1943 882 1976 neutra
907 1938 1107 1975 Latinam:
1128 1936 1209 1975 sed.
1232 1938 1409 1975 Latinam

456 2004 682 2041 versionem
709 2005 887 2038 veterem
911 2001 1123 2049 utriusque
1137 2000 1185 2038 ab
1203 1999 1248 2037 iis
1265 1999 1410 2049 quibus

464 2065 542 2104 dixi
568 2064 785 2102 edit01ibus
812 2063 1014 2113 vulgatam
1040 2062 1248 2100 habemus.

508 2128 677 2165 Joannes
706 2124 1033 2164 MARGARINUS
1055 2135 1175 2175 snpra
1216 2129 1310 2161 tom.
1349 2124 1409 2161 IV.

461 2202 550 2241 pag.
576 2189 663 2226 336.

507 2250 700 2289 Antonius
724 2249 885 2288 MARIA
904 2247 1158 2296 Visclominis,
1175 2258 1295 2298 supra
1314 2252 1414 2285 tom.

465 2316 479 2352 4
513 2324 601 2363 pag.
629 2312 717 2351 424.

505 2375 675 2412 Joannes
693 2373 831 2412 Maria
848 2374 1047 2412 Cataneus
1067 2378 1162 2410 tom.
1186 2374 1199 2411 4
1227 2384 1262 2422 p.
1295 2372 1384 2409 384.

509 2437 678 2474 Joannes
711 2435 869 2474 MARIA
902 2433 1118 2473 politianus
1143 2435 1228 2472 sive
1258 2433 1304 2471 de
1327 2432 1412 2471 Pol-

460 2498 573 2538 luciis
597 2503 691 2537 tom.
714 2497 738 2536 4
762 2509 850 2548 pag.
875 2496 965 2536 387.

510 2560 646 2599 Passio
679 2561 717 2599 S.
745 2560 944 2606 MARIAE,
971 2558 1140 2597 Tertulli
1178 2558 1409 2608 Principalis

454 2624 619 2661 ancillae
644 2628 684 2660 et
709 2623 813 2660 circa
843 2622 889 2660 Α.
914 2622 1002 2660 404.
1028 2621 1214 2671 Martyris
1247 2620 1410 2670 vulgata

462 2687 498 2722 in
516 2685 669 2723 Baluzii
682 2684 946 2723 Miscellaneis
962 2688 1058 2721 tom.
1075 2683 1098 2720 2
1115 2694 1200 2733 pag.
1221 2683 1407 2721 445-423.

511 2748 552 2785 S.
579 2748 753 2785 MARIAE
778 2747 950 2797 Virginis
986 2747 1133 2784 nomini
1178 2746 1408 2794 suppositae

464 2810 601 2848 Latino
616 2809 721 2858 stylo
737 2807 935 2859 Epistolae
950 2807 1004 2845 ad
1016 2806 1226 2858 Iynatiunu
1236 2806 1290 2844 ad
1302 2807 1409 2846 Mes-

454 2881 646 2910 sanenses
670 2875 710 2908 et
734 2870 782 2908 ad
809 2870 840 2907 F
843 2868 1080 2917 lorentinos,
1116 2868 1165 2906 dc
1182 2868 1328 2918 quibus
1342 2868 1408 2907 ab-

508 3005 541 3042 a)
564 3003 647 3036 Bibl.
670 3001 868 3035 universellc
893 3004 986 3033 Tom.
1009 3002 1065 3031 XI,
1086 3008 1163 3040 pzig.
1185 2999 1257 3030 597.

507 3055 542 3090 b)
560 3054 697 3085 Journal
718 3052 774 3084 des
797 3055 868 3083 Sav.
895 3049 988 3083 1711.
1010 3049 1074 3081 sui.
1098 3056 1173 3088 pag.
1194 3047 1264 3080 115.
1284 3049 1410 3080 Oudin.

449 3107 484 3135 T.
506 3105 538 3135 5.
561 3113 636 3144 pag.
658 3103 753 3134 2510.

511 3153 543 3191 c)
575 3156 611 3183 ln
638 3152 822 3193 appendice
843 3152 884 3183 ab
910 3151 1129 3182 Tritbemium
1157 3159 1186 3181 c.
1217 3150 1242 3179 i.
1270 3146 1414 3178 traditur

446 3202 567 3232 obiisse
583 3205 618 3232 Α.
637 3202 730 3233 1500.
743 3201 802 3233 Sed
821 3202 908 3241 apud
925 3201 1116 3240 Philippum
1134 3199 1274 3231 Elssium
1290 3207 1321 3237 p.
1339 3197 1413 3229 465.

450 3256 487 3281 Α.
512 3250 606 3282 1498.

507 3301 541 3338 d)
570 3301 673 3331 Praei.
705 3301 747 3332 ab
776 3303 989 3332 Laurentium
1014 3301 1192 3333 Medicem:
1226 3301 1300 3340 Quo
1329 3299 1416 3329 milii

451 3352 559 3381 eliam
582 3350 722 3381 videtur
747 3351 996 3381 admirabilior
1020 3351 1169 3382 deliciae
1195 3356 1275 3382 tuae
1302 3352 1417 3381 maria-

445 3409 507 3431 nus
529 3401 585 3431 hic
611 3403 854 3433 Genazanensis
879 3411 941 3432 nec
970 3402 1007 3432 in
1036 3401 1221 3441 Thedoqia
1250 3402 1413 3441 cuiqnam

1188 256 1713 299 MARCWARDUS

1495 331 1600 369 undo.
1625 330 1776 368 dictum
1822 332 1859 368 in
1887 331 2032 372 Codice
2071 332 2304 386 Apocrypho
2340 336 2438 374 Novi

1495 393 1602 430 Test.
1623 394 1631 441 (
1654 392 1715 431 ubi
1741 393 1859 431 etiam
1882 394 1989 444 ipsae
2022 400 2115 433 tom.
2140 397 2154 434 4
2187 407 2222 445 p.
2244 396 2333 436 844.
2354 408 2439 448 seq.

1495 455 1747 502 exhibentur)
1773 460 1812 493 et
1837 456 1873 492 in
1902 459 1991 496 tom.
2013 459 2115 497 XIV.
2143 457 2243 497 Bibl.
2264 459 2440 498 Graecae

1493 529 1580 567 pag.
1604 517 1692 555 ⁶276.
1719 528 1801 567 seq.

1546 579 1764 619 Clironicon
1791 579 1966 618 Monachi
1993 581 2168 620 coenobii
2195 582 2234 620 S.
2258 581 2441 622 MARIA-

1493 644 1541 681 Nl
1568 641 1670 692 apud
1693 641 1996 680 Aitissiodorum
2018 643 2109 682 Ord.
2144 646 2441 684 Praemonstra-

1495 705 1632 743 tensis.
1665 704 1759 742 Vide
1782 705 1880 742 infra
1908 703 2172 758 ROBERTUS
2189 706 2410 746 Marianus.

1549 765 1807 805 MARIANUS
1857 767 2178 806 Gonazzanensis
2223 769 2442 818 (Gemesta-

1494 829 1642 876 nensis,
1668 828 1950 877 Zinizanonsis)
1972 829 2095 868 Italus
2112 830 2285 870 Eremita
2306 830 2442 882 Au9u-

1493 889 1701 938 stinianus,
1719 895 1758 928 et
1775 896 1862 940 post
1877 891 2022 930 aditam
2039 891 2098 929 bis
2116 892 2436 942 Hierosolymam,

1493 951 1653 989 Ordinis
1677 951 1969 1002 Augustiuiani.
1992 955 2038 991 A.
2078 952 2193 992 4497.
2236 953 2441 993 Generalis

1496 1025 1571 1051 uon
1603 1013 1670 1052 diu
1695 1018 1783 1064 post
1808 1015 1843 1064 c)
1869 1015 2045 1053 Svessae
2081 1015 2311 1054 defunctus.
2335 1018 2443 1055 Inter

1493 1076 1691 1114 orationes
1707 1075 1794 1126 ejus
1810 1076 1994 1116 laudatur
2013 1077 2075 1115 illa
2089 1088 2165 1127 qua
2177 1088 2214 1115 m
2232 1077 2308 1115 An.
2327 1079 2441 1118 4487.
2495 1069 2499 1072 ’

1493 1137 1540 1176 ad
1573 1139 1850 1177 Innocentium
1875 1140 1956 1178 Vll.
2003 1139 2150 1178 habuit.
2193 1139 2442 1180 Laudentur.

1493 1201 1610 1238 otiam
1629 1211 1828 1240 sermones
1841 1201 1929 1251 ojus
1946 1206 2065 1252 atque
2082 1200 2292 1253 Epistolae.
2312 1203 2444 1249 Quan-

1491 1267 1577 1301 tum
1602 1267 1734 1301 autem
1757 1264 1928 1302 valuerit
1951 1263 2140 1312 dicendo,
2182 1275 2253 1315 age
2292 1265 2441 1304 diserto

1496 1325 1658 1363 Politani
1703 1326 1809 1375 stylo
1844 1337 2081 1376 expressum
2121 1326 2342 1367 videamus.
2382 1329 2439 1366 lta

1491 1389 1595 1425 enim
1623 1388 1684 1426 illc
1707 1388 1803 1426 libro
1828 1389 1891 1427 lV.
1916 1390 2040 1439 Epist.
2066 1389 2100 1427 6.
2119 1388 2167 1427 ad
2205 1390 2435 1428 Tristanum

1493 1449 1698 1488 Chalcum.

1546 1510 1698 1550 Scribis
1720 1512 1951 1551 Marianum
1977 1513 2298 1551 Genazanensem
2327 1512 2443 1551 Theo—

1493 1572 1618 1623 loyiae
1641 1574 1861 1612 consultum
1884 1605 1891 1621 .
1916 1574 1987 1625 qui
2007 1585 2150 1613 sacras
2176 1573 2263 1613 istic
2291 1574 2345 1613 acl
2372 1586 2444 1626 po-

1488 1635 1629 1686 pulum
1656 1636 1859 1675 conciones
1883 1635 2001 1674 habet
2014 1668 2025 1686 ,
2045 1640 2157 1674 talita
2172 1647 2257 1676 esse
2273 1636 2445 1675 omnium

1491 1697 1752 1736 admiratione
1776 1699 1884 1750 apud
1904 1710 1973 1737 vos
1989 1730 1997 1746 ,
2024 1702 2068 1736 ut
2090 1710 2229 1737 eorum
2252 1697 2369 1751 facile
2398 1699 2445 1750 si-

1493 1760 1578 1798 (lem
1598 1792 1606 1802 .
1627 1772 1730 1811 quae
1753 1761 1798 1799 cle
1819 1761 1900 1812 ipso
1921 1760 1960 1799 in
1983 1760 2247 1800 Miscellaneis
2273 1761 2309 1810 d)
2327 1773 2444 1812 prae-

1486 1821 1707 1862 dicavimus
1724 1837 1731 1862 :
1759 1824 1823 1862 Iri
1844 1823 1898 1861 ad
1917 1823 2018 1862 hunc
2034 1822 2161 1875 plenis
2175 1823 2348 1874 undique
2363 1823 2440 1862 viis

1486 1883 1596 1922 allici
1615 1884 1743 1936 lepore
1768 1884 2000 1934 verborum,
2031 1885 2220 1937 suspendi
2233 1885 2442 1924 sententia-

1482 1959 1572 1985 rum
1583 1948 1795 1997 gyravitate,
1805 1948 1910 1999 flecti
1922 1959 2052 1987 omnes
2066 1948 2263 2000 impetu,et
2271 1946 2441 1987 viribus.

1485 2008 1658 2047 Fatebor
1678 2010 1780 2061 quial
1793 2010 1892 2049 mihi
1901 2021 1978 2049 usu
1994 2009 2146 2048 venerii
2163 2021 2250 2048 cum
2266 2009 2443 2061 primum

1489 2071 1550 2109 hic
1579 2071 1689 2122 apud
1715 2084 1784 2110 izos
1813 2073 2046 2111 concionari
2071 2071 2383 2123 coepit.Aceessi
2399 2076 2445 2110 ut

1486 2132 1680 2181 audirem,
1708 2134 1765 2171 sic
1794 2133 1982 2184 quomodo
2011 2133 2108 2173 alios
2125 2145 2406 2172 consueveram
2429 2165 2437 2181 ,

1487 2194 1814 2245 εγρίοναόαηίίαε
1831 2226 1839 2242 ,
1870 2200 1909 2234 et
1925 2198 2108 2246 pene-(ut
2127 2207 2268 2234 verum
2292 2195 2434 2245 dicam)

1489 2257 1746 2309 contemptim.
1771 2257 1848 2296 Sed
1870 2261 1915 2296 ut
1937 2256 2114 2296 habitum
2137 2257 2224 2297 vidi
2245 2258 2435 2308 hominis,

1496 2322 1531 2356 el
1553 2322 1718 2366 statum.
1743 2318 1936 2370 quasique
1960 2318 2126 2357 indolem
2164 2319 2364 2370 quandam
2397 2321 2437 2358 in

1485 2380 1607 2419 oculis
1622 2412 1631 2428 ,
1658 2385 1695 2419 et
1715 2380 1828 2420 vultu
1851 2381 2007 2420 minime
2040 2380 2247 2432 vulqarem
2268 2411 2275 2429 7
2320 2382 2431 2432 coepi

1489 2441 1641 2493 aliquid
1663 2446 1877 2493 eoepectare
1893 2443 1983 2494 jam
2004 2443 2109 2495 quod
2131 2453 2255 2482 essem
2291 2441 2438 2494 proba-

1486 2509 1618 2543 turus.
1644 2505 1743 2544 Ecce
1768 2504 1840 2543 libi
1878 2506 2028 2556 iyitur,
2060 2505 2253 2557 praefari
2292 2504 2438 2556 incipit.

1482 2566 1628 2617 Arriqo
1634 2567 1724 2618 jam
1740 2570 1827 2605 tum
1850 2579 1972 2606 aures
1997 2581 2004 2606 :
2032 2579 2181 2606 canora
2201 2579 2296 2614 voce,
2314 2567 2437 2606 verba

1486 2627 1619 2677 electa,
1634 2628 1810 2679 yraneles
1831 2633 2058 2668 sententiae.
2077 2630 2254 2681 Denique
2268 2640 2436 2680 aynoseo

1483 2690 1620 2738 incisa,
1637 2689 1748 2729 video
1769 2689 1958 2739 membra,
1970 2691 2091 2729 sentio
2109 2690 2433 2736 circumductum,

1484 2752 1624 2804 capior
1647 2764 1812 2791 numero
1829 2783 1838 2800 ,
1862 2757 1942 2791 tum
1961 2751 2117 2802 partiri
2128 2752 2263 2802 pergit
2283 2781 2290 2799 ‚
2314 2755 2438 2791 atten-

1483 2814 1559 2861 d0‚·
1582 2814 1682 2852 nihil
1703 2813 1930 2864 impeditum
1946 2845 1956 2861 ‚
1979 2812 2077 2852 nihil
2109 2813 2235 2862 inane,
2261 2813 2361 2853 nihil
2383 2813 2439 2853 ibi

1481 2875 1586 2926 quod
1612 2875 1785 2913 caudam
1812 2874 2004 2913 traheret.
2026 2875 2142 2914 Teoeit
2158 2873 2295 2914 deinde
2317 2887 2439 2927 arqu-

1475 3008 1652 3038 secundus
1668 3032 1677 3046 ,
1703 3012 1736 3039 ec
1759 3008 1915 3039 omnium
1938 3016 2024 3047 quos
2049 3008 2089 3039 in
2111 3007 2273 3040 Ecclesia
2301 3009 2445 3039 concio-

1473 3060 1579 3087 natos
1601 3058 1804 3088 audivimus
1825 3066 1897 3089 non
1917 3058 2221 3098 prudentissimus
2243 3057 2347 3089 modo
2381 3059 2443 3089 secl

1474 3110 1507 3136 et
1524 3106 1808 3146 facundissimus
1824 3131 1834 3145 ‚
1861 3107 1964 3146 cujus
1986 3116 2097 3147 neque
2116 3111 2281 3148 suspecta
2298 3108 2443 3147 populis

1473 3155 1520 3185 ad
1546 3155 1673 3187 bonam
1698 3156 1837 3196 sruqem
1864 3157 2086 3188 tendentibus
2110 3156 2335 3197 eloquentia,
2361 3165 2445 3196 quo·

1476 3205 1576 3236 niani
1600 3207 1694 3236 vitae
1716 3206 1922 3238 incredibili
1944 3207 2133 3238 severitate
2151 3207 2440 3238 commendatur.-

1475 3264 1539 3285 nec
1566 3264 1582 3285 e
1600 3256 1740 3287 diuerso
1765 3257 1887 3287 tristis
1909 3261 1972 3290 aut
1988 3255 2267 3297 reformidabilis
2292 3257 2443 3288 austeri-

1477 3309 1533 3335 tas
1550 3329 1558 3343 ‚
1581 3307 1748 3344 qnoniam
1769 3307 1910 3347 poetica
1933 3307 2166 3338 delinimenta
2181 3329 2191 3345 ,
2213 3305 2442 3346 pulcrumque

1476 3355 1583 3385 istam
1608 3355 1810 3388 litterarum
1827 3357 2062 3398 varietatem,
2086 3357 2237 3388 nitorem
2251 3379 2261 3394 ‚
2287 3355 2438 3387 delicias

1476 3413 1547 3435 non
1565 3410 1794 3443 aspernatur.

2528 2305 2533 2336 l

2529 2389 2533 2420 l

2495 3339 2498 3341 Β

2528 3400 2533 3458 l

2526 3502 2533 3529 il
