2517 4009
925 223 1217 264 PAULUS

87 301 162 340 adii
212 298 446 347 Codicibus,
491 299 594 337 sicut
642 299 744 349 apud
810 300 1022 339 Honorium

78 374 236 414 quoque
266 362 311 400 ll.
344 360 406 399 74.
433 371 502 411 pro
531 360 674 408 Paulo,
702 361 807 401 hunc
833 363 1030 402 PETRUM

78 423 322 464 Pannonium
348 424 478 461 vocari
502 422 652 461 videas.
676 424 919 463 Trithemius
943 437 1028 477 cap.

78 488 365 527 ⁴464aetatem
396 485 484 536 ejus
516 486 634 524 refert
664 486 711 524 ad
744 487 788 524 Α.
815 487 860 525 C.
887 488 976 526 430.

128 547 341 588 PAULINA
371 547 418 586 de
448 547 654 587 Pasclzate.
683 550 808 599 Supra
847 551 884 587 in
918 550 1032 590 PAU—

75 612 140 651 LO
167 608 513 661 Middelburyensi.

130 671 324 712 PAULUS
365 672 411 711 de
454 672 602 720 Paulo,
633 674 825 713 Patricius
865 675 1031 713 Jadren-

77 736 157 785 sis,
181 737 297 785 quus
327 734 554 774 Memorz'ale
571 737 619 774 ab
638 736 814 776 A.i37i.
837 737 883 776 ad
912 739 1030 777 1101.

73 797 417 837 ediditJo.Lucius
434 800 469 836 in
491 809 563 838 sua
582 799 771 837 Dalmatia
787 812 822 850 p.
835 800 921 837 4⁶23.
938 801 1031 839 438.

127 860 322 900 PAULUS
341 860 495 906 Persa,
519 862 554 898 in
581 861 720 900 Schola
747 862 939 912 Syrorum
972 864 1032 901 :Ni-

75 923 222 962 sibensi
253 922 441 971 edoctuS‚
464 921 581 972 cujus
608 924 764 973 regulas
789 924 833 962 ad
865 925 904 963 S.
931 926 1033 964 Scri—

73 990 231 1037 pturam
263 985 559 1036 intelligendam
584 986 719 1025 laudat
743 988 918 1026 .lunilius
939 987 1032 1026 Afer

73 1048 194 1100 praef.
221 1047 268 1086 ad
300 1048 420 1086 libros
449 1048 498 1086 de
527 1048 708 1099 partibus
751 1051 916 1089 Divinae
963 1052 1032 1089 Le-

71 1102 363 1161 gisztestatus
408 1122 451 1150 se
496 1123 587 1149 eum
631 1112 849 1162 Epistolam
882 1113 928 1151 ad
961 1114 1034 1151 Ro—

74 1185 214 1213 manos
259 1175 590 1224 interpretantem
630 1173 846 1212 audivisse.
881 1176 935 1213 De
965 1177 1033 1214 Ju-

77 1237 168 1275 nilio
198 1237 265 1286 qui
294 1237 396 1274 circa
427 1237 472 1274 Α.
503 1235 593 1274 550.
637 1235 779 1274 claruit
823 1237 859 1274 in
903 1237 1031 1275 Africa

79 1298 169 1336 vide
200 1309 318 1348 supra
351 1302 446 1335 tom.
478 1298 498 1335 [ι
531 1309 618 1347 pag.
650 1297 740 1335 483.

130 1359 324 1399 PAULUS
354 1360 562 1398 Saluccius
605 1358 651 1397 de
691 1359 880 1409 Perusz'o‚
911 1360 1032 1399 JCtus

76 1427 117 1461 et
144 1423 328 1474 Magister
352 1421 616 1460 Bibliothecae
641 1423 803 1472 Ruperti
834 1423 953 1473 Regis
975 1424 1034 1462 Si-

75 1485 188 1524 ciliae
225 1486 329 1524 circa
372 1485 445 1523 An.
487 1485 601 1523 1350.
642 1496 760 1534 quem
804 1496 1034 1524 memorans

77 1549 321 1587 Trithemius
344 1558 430 1598 cap.
458 1546 547 1585 634.
574 1546 662 1598 ejus
688 1546 825 1586 laudat
845 1549 1034 1586 volumen

77 1612 232 1663 insigne
259 1609 536 1650 Collectz'onum
553 1639 560 1657 ,
579 1611 616 1647 in
635 1621 712 1660 quo
732 1611 856 1649 multa
872 1612 926 1650 ait
947 1623 1035 1650 esse

76 1674 254 1724 jucunda
279 1678 320 1712 et
345 1674 454 1712 utilia
478 1672 527 1712 de
551 1674 634 1712 Diis
660 1673 870 1724 gentilium
887 1705 897 1722 ,
920 1686 1036 1725 argu—

78 1739 306 1786 mentisque.
329 1736 428 1784 aliis,
453 1737 515 1774 Ex
540 1735 613 1774 hoc
637 1747 755 1786 opere
794 1736 852 1774 Jo.
893 1739 1038 1776 Bocca-

5 1848 10 1852 .
80 1800 166 1838 cius
190 1799 323 1838 fassus
346 1802 409 1837 est
429 1798 644 1848 profecisse
674 1809 717 1837 se
754 1799 793 1836 in
833 1811 950 1850 opere
989 1800 1036 1839 de

81 1861 317 1912 Genealogia
342 1862 530 1900 Deorum.
562 1862 817 1913 Augustinus
842 1874 938 1901 vero
975 1862 1039 1901 Ol-

81 1925 225 1964 doinus
250 1927 286 1963 in
326 1924 531 1964 Athenaeo
566 1926 747 1976 Augusto
785 1937 870 1977 pag.
914 1927 1035 1964 etiam

81 1999 149 2027 res
175 1989 202 2027 a
226 1987 434 2027 Perusinis
455 1991 588 2038 qestas
613 1988 769 2027 tradere
809 1990 1032 2028 instituisse.

84 2055 124 2090 et
146 2053 296 2090 statuta
308 2050 469 2103 patriae
495 2048 611 2090 Urbis
636 2050 842 2090 ordinasse
867 2052 1030 2091 Paulum

82 2115 276 2167 perhibet.

137 2177 332 2218 PAULUS
368 2177 584 2217 Monachus
619 2179 658 2217 S.
702 2177 817 2216 Petri
849 2177 890 2216 in
928 2176 1037 2216 Valle

79 2241 196 2293 juxta
219 2241 438 2280 Carnotum
461 2269 469 2287 ,
494 2239 587 2277 Ord.
614 2240 761 2278 Bened.
799 2241 886 2279 Sec.
932 2241 1037 2279 Xlll.

82 2304 241 2354 scripsit
264 2303 468 2341 historiam
494 2302 600 2341 illius
616 2302 800 2341 Coenobii
822 2307 861 2339 et
892 2302 1036 2341 librum

83 2365 158 2404 sub
177 2365 293 2404 titulo
318 2363 631 2411 HAGANONIS,
657 2365 916 2404 Carnotensis
934 2366 1036 2403 circa

82 2427 157 2466 An.
175 2428 266 2465 920.
280 2427 477 2477 Episcopi.
495 2426 592 2464 Vide
610 2428 666 2463 Jo.
684 2427 1039 2464 LironiBibliothe-

81 2500 169 2528 carn
192 2490 491 2528 Barnotensem.
531 2500 615 2537 pag.
657 2489 719 2525 8¹.
762 2493 802 2526 et
841 2489 1041 2527 Sammar-

83 2551 228 2591 thanos
250 2554 348 2589 tom.
373 2550 434 2588 tv.
461 2562 498 2600 p.
527 2550 617 2587 720.
640 2561 722 2599 seq.
749 2550 842 2588 edit.
875 2552 1038 2601 primae.

142 2612 164 2634 ⁴*
193 2611 327 2651 Crebri
368 2611 531 2650 Fabricii
562 2612 697 2662 lapsus
728 2612 789 2650 hic
819 2612 1039 2662 corrigendi

84 2679 180 2715 sunt
204 2686 252 2713 ex
279 2674 442 2713 historia
462 2674 654 2712 litteraria
675 2673 873 2712 Gallicana
893 2678 919 2711 t.
939 2675 1037 2712 Vllt.

83 2750 171 2790 pag.
208 2737 286 2776 254
312 2741 389 2776 etc.
414 2737 560 2775 Paulus
586 2737 660 2774 iste
689 2737 906 2775 Saeculum
931 2738 1039 2776 XIII.

83 2801 263 2852 attigisse
310 2810 560 2850 nequaquam
602 2801 759 2850 potuit,
797 2810 888 2838 cum
936 2811 1039 2838 anno

87 2864 201 2903 4029.
229 2861 310 2912 jam
339 2862 573 2901 Monachum
613 2868 760 2912 ageret.
791 2862 921 2913 ¹Liber
966 2863 1041 2901 Ha-

86 2926 252 2977 ganonis
282 2923 378 2962 nihil
409 2928 471 2962 est
499 2924 603 2963 aliud
635 2936 753 2974 quam
787 2925 851 2975 qui
890 2925 953 2964 hic
983 2926 1040 2964 in-

85 2987 300 3027 scribitur:
331 2986 510 3025 Historia
538 2987 576 3026 S.
610 2987 720 3025 Petri
747 2987 787 3025 in
822 2986 935 3026 Valle.
966 2989 1039 3027 Ne-

85 3062 163 3102 que
193 3051 356 3100 insuper
386 3049 547 3088 historia
579 3051 652 3088 ista
683 3049 787 3088 aliud
827 3054 889 3088 est
918 3061 1037 3100 quam

139 3211 173 3251 a)
199 3212 302 3251 Hujus
328 3212 502 3250 inquisitio
526 3213 594 3243 sive
616 3215 702 3241 nota
721 3211 757 3241 in
777 3210 965 3242 Orationes
989 3211 1045 3241 XI.

1983 226 2060 265 207

1105 296 1276 346 plurium
1310 297 1538 336 chartarum
1570 296 1748 336 eiusdem
1775 296 1957 336 Coenobii
1983 297 2062 336 col-

1106 359 1220 398 lectio
1250 359 1297 397 ab
1328 359 1399 397 hoc
1430 359 1618 398 Monacho
1659 359 1868 405 confi-cta,
1898 359 1960 398 cui
2004 359 2063 397 hi-

1107 423 1249 460 storica
1280 421 1478 472 quaedam
1512 423 1789 461 intermiscuit.
1820 422 1930 471 Opus
1954 421 2058 459 istud

1108 486 1143 522 in
1175 484 1294 522 libros
1324 484 1507 522 distinxit
1537 483 1663 531 duos,
1695 495 1863 534 quorum
1891 484 2058 534 priorem

1107 549 1332 597 inscripsit:
1379 545 1497 585 Lzber
1541 546 1722 596 IIaqani,
1761 546 1863 597 quod
1911 546 2063 584 scilicet

1105 622 1245 649 omnes
1275 611 1479 648 contineat
1510 610 1736 657 largitiones
1775 609 1822 647 ab
1854 610 2063 658 llaganone

1105 674 1302 725 Episcopo
1331 671 1566 711 Carnotensi
1592 672 1828 710 Monasterio
1858 671 2065 710 Carthusi-

1104 737 1190 775 ensi
1223 735 1450 785 praestitas.
1482 734 1661 772 Alterius
1685 733 1827 771 titulus
1848 738 1922 771 ost.
1948 731 2066 772 Liber

1106 796 1356 849 Rayerifrea'i,
1380 798 1637 846 continetque
1660 796 1811 834 similes
1837 797 2065 847 largitiones

1106 862 1167 901 ab.
1196 862 1269 912 Ep.
1313 860 1551 899 Carnotensi
1596 859 1682 897 eius
1727 860 1898 896 nominis
1942 859 2065 897 factas

1109 925 1361 963 monasterio.
1410 923 1518 960 Vixit
1562 932 1689 972 usque
1719 921 1765 960 ad
1797 923 1948 960 exitum
1981 934 2066 961 sae-

1108 988 1187 1026 culi
1219 987 1287 1026 XI.
1319 986 1340 1009 *

1177 1048 1372 1089 PAULUS
1401 1047 1588 1087 Pilonus.
1614 1050 1676 1087 vir
1699 1049 1892 1099 elegantis
1927 1049 2070 1087 doctri-

1110 1121 1182 1151 nae
1209 1112 1375 1151 Saeculo
1397 1112 1479 1150 XV.
1506 1113 1573 1160 qui
1595 1115 1753 1162 praeter
1772 1112 1999 1150 Orationem
2027 1113 2063 1149 in

1106 1174 1247 1213 laudes
1271 1174 1428 1213 Antonii
1452 1175 1596 1221 Lusci,
1622 1175 1814 1213 vicentini
1840 1175 1873 1223 a)
1895 1175 2067 1212 instituit

1106 1236 1207 1274 bella
1223 1237 1398 1275 Romana
1416 1242 1601 1287 poemate
1617 1238 1754 1275 Latino
1772 1237 1971 1275 illustrare
1987 1237 2067 1286 glo-

1108 1302 1204 1337 riam
1233 1300 1378 1337 nomini
1401 1304 1704 1350 comparaturus
1730 1310 1812 1337 suo.

1121 1373 1152 1402 Si
1178 1374 1333 1411 coeptum
1361 1371 1490 1402 finisset
1515 1378 1597 1408 opus
1614 1392 1623 1407 ‚
1641 1377 1707 1409 quo
1728 1371 1874 1401 carmine
1892 1378 2022 1402 summo

1122 1421 1300 1452 Romuleas
1320 1421 1409 1451 acies
1429 1423 1460 1450 et
1480 1419 1567 1450 bella
1587 1419 1735 1458 ingentla
1752 1421 1897 1459 scripsit.

1167 1481 1269 1519 Vide
1291 1481 1478 1519 Vossium
1497 1480 1591 1530 pag.
1612 1479 1700 1517 797.

1167 1542 1366 1583 PAULUS
1389 1540 1615 1593 Presbyter.
1640 1543 1765 1593 Supra
1793 1541 1944 1580 Paulus
1970 1543 2071 1580 Pan-

1112 1608 1266 1653 nonius,

1166 1669 1361 1710 PAULUS
1381 1671 1581 1709 Diaconus
1602 1671 1800 1708 Romanus
1825 1673 1864 1706 et
1885 1668 2072 1707 Cardina-

1110 1734 1159 1773 lis
1183 1733 1303 1785 cujus
1329 1745 1371 1772 se
1402 1733 1567 1772 historia
1594 1744 1711 1772 usum
1743 1734 1936 1772 Martinus
1964 1732 2073 1771 Polo-

1116 1809 1192 1835 nus
1220 1797 1395 1842 indicat,
1419 1808 1497 1834 non
1521 1797 1618 1835 alios
1643 1797 1779 1846 utique
1803 1796 1875 1834 fuit
1899 1797 1920 1834 a
1950 1793 2073 1833 Paulo

1113 1858 1358 1912 Aquilejensz·
1377 1859 1424 1898 de
1450 1871 1528 1909 quo
1547 1869 1666 1908 supra
1686 1870 1771 1910 pag.
1791 1859 1881 1897 199.
1895 1862 1934 1896 et
1952 1868 2071 1908 quem

1113 1923 1161 1962 ab
1186 1923 1272 1961 aliis
1301 1923 1446 1968 etiam,
1473 1922 1659 1973 quamvis
1685 1926 1841 1971 praeter
1875 1932 1985 1967 rem,
2027 1921 2074 1957 ti-

1117 1986 1202 2025 tulo
1227 1984 1451 2024 Cardinalis
1475 1988 1749 2034 nuncupatum
1779 1984 1952 2022 memini.

1170 2048 1369 2088 PAULUS
1384 2047 1429 2086 de
1450 2045 1988 2098 Roma.Augustinianus‚de
1998 2057 2076 2096 quo

1111 2113 1287 2150 Joannes
1327 2111 1654 2161 Schiphoverus7
1679 2109 2000 2159 Augustinianus
2029 2113 2069 2146 et

1113 2176 1223 2225 ipse,
1250 2175 1286 2212 in
1323 2174 1519 2213 Chronico
1559 2173 1888 2211 archi-Comitum
1925 2171 2072 2210 Olden—

1111 2238 1370 2286 burgensium
1398 2235 1444 2274 ad
1466 2235 1540 2274 An.
1561 2236 1675 2274 ili-54.
1693 2234 1796 2284 apud
1817 2234 2070 2272 Meibomium

1113 2304 1209 2338 tom.
1236 2299 1259 2337 ⁶2
1285 2310 1370 2349 pag.
1400 2297 1487 2336 178.
1512 2297 1703 2348 Mayz'ster
1725 2297 1870 2335 Paulus
1886 2296 1934 2334 de
1950 2297 2071 2334 Roma

1114 2362 1237 2402 Prior
1260 2359 1456 2413 quondam
1481 2359 1535 2398 ad
1561 2361 1602 2399 S.
1628 2359 1801 2398 Mariam
1827 2358 1872 2396 a'e
1899 2356 2069 2409 populo.

1118 2422 1327 2475 Theologyus
1352 2426 1390 2461 et
1408 2421 1516 2461 Iuris
1542 2421 1742 2472 Pontificiz'
1780 2421 1922 2458 Ductor
1963 2430 2070 2469 eare-

1111 2488 1214 2537 φης,
1241 2486 1372 2524 Divz‘ni
1399 2483 1682 2535 verbz‘pz·aeco
1703 2482 2068 2527 eoecellentissmm,

1119 2547 1270 2586 dommi
1300 2547 1428 2585 nostri
1464 2546 1600 2596 Papae
1637 2545 1672 2592 b)
1708 2543 2068 2595 poenitentiarius.

1115 2609 1187 2661 qui
1208 2609 1256 2647 de
1281 2620 1355 2647 usu
1383 2614 1422 2645 et
1440 2609 1629 2646 exercitio
1645 2608 1818 2645 clavium
1836 2617 1931 2657 opus
1947 2605 2071 2656 quod-

1113 2672 1204 2710 clam
1235 2682 1421 2721 maslaum
1445 2673 1482 2707 et
1503 2668 1883 2708 ercellentissimum
1921 2679 2070 2720 compo<

1112 2734 1204 2773 suit.
1226 2734 1452 2783 Apoloaiam
1486 2734 1606 2770 nostri
1660 2731 1835 2770 ordinis.
1869 2736 1905 2768 et
1947 2732 2067 2769 vitam

1117 2795 1394 2834 sanctissimae
1418 2797 1623 2832 matronae
1660 2795 1832 2831 §tonicae
1869 2804 2065 2844 perquam

1127 2857 1282 2907 egyrecie
1319 2855 1529 2907 descripsit
1577 2854 1726 2894 Multos
1768 2855 1853 2893 item
1895 2855 2070 2905 (Ὧν-θρίω

1115 2922 1318 2958 tractatus
1335 2918 1470 2956 edidit:
1491 2918 1714 2955 inmimeros
1733 2916 1847 2954 etiam
1864 2928 2069 2955 sermones

1111 2984 1193 3019 tum
1221 2979 1275 3019 a'd
1299 2979 1510 3031 Colleqium
1532 2979 1949 3019 reverendissimorum
1969 2979 2070 3019 Car-

1113 3043 1327 3083 dinalinm,
1351 3053 1486 3081 coram
1508 3042 1674 3081 simmiis
1702 3039 1968 3091 Pontificibus.
1985 3045 2066 3079 tum

1169 3212 1204 3249 b)
1227 3214 1276 3244 Pii
1303 3214 1342 3242 11.
1368 3216 1403 3243 Α.
1426 3211 1515 3243 1164.
1532 3214 1625 3252 cujus
1649 3213 1748 3242 ctiam
1766 3212 1991 3243 concionator
2012 3220 2072 3243 or-

81 3263 256 3295 Ciceronis
282 3261 435 3302 prodiere
458 3262 493 3292 in
516 3263 662 3293 editione
695 3263 817 3291 veneta
843 3263 879 3291 Α.
905 3259 997 3290 1477.
1025 3259 1045 3291 s.
1107 3263 1258 3294 dinarius
1294 3262 1380 3297 suit,
1405 3270 1470 3300 quo
1498 3262 1533 3292 ιή
1558 3270 1699 3291 inuuere»
1736 3261 1786 3291 im
1812 3270 1847 3291 se
1871 3261 2007 3300 yessi't.
2033 3267 2067 3292 ut

82 3319 120 3343 ac
141 3312 261 3344 deinde
283 3312 414 3351 saepius
429 3312 530 3342 etiam
547 3311 644 3342 alibi.
663 3313 738 3351 Ejue
766 3311 913 3341 numum
936 3309 1041 3349 pudi-

90 3361 196 3392 citiae
223 3365 334 3393 extare
360 3364 487 3393 notavit.
511 3363 690 3402 koenigius
717 3364 748 3393 in
774 3360 857 3391 Bibl.

1111 3315 1222 3343 narrat
1258 3313 1384 3342 Elssius
1420 3320 1481 3351 pag
1518 3311 1589 3342 5230.
1620 3316 1654 3342 nt
1679 3311 1855 3342 redivivus
1879 3313 1911 3343 S.
1939 3312 2071 3342 Paulus

1110 3363 1285 3394 diceretur
1308 3384 1315 3399 ,
1337 3364 1506 3400 Superstes
1533 3361 1641 3393 adhuc
1668 3366 1728 3394 An.
1755 3361 1845 3393 1171.
