2533 4009
451 208 531 248 368
1007 256 1010 257 ⁷

448 284 542 316 tom.
569 279 630 316 Vl.
655 289 688 327 p.
716 278 776 312 99.
804 273 935 312 Edidit
959 273 1022 308 ille

509 342 540 377 1.
566 336 855 388 Pla-positionem
875 332 1029 370 ‘Missae
1046 360 1055 377 ,
1085 330 1194 392 quod⁸
1220 331 1400 381 Opuscu-

451 402 532 439 luni
563 400 726 437 Alcuino
757 396 1010 440 tribuerunt,
1048 394 1193 442 quippe
1227 392 1330 441 quod
1365 404 1396 430 c.

452 461 532 499 XL.
558 460 639 496 libri
665 457 712 493 de
737 456 884 492 divinis
908 454 1047 492 officiis
1071 454 1305 498 constituit,
1334 453 1400 491 ob-

449 524 633 558 servante
664 516 838 555 Eccardo
869 526 1002 553 rernm
1036 516 1209 553 Francic.
1240 515 1398 552 xxvii.

451 582 509 618 26.
537 579 654 617 Multa
680 589 726 615 ex
759 577 890 615 Marco
916 577 1027 615 Floro
1049 576 1295 614 desumsisse
1334 587 1401 614 no-

453 647 505 679 tat
536 639 708 677 Bulaeus
735 637 838 676 llist.
867 638 1104 676 Academiae
1143 639 1340 684 Parisinae
1376 642 1403 674 t.

452 704 463 740 l
492 713 575 751 pag.
613 700 705 739 035.
743 701 984 738 l‘ossevinuza·
1024 700 1166 738 librum
1192 699 1238 737 de
1267 698 1403 752 officiis

449 763 606 802 (livinis.
633 762 768 801 Colon.
807 761 922 800 4536.
948 773 1142 799 excusum
1184 765 1402 799 memorat:

451 827 582 863 nescio
606 835 654 863 an
684 823 786 862 idem
826 825 878 861 sit
913 835 1004 862 cum
1037 823 1109 861 hac
1149 823 1406 872 Expositione

446 888 599 925 Missae..
625 886 770 925 Exstat
796 890 890 923 tom.
916 885 1003 923 xvi
1041 885 1134 922 Bibl.
1173 885 1240 921 l‘P.
1285 884 1408 921 maxi-

451 959 537 986 mae
566 958 654 998 pag.
685 948 774 985 883.
806 947 895 996 (293
919 945 998 986 Cod
1040 946 1124 984 Sec.
1150 946 1202 984 Xl
1240 946 1277 982 in
1303 943 1405 982 med.

450 1009 638 1049 Laurent.
663 1009 826 1048 Bandini
849 1010 885 1046 in
916 1008 987 1058 Op.
1006 1006 1164 1046 ,Vovelle
1183 1000 1407 1045 Lecterc'z'rt'e

451 1074 489 1110 r.
523 1066 652 1118 4791)
685 1070 791 1110 sisi
879 1058 896 1070 ⁶

501 1135 536 1172 -2,
564 1133 858 1185 Expositionem
897 1131 935 1169 in
972 1130 1152 1169 undecim
1189 1130 1407 1182 Prophetas

451 1196 640 1241 minores,
659 1207 761 1245 quae
784 1206 859 1233 una
882 1205 973 1232 cum
992 1192 1236 1231 Oecumenio
1258 1197 1298 1231 et
1315 1192 1410 1230 Arc-

453 1265 490 1296 ta
516 1257 657 1308 prodiit
684 1257 806 1296 AntV.
838 1257 951 1296 1545.

503 1321 537 1358 3.
575 1317 870 1358 Commentario
909 1317 949 1355 in
990 1316 1194 1363 psalmos,
1232 1328 1280 1354 ex
1319 1316 1411 1354 Am-

449 1382 604 1429 brosio,
636 1382 858 1430 Augustino
887 1385 926 1418 et
957 1378 1190 1419 Cassiodoro
1215 1379 1412 1416 consarci-

453 1449 557 1481 nata.
588 1443 724 1481 Colon.
766 1442 881 1481 4536.
916 1442 978 1479 fol.
1016 1442 1065 1479 lit
1109 1440 1206 1478 haec
1250 1439 1410 1490 quidem

453 1506 524 1542 tria
558 1504 754 1542 habentur
775 1508 870 1540 tom.
897 1503 983 1541 XV!
1023 1502 1116 1540 Bibl.
1138 1502 1203 1539 l'P.
1232 1500 1411 1550 Lugdun.

453 1566 620 1612 Qnidam
652 1563 878 1615 Maneyoldo
909 1565 1091 1603 tribuunt
1108 1564 1251 1612 dequo
1273 1563 1412 1600 Noster

454 1641 572 1678 supra
605 1634 697 1665 tom.
730 1628 773 1664 V.
804 1639 841 1676 p.
874 1627 936 1665 43.

508 1692 543 1727 4.
575 1688 902 1728 Commentarius
946 1687 985 1724 in
1027 1685 1225 1738 Epistolas
1264 1684 1411 1732 Pauli,

453 1752 519 1800 qui
550 1751 667 1799 vulgo
698 1751 873 1799 Remigio
903 1749 1089 1787 Remeusi
1123 1748 1184 1785 vel
1219 1747 1409 1796 llaymoni

454 1817 485 1852 a
516 1813 728 1860 tribuitur,
758 1811 805 1850 ad
838 1817 1019 1849 nostrum
1053 1811 1185 1860 potius
1211 1810 1409 1858 pertinet,

454 1875 546 1925 quia
576 1874 791 1923 Gregorius
820 1874 866 1911 M.
898 1884 989 1911 cum
1021 1871 1125 1910 Beda
1159 1872 1206 1909 ibi
1238 1871 1409 1915 citatur⁷

452 1942 490 1973 et
521 1937 809 1974 Saracenorum
842 1937 988 1972 mentio
1033 1934 1087 1972 lit.
1125 1934 1207 1972 Sub
1253 1934 1411 1970 nomine

458 2000 582 2036 nostri
613 1997 790 2048 prodisse
822 1998 858 2033 in
880 1997 975 2034 Bibl.
1000 1997 1068 2034 PP.
1096 1995 1318 2034 Coloniensi
1337 1999 1415 2032 tra—

457 2060 512 2097 dit
543 2061 727 2105 CaveuS,
758 2058 862 2108 quod
898 2059 1012 2108 longe
1044 2058 1176 2095 secius
1205 2061 1279 2094 est.
1316 2057 1412 2094 Nam

457 2127 562 2159 tomo
593 2122 634 2158 Υ.
665 2122 831 2169 ejusque
862 2124 971 2168 parte
1003 2120 1117 2156 tertia
1149 2118 1318 2156 liabetur
1343 2118 1415 2155 Re-

459 2183 570 2232 misyii
602 2184 798 2221 [ternensis
833 2180 1019 2232 Episcopi
1047 2178 1289 2229 Eacplanate'o
1325 2179 1417 2229 Epi-

458 2244 652 2282 stolarum
685 2242 946 2281 Paulc'uarum
976 2254 1024 2280 ex
1042 2241 1215 2279 editione
1231 2242 1288 2278 Jo.
1307 2243 1416 2291 Bapt.

461 2305 696 2356 l'illalpandi
724 2306 831 2343 Rom.
866 2306 982 2344 4598.
1016 2304 1079 2342 fol.
1105 2305 1279 2353 Moguni..
1305 2303 1421 2341 4644.

461 2369 522 2406 sol.
554 2370 595 2406 ln
627 2368 722 2406 Bibl.
754 2377 849 2404 vero
881 2366 1134 2415 Lugdunensi
1166 2370 1194 2402 t.
1240 2365 1340 2403 Vlll.
1383 2376 1419 2414 p.

461 2430 548 2468 883.
573 2430 746 2478 Remigio
764 2428 1021 2478 Lugdunensi
1053 2427 1305 2466 adscribitur.
1323 2427 1419 2465 Vide

463 2493 673 2531 Historiam
704 2491 854 2529 Galliae
880 2491 1095 2529 literariani
1126 2494 1152 2526 t.
1179 2490 1241 2528 111.
1275 2500 1309 2539 p.
1331 2488 1418 2527 462.

514 2555 549 2593 5.
584 2553 903 2593 Commentarius
944 2552 984 2590 in
1020 2550 1306 2604 Apocalypszn,
1353 2551 1419 2600 qui

464 2617 580 2667 vulgo
613 2617 750 2654 Haimo
780 2615 994 2663 tribuitur,
1026 2613 1072 2652 ad
1105 2619 1286 2652 nostrum
1332 2623 1420 2662 spe-

462 2684 556 2717 ctat.
599 2678 697 2717 Nam
741 2679 772 2715 is
815 2676 987 2727 quadam
1036 2675 1232 2714 modestia
1277 2685 1419 2712 nomen

462 2752 579 2780 suum
611 2740 769 2789 scriptis
801 2750 875 2776 non
907 2737 1058 2776 addidit
1079 2767 1086 2785 ,
1107 2738 1167 2775 vel
1185 2738 1304 2775 etiam
1324 2737 1422 2787 Rey-

463 2802 587 2841 monis
616 2805 685 2840 aut
715 2800 929 2851 Raymonis
958 2799 1237 2837 abbreviatum
1277 2809 1419 2836 nomen

463 2865 632 2914 adiecit,
665 2862 768 2901 unde
800 2863 1043 2911 llaymonem
1076 2860 1259 2898 fecerunt
1291 2861 1328 2896 in
1361 2859 1422 2897 his

468 2939 543 2964 non
570 2926 667 2964 satis
695 2923 912 2962 exorcitati.
945 2922 1069 2962 Stilus
1093 2923 1201 2959 enim
1244 2925 1306 2958 est
1351 2922 1422 2958 Re-

467 2989 572 3038 migii
604 2986 726 3024 nostri
746 3016 753 3034 ,
784 2989 902 3035 prout
919 2984 1107 3021 observat
1126 2982 1257 3020 Abbas
1277 2981 1425 3019 Lebeuf

469 3054 563 3086 tom.
594 3050 606 3086 1
637 3048 794 3085 dissert.
827 3046 874 3085 ad
909 3045 1009 3084 illst.
1033 3045 1221 3083 Gallicam
1240 3049 1422 3094 spectan-

472 3112 568 3147 tium
601 3121 685 3159 pag.
717 3108 806 3146 279.
837 3109 903 3158 qui
935 3108 1054 3146 etiam
1101 3105 1344 3156 singularem
1374 3103 1422 3142 de

475 3171 545 3208 hac
577 3183 615 3207 ro
644 3170 964 3208 dissertationem
995 3168 1203 3219 promittit.
1232 3167 1281 3205 Ut
1298 3166 1423 3204 obiter

531 3316 563 3342 as
586 3310 662 3337 Num
687 3318 717 3338 ιιι
740 3309 858 3341 <lodice
882 3312 1068 3341 cassinens-'i
1088 3332 1094 3345 ‚
1127 3310 1307 3340 vos-sevino
1342 3311 1424 3339 teste

1266 199 1634 239 REMlGIUs

1472 269 1545 306 hoc
1574 268 1794 318 addamus,
1824 269 1957 309 Abbas
1987 270 2102 308 niodo
2139 270 2324 309 laudatus
2361 271 2430 310 ibi-

1473 330 1563 367 dem
1594 329 1686 367 iilud
1713 331 1818 379 agit,
1850 336 1895 369 ut
1925 331 2170 379 Honor-ium,
2201 343 2322 382 quem
2352 332 2430 371 huc

1475 401 1601 440 usque
1619 389 2010 441 Auyusto'dunensem
2030 398 2224 432 vocarunt
2241 423 2250 442 ,
2269 393 2432 432 Germa-

1474 453 1560 490 niae
1591 454 1721 502 potius
1751 452 1952 499 vindicet,
1979 454 2241 504 utAuyustae
2257 453 2320 492 vel
2347 453 2434 493 Vin·

1476 511 1693 551 (lele'corum
1727 513 1787 551 vel
1823 514 2099 552 Rauracorum
2117 515 2353 554 tribuendus
2369 515 2432 553 sit.

1529 576 1564 613 6.
1596 573 1770 626 Epistola
1787 573 1841 612 ad
1857 573 2056 613 Dadonem
2091 575 2326 627 Episcopum
2353 575 2436 614 Vir-

1475 638 1688 675 dunensem
1712 666 1720 684 ,
1752 637 1788 673 in
1822 647 1899 686 qua
1931 636 2130 686 explicat,
2159 637 2252 688 quid
2278 638 2326 676 de
2351 638 2434 687 Gog

1478 700 1611 749 Magog
1641 697 1743 748 apud
1775 697 2032 736 Ezechielem
2061 699 2360 750 intelligendum
2387 701 2439 738 sit

1480 765 1519 797 et
1548 759 1596 797 dc
1629 761 1883 810 llungrorum
1930 759 2080 808 origine
2119 760 2312 809 quaedam
2352 771 2440 799 nar-

1480 826 1565 868 rat,
1609 821 1780 860 habetur
1825 823 1861 858 in
1907 820 2151 859 Collectione
2195 823 2441 872 amplissima

1483 883 1600 921 lidm.
1640 885 1816 922 Martene
1847 887 1887 921 et
1922 883 2054 922 Ursini
2085 883 2247 922 Durand
2277 888 2372 922 tom.
2412 885 2440 922 1.

1483 956 1517 995 p.
1549 945 1638 983 230.
1669 945 1864 991 Quamvis
1888 946 2007 983 etiam
2037 945 2347 984 tantumliterae
2372 946 2444 982 ini-

1482 1005 1600 1044 tiales
1631 1006 1668 1044 S.
1699 1009 1740 1044 et
1771 1006 1814 1044 D.
1848 1007 1886 1043 in
1917 1005 2060 1045 Codice
2089 1006 2333 1045 Floreffiensi
2376 1017 2445 1044 ex-

1483 1072 1617 1109 stent,
1649 1072 1827 1118 tempora
1854 1071 1988 1105 tamen
2013 1069 2262 1106 conveniunt
2283 1098 2291 1117 ,
2315 1069 2444 1107 etsub

1484 1130 1603 1167 linem
1625 1130 1828 1179 Epistolae
1852 1128 2191 1179 conyreyatz'onem
2214 1130 2256 1169 S.
2282 1129 2445 1169 Germa-

1486 1191 1526 1228 ni
1549 1195 1663 1229 vocat
1690 1189 1846 1243 fratres
1876 1190 1914 1229 ei
1935 1189 2110 1230 dominos
2125 1200 2231 1229 suos.

1536 1253 1571 1291 7.
1608 1253 1931 1292 Commentarius
1956 1254 1997 1291 in
2027 1252 2196 1291 Genesin
2224 1252 2358 1292 editus
2382 1257 2446 1292 est

1484 1327 1504 1355 a
1536 1318 1653 1354 Bern.
1685 1317 1798 1353 Pezio
1828 1315 1946 1354 Thes.
1980 1315 2197 1353 novissimo
2227 1315 2449 1354 Anecdoto'-

1489 1389 1577 1416 rum
1610 1381 1637 1415 t.
1670 1377 1730 1415 lV.
1763 1381 1862 1427 part.
1894 1376 1929 1414 1.
1960 1376 2035 1414 sub
2067 1377 2239 1415 initium.

1544 1439 1827 1489 8.‚Comment.
1859 1438 1899 1476 in
1930 1435 2126 1476 librorum
2155 1436 2366 1486 Judicum,
2400 1438 2449 1476 ab

1486 1501 1624 1539 eodem
1658 1501 1681 1539 1.
1707 1513 1738 1538 c.
1773 1513 1808 1551 p.
1834 1500 1923 1539 427.

1541 1564 1575 1600 9.
1609 1563 1820 1601 Comment.
1846 1565 1986 1601 vastus
2014 1562 2052 1599 in
2077 1561 2318 1601 Matthaeum
2334 1591 2343 1608 ‚
2368 1563 2445 1602 MS.

1488 1625 1655 1664 habetur
1685 1625 1876 1663 Monachii
1909 1626 1946 1661 in
1978 1624 2220 1662 Bibliotheca
2269 1624 2447 1662 Serenis-

1487 1689 1577 1724 simi
1610 1687 1804 1725 Elect‹=ris
1835 1687 2052 1731 Bavariac‚
2085 1690 2189 1724 teste
2220 1687 2314 1724 Rev.
2332 1688 2446 1725 Bern.

1488 1750 1598 1786 Pozio
1630 1750 1794 1786 Dissert.
1828 1748 2027 1797 lsagogica
2057 1747 2105 1786 ad
2135 1751 2231 1785 tom.
2276 1747 2305 1786 Ι.
2349 1748 2450 1786 The-

1486 1811 1591 1849 sauri
1624 1811 1715 1847 novi
1748 1809 2043 1847 Anecdotorum
2089 1822 2124 1860 p.
2161 1809 2226 1848 23.
2270 1810 2306 1847 in
2353 1810 2451 1849 Bibl.

1488 1872 1781 1911 vindobonensi
1812 1875 1852 1909 et
1882 1872 1921 1910 S.
1954 1871 2108 1921 Georgii
2140 1869 2296 1921 Majoris
2326 1872 2453 1911 Vene-

1488 1935 1565 1980 tiis⁷
1584 1938 1687 1971 teste
1716 1935 1932 1972 Possevino
1963 1933 2196 1984 Apparatus
2230 1938 2258 1972 t.
2284 1935 2330 1973 11.
2361 1934 2452 1974 320.

1547 1995 1607 2034 40.
1641 1996 1692 2033 De
1725 1994 2020 2035 Festz'vitatibus
2046 1997 2286 2035 Sanctorum
2326 1996 2392 2035 lib.
2422 1997 2450 2036 I.

1489 2057 1534 2096 ad
1557 2057 1797 2107 Episcopum
1816 2056 2452 2105 AEduorum‚memoratBulaeus.

1546 2120 1607 2157 44.
1639 2120 1847 2157 Sermones
1879 2118 2043 2169 triyiuta
2072 2124 2290 2159 occurrunt
2320 2121 2356 2158 in
2386 2122 2457 2159 Le-

1492 2181 1683 2218 ctionario
1716 2181 1944 2218 monasterii
1975 2179 2242 2219 Medianensis
2271 2186 2364 2221 ante
2387 2193 2456 2221 an-

1496 2252 1567 2279 nos
1608 2242 1696 2280 700.
1735 2242 1907 2292 scripto,
1939 2254 1987 2280 ex
2019 2242 2164 2292 quibus
2188 2242 2362 2293 aliquot,
2387 2245 2454 2294 qui

1494 2303 1543 2341 ad
1575 2304 1879 2342 Sacramentum
1920 2303 2198 2342 Eucharistiae
2241 2308 2456 2354 spectant,

1494 2365 1706 2416 descripsit
1736 2366 1955 2415 llyacintus
1985 2365 2114 2404 Alliot.
2141 2366 2259 2405 Haec.
2280 2365 2458 2405 Theode-

1494 2429 1598 2466 ricus
1627 2428 1844 2466 Ruinartus
1869 2429 1906 2465 in
1937 2428 2083 2466 Itinere
2113 2426 2286 2467 Alsatico
2309 2432 2350 2467 et
2368 2429 2457 2466 Lot-

1496 2490 1690 2540 haringo‚
1721 2494 1818 2527 tom.
1849 2490 1899 2527 111
1931 2490 2107 2540 Operum
2152 2489 2458 2541 posthumorum

1548 2551 1761 2589 Mabilloiiii
1779 2551 2011 2589 etRuinarti
2044 2562 2129 2602 pag.
2157 2551 2245 2590 444.
2275 2549 2337 2590 An
2364 2561 2458 2589 vero

1498 2613 1668 2651 Alliotus
1693 2613 1780 2651 illos
1800 2612 1991 2660 ediderit,
2011 2612 2104 2651 mihi
2123 2623 2198 2651 non
2220 2615 2390 2652 constat.

1553 2674 1612 2713 42.
1645 2673 1931 2715 Commentaru'
1958 2674 1998 2711 in
2028 2673 2273 2712 Marcianum
2319 2672 2460 2724 Capel-

1498 2735 1602 2784 lam,
1633 2737 1829 2774 Donatum
1868 2738 1905 2773 et
1940 2735 2194 2775 Priscianum
2238 2734 2373 2774 inediti
2420 2736 2457 2773 in

1498 2799 1619 2836 variis
1650 2797 1904 2835 Bibliothocis
1937 2797 2147 2836 habentur.
2166 2797 2264 2836 Vide
2282 2796 2457 2836 Indicem

1498 2861 1612 2897 Bern.
1644 2859 1692 2897 de
1739 2859 2007 2897 Montfaucon.
2057 2858 2279 2897 Videndum
2325 2869 2457 2896 annon

1499 2920 1559 2957 his
1581 2921 1708 2958 titulis
1725 2919 2119 2970 comprehendantur
2134 2920 2301 2971 Remiqiz
2317 2919 2459 2959 Gram-

1497 2980 1727 3029 matu-alia,
1757 2982 1895 3020 Colon.
1931 2982 2044 3021 4500.
2079 2982 2142 3021 sol.
2172 2982 2278 3021 edita
2297 3011 2307 3028 ‚
2353 2986 2457 3020 teste

1497 3044 1704 3081 Maittairio
1734 3048 1832 3082 tom.
1864 3045 1893 3082 1.
1922 3043 2063 3083 Annal.
2096 3045 2268 3096 Typogr.
2298 3057 2332 3096 p.
2365 3043 2456 3085 728.

1499 3104 1594 3143 edit.
1625 3111 1774 3156 poster.
2425 3141 2430 3146 .

1549 3168 1608 3206 43.
1643 3168 1959 3208 Commentarius
1989 3167 2029 3207 in
2055 3167 2242 3219 Requlam
2271 3169 2310 3209 S.
2336 3170 2458 3208 Reue-

1493 3309 1654 3340 scribitur
1681 3309 1818 3341 Raima.
