2517 4009
904 212 1281 253 PLACIDUS

138 283 381 324 PLACIDUS
402 281 546 329 Actor,
578 281 626 320 dc
655 281 770 333 cujus
793 284 901 322 libris
920 284 1038 323 Medi-

86 348 264 387 cinarum
295 355 414 396 supra
444 348 538 382 tom.
569 346 602 383 4.
634 355 719 395 pag.
750 346 784 383 6.

137 407 383 448 PLACIDUS
407 407 590 446 Coenobii
612 407 884 447 Nonantulani
903 408 1039 449 Ordin.

83 469 230 511 Bened.
250 470 382 516 Prior,
412 474 549 520 postea
574 470 727 520 ignotae
749 470 862 509 Sedis
881 471 1042 521 Episco-

60 544 161 585 pus
189 533 348 583 scripsit
373 533 474 570 circa
505 531 551 570 A.
583 531 696 571 4070.
717 536 853 571 contra
881 533 1043 572 Investi-

85 599 199 636 turas
214 597 253 634 et
256 596 489 646 potestatem
512 594 678 633 Henrici
690 595 753 633 IV.
774 597 1042 647 Imperatoris,

86 663 130 698 ut
159 659 310 697 notavit
329 657 566 707 Anonymus
589 657 823 696 Mellicensis
845 668 928 708 cap.
954 659 1042 696 445.

85 720 303 771 respiciens
323 719 467 758 librum
492 718 579 768 ejus
595 718 641 758 cle
663 719 805 758 honore
831 719 1042 768 Ecclesiae,

84 786 338 822 constantem
357 782 736 833 capitibusCLXXl.
753 793 872 832 quem
894 783 1045 833 primus

83 845 264 896 vulgavit
292 844 518 884 Bernardus
548 846 622 883 Pez
646 849 740 883 tom.
766 846 803 883 2.
833 843 1045 883 anecdoto-

83 919 174 948 rum
204 912 316 959 parte
345 908 381 946 2.
413 918 499 958 pag.
530 905 694 945 75-480.

135 969 378 1010 PLACIDUS
399 969 613 1019 Leyerius‚
639 968 853 1007 Monachus
884 970 921 1007 S.
949 968 1045 1006 Ger—

83 1034 190 1072 mani
222 1032 270 1071 de
302 1032 457 1079 Pratis,
486 1031 604 1081 cujus
633 1031 841 1070 Sermones
879 1033 915 1068 in
947 1031 1042 1069 Bibl.

83 1095 421 1147 Sangermanensi
452 1092 544 1132 Cod.
567 1094 656 1133 309.
680 1094 854 1144 Cangius
874 1098 1045 1132 testatur

83 1169 126 1197 se
155 1157 370 1196 evolvisse.

137 1219 383 1260 PLACIDUS
407 1219 610 1257 Romanus
641 1218 680 1257 S.
699 1217 901 1256 Benedicti
931 1216 1048 1255 disci-

79 1283 224 1333 pulus,
263 1283 414 1331 Martyr
457 1282 665 1320 Messanae
696 1281 735 1317 in
769 1280 898 1318 Sicilia
928 1280 972 1318 A.
1004 1279 1048 1316 C.

79 1344 172 1384 539.
216 1342 265 1382 de
299 1341 418 1392 cujus
445 1342 623 1391 Martyrii
654 1343 848 1380 Baronius
877 1340 923 1379 ad
954 1342 1051 1379 Mar-

80 1405 251 1457 tyrolog.
278 1416 317 1442 ν.
346 1403 484 1442 Octob.
512 1402 759 1442 Possevinus
784 1407 859 1440 etc.
889 1404 945 1440 De
971 1403 1052 1441 illo-

81 1479 170 1508 rum
195 1466 272 1506 fide
297 1465 568 1505 Theodericus
589 1465 807 1503 Ruinartus
831 1463 864 1512 a)
897 1465 932 1501 in
963 1476 1054 1515 apo—

79 1531 184 1582 logia
227 1528 433 1568 missionis
479 1528 519 1567 S.
561 1528 698 1566 Mauri.
744 1528 829 1566 Vita
875 1528 897 1565 a
939 1529 1052 1565 Petro

4 1596 6 1598 ’
81 1594 256 1633 Diacono
277 1591 425 1642 scripta
444 1594 579 1629 exstat
600 1591 638 1628 in
655 1589 857 1628 Edmundi
875 1590 1050 1628 Martene

81 1661 177 1694 tom.
211 1655 246 1692 6.
279 1657 572 1692 monumentor.
604 1663 690 1704 pag.
721 1651 798 1690 786

139 1716 390 1757 PLACIDUS
415 1714 549 1766 junior
578 1716 805 1763 Romanus,
835 1715 1050 1755 Monachus

83 1785 124 1820 et
172 1781 376 1820 Diaconus
426 1779 705 1828 cassinensis,
747 1777 870 1817 Ordin
901 1777 1047 1817 Bened.

81 1846 172 1894 post
212 1841 257 1881 A.
289 1841 405 1881 4584.
449 1841 674 1891 composuit
722 1840 1046 1892 supplementum

83 1905 173 1944 libri
195 1903 342 1943 PETRI
362 1903 522 1942 Diaconi
541 1902 589 1941 de
605 1903 708 1941 Viris
724 1903 946 1942 illustribus
963 1902 1054 1941 Cas-

89 1965 349 2014 sinensibuS,
381 1965 487 2016 {cum
518 1976 563 2003 eo
608 1966 767 2015 saepius
796 1964 974 2013 editum.
1013 1969 1057 2004 ut

89 2028 171 2068 dixi
207 2039 355 2080 supra,
384 2038 472 2078 pag.
503 2027 593 2066 239.
624 2026 817 2076 Ejusdem
849 2027 1055 2066 historiam

85 2091 311 2132 Monasterii
338 2090 575 2129 Casinensis
606 2091 628 2129 a
651 2090 774 2141 prima
806 2091 892 2129 eius
917 2090 1056 2129 funda-

82 2155 191 2194 tione
220 2153 268 2193 ad
300 2153 348 2192 A.
379 2152 496 2193 4587.
526 2153 770 2191 Possevinus
800 2155 1007 2191 memorat.

136 2215 398 2255 PLANCTUS
439 2213 717 2254 ECCLESIAE.
749 2225 869 2265 supra
898 2214 1051 2253 ALVA-

80 2279 177 2319 RUS
204 2276 394 2328 Pelayius

136 2339 379 2379 Franciscus
409 2338 456 2378 de
489 2338 685 2378 PLATEA
705 2371 715 2388 ‚
747 2350 867 2390 supra
891 2343 984 2377 tom.
1010 2340 1046 2377 ⁶2.

81 2415 166 2456 pag.
193 2403 283 2440 603.

139 2465 309 2504 Joamzes
332 2464 360 2502 ὰ
381 2465 420 2504 S.
450 2462 572 2502 Paulo
598 2463 935 2512 PLATEARIUS,
961 2464 1050 2503 Gal-

81 2529 158 2577 lus,
179 2527 356 2567 Medicus
381 2526 660 2566 Salernitanus
684 2525 800 2575 cujus
828 2526 1050 2564 practicam

88 2590 288 2630 habemus
334 2594 374 2628 et
403 2589 547 2628 librum
578 2588 624 2627 cle
661 2587 832 2640 simplici
857 2587 1049 2627 Medicina

82 2654 168 2692 sive
198 2651 245 2691 de
267 2650 563 2692 Medicamentis
582 2649 827 2703 simplicibus
845 2682 853 2698 ,
883 2655 922 2688 et
942 2662 1049 2690 com-

84 2715 304 2754 mentarios
323 2713 364 2753 in
381 2713 675 2753 Antidotarium
698 2712 857 2752 Nicolai
878 2713 1049 2752 Alexan-

81 2777 196 2818 drini.
226 2777 323 2817 Vide
352 2776 585 2817 Merklinum
617 2788 703 2828 pag.
745 2777 834 2814 662.
870 2780 910 2813 et
951 2776 1047 2814 alios

80 2840 264 2880 Biblioth.
288 2839 459 2879 Medic-ae
484 2840 709 2890 scriptores.
736 2837 845 2888 Opus
875 2837 923 2876 de
953 2839 1048 2875 sim-

83 2903 251 2955 plicibus
267 2903 496 2953 frequenter
517 2902 664 2941 citatur
679 2903 701 2940 a
724 2901 932 2939 Vincentio
960 2900 1046 2938 Bel-

82 2966 282 3005 lovacensi
314 2966 353 3003 in
383 2964 545 3015 speculo
576 2964 747 3003 naturali
777 2964 843 3014 qni
866 2964 969 3000 circa
999 2963 1044 3000 A.

87 3027 202 3066 ⁴250.
220 3027 379 3077 scripsit
398 3030 468 3065 :ut
486 3027 616 3065 notavi
638 3027 675 3064 in
695 3026 876 3065 Biblioth.
896 3026 1044 3063 Graeca

88 3094 184 3128 tom.
214 3088 317 3127 XlV.
347 3099 422 3139 pag
469 3089 558 3127 420.

134 3149 315 3203 Baptista
345 3150 430 3189 sive
460 3152 591 3201 potius
620 3149 851 3203 Radulphus
881 3149 1046 3188 Bartho-

144 3305 177 3345 θ’)
200 3309 282 3338 Acta
309 3305 411 3339 Erud.
438 3306 533 3340 1705.
557 3316 635 3348 pag.
651 3308 724 3341 441.
752 3310 921 3339 Memoirvs
946 3309 992 3339 iit.
1013 3308 1052 3339 ‹le

89 3359 239 3389 Trevoux
263 3360 321 3388 An.
350 3357 441 3390 1705.
468 3358 531 3390 sul.
559 3368 634 3399 pag.
657 3359 707 3390 57.

1999 221 2076 261 287

1114 284 1286 324 lomaeus
1311 286 1371 324 vei
1388 292 1496 325 certe
1516 288 1839 331 Bartholomaeus
1855 294 2070 334 PLATINA

1113 350 1132 386 a
1153 350 1278 387 Patria
1303 348 1469 388 Piadena
1485 382 1495 398 ‚
1515 352 1600 390 vico
1617 352 1774 392 ditionis
1791 355 2072 396 Cremonensis

1115 411 1190 448 dici
1218 411 1366 459 voluit,
1396 423 1486 451 cum
1519 416 1676 454 nomine
1716 419 1870 468 proprio
1901 419 2076 459 Sacchus

1124 472 1335 512 diceretur.

1171 536 1240 573 Hic
1268 536 1410 585 ingenii
1431 537 1544 575 laudr·
1559 541 1861 582 commendatus
1879 544 2073 585 Cardinali

1116 599 1338 636 Bessarioni
1358 629 1366 643 ‚
1397 604 1518 649 atque
1548 603 1622 640 sub
1652 605 1714 641 Pio
1734 606 1777 643 ll.
1794 606 2076 647 abbreviatoris

1119 661 1280 699 functus
1311 673 1486 711 munere,
1505 670 1592 714 post
1623 666 1699 704 iras
1727 669 1828 706 Pauli
1856 670 1899 707 ll.
1921 671 1956 719 b)
1972 672 2074 722 apud

1122 722 1279 761 Sixtum
1306 724 1367 762 lV.
1394 728 1590 775 gratiosus
1606 732 1724 778 atque
1741 730 1813 768 An.
1837 732 1946 770 1475.
1967 745 2077 784 prae-

1121 785 1248 823 fectus
1278 786 1541 826 Bibliothecae
1573 790 1781 829 Vaticanao
1806 823 1813 837 ‚
1844 793 1945 832 dis-m
1983 796 2076 834 obiit

1124 846 1197 885 An.
1232 848 1348 887 4484.
1387 854 1463 887 aet.
1505 850 1565 888 60.
1601 852 1853 902 Epitaphium
1892 856 2002 906 ejus:
2041 860 2075 907 c)

1120 909 1308 960 Quisquis
1340 921 1380 948 es
1399 941 1406 955 ,
1436 911 1474 949 si
1492 912 1581 963 pius
1604 943 1611 955 ,
1640 913 1833 954 Platinam
1854 924 1891 956 ct
1914 929 2005 957 suos
2032 932 2077 958 nc

1118 983 1253 1010 veoees.
1285 972 1458 1024 Aiiqzisle
1481 975 1622 1026 jczcent
1640 1008 1646 1023 .
1667 980 1703 1014 et
1723 977 1798 1016 soli
1819 979 1955 1018 volunt
1982 993 2074 1020 esse.

1118 1034 1358 1073 Laudatorcs
1383 1041 1524 1075 nactus
1548 1043 1609 1075 est
1634 1051 1752 1089 quam
1779 1041 1980 1091 plurimos,
2008 1047 2074 1094 qui

1120 1098 1296 1135 notitiam
1320 1098 1367 1135 de
1393 1100 1471 1137 vita
1495 1102 1582 1149 ejus
1607 1106 1646 1139 et
1670 1104 1828 1153 scriptis
1856 1105 2072 1144 uberiorem

1120 1159 1345 1198 tradidere:
1375 1161 1395 1199 ὸ
1425 1163 1570 1211 quibus
1601 1175 1818 1203 memorare
1843 1166 1968 1215 juvat.

1174 1221 1427 1261 Franciscum
1459 1224 1632 1264 Arisium
1670 1228 1707 1264 in
1744 1229 1936 1268 Cremona
1975 1231 2076 1269 litte-

1124 1287 1206 1320 rata
1238 1286 1331 1320 tom.
1367 1285 1380 1321 4
1418 1296 1506 1335 pag.
1537 1287 1624 1325 340.
1651 1299 1733 1339 seq.

1178 1345 1335 1383 Petrum
1359 1347 1533 1385 Baelium
1561 1350 1597 1386 in
1626 1351 1776 1389 Lexico.
1802 1353 1990 1393 Thomam
2011 1357 2077 1394 Po-

1124 1417 1172 1455 pe
1200 1406 1343 1445 Blount
1374 1419 1456 1458 pag.
1476 1410 1563 1448 339.
1580 1421 1661 1461 seq.
1683 1424 1874 1453 censurae
1893 1418 2074 1467 scriptor.

1127 1468 1324 1506 Boissardi
1351 1470 1542 1521 imagines
1565 1477 1659 1511 tom.
1686 1476 1698 1512 4
1732 1488 1767 1525 p.
1786 1478 1874 1514 449.
1898 1479 2073 1517 Isaacum

1127 1530 1359 1569 Bullartium
1380 1536 1405 1569 t.
1426 1534 1438 1570 4
1462 1532 1698 1574 Academiae
1715 1538 1912 1576 scientiar.
1931 1552 1967 1589 p.
1988 1542 2076 1578 430.

1176 1594 1367 1632 Joannem
1399 1594 1647 1646 Ciampinum
1672 1598 1720 1636 de
1737 1599 2074 1641 abbreviatoribus

1123 1653 1171 1692 de
1196 1656 1316 1693 Parco
1345 1656 1481 1705 majori
1512 1663 1622 1707 parte
1654 1659 1689 1697 2.
1721 1672 1807 1711 pag.
1836 1662 1936 1701 Vlli.
1966 1674 2047 1714 seq.

1176 1716 1371 1756 Auctores
1400 1719 1516 1757 Diarii
1548 1721 1793 1762 eruditorum
1824 1724 1958 1764 ltaliae
1988 1732 2013 1764 t.
2042 1729 2074 1766 X

1121 1790 1208 1830 pag.
1241 1779 1331 1818 290.
1361 1793 1432 1832 seq
1476 1787 1595 1833 atque
1627 1786 1820 1835 imprimis
1850 1793 1943 1826 tom.
1973 1791 2075 1828 Xlll.

1122 1852 1207 1892 pag.
1240 1842 1328 1882 448.
1355 1854 1438 1895 seq.
1467 1845 1531 1884 ubi
1563 1848 1785 1897 praeclarae
1815 1849 1860 1888 ad
1894 1851 2073 1891 Vossium

1131 1904 1444 1945 observationes.

1183 1966 1373 2007 Joannem
1415 1970 1642 2010 Hubnerum
1689 1978 1867 2012 nostrum
1899 1977 2076 2015 Biblioth.

1132 2028 1340 2070 historicae
1367 2031 1680 2084 [lamburgensis
1703 2040 1809 2074 tomo
1834 2038 1895 2075 lv.

1182 2094 1347 2132 Paulum
1377 2096 1534 2134 lovium
1559 2098 1595 2135 in
1626 2098 1774 2149 elogiis.

1181 2156 1280 2194 Frid.
1312 2156 1496 2196 Ottonem
1518 2160 1788 2200 Menckenium
1814 2162 1862 2201 de
1890 2165 2079 2203 militibus

1126 2217 1292 2256 eruditis
1323 2230 1418 2269 pag·
1436 2220 1524 2258 345.
1543 2232 1627 2272 seq·

1175 2280 1273 2318 Dan.
1306 2280 1488 2319 Wilhem.
1511 2283 1716 2322 Mollerum
1746 2285 1904 2324 dissert.
1927 2288 1974 2326 dc
1995 2289 2079 2328 Pla-

1123 2341 1232 2389 tina,
1264 2341 1427 2380 Aldortii
1456 2343 1587 2392 edita,
1619 2346 1733 2384 4694.
1766 2347 1801 2384 4.

1174 2404 1409 2443 Niceronum
1441 2409 1535 2444 tom.
1566 2407 1663 2445 Vlll.
1697 2410 1917 2448 memoriar.
1947 2410 1994 2449 de
2023 2413 2077 2448 vi-

1124 2466 1178 2503 ris
1207 2466 1372 2505 eruditis
1400 2478 1486 2518 pag.
1517 2469 1606 2507 248.
1635 2480 1717 2519 seq.

1177 2528 1412 2567 Casimirum
1444 2530 1642 2569 Oudinum
1675 2536 1703 2569 t.
1733 2533 1755 2569 3
1785 2545 1821 2583 p.
1844 2535 1960 2572 2683.
1987 2547 2069 2586 seq.

1176 2591 1349 2640 Teophili
1399 2592 1547 2629 Sinceri
1590 2592 1696 2631 ‚Vene
1739 2594 1965 2646 Sammlmzq
2003 2611 2073 2635 rou

1123 2650 1244 2689 laute!
1280 2651 1384 2690 alten
1407 2653 1488 2692 und
1515 2666 1636 2693 ναι-θη
1668 2655 1846 2694 Bucleern
1882 2660 1919 2696 Γ.
1956 2660 2075 2698 sauss.-

1125 2726 1210 2764 pag.
1243 2715 1329 2753 440.
1362 2726 1444 2765 seq.

1175 2777 1571 2817 Burcliardsiotthelf
1592 2780 1796 2819 Struvium
1829 2787 1920 2820 tom.
1952 2786 1962 2822 l
1995 2791 2070 2822 act.

1121 2840 1284 2878 litterar.
1318 2841 1505 2879 fasciculo
1538 2843 1598 2880 u’.

1174 2903 1389 2941 Antonium
1423 2904 1667 2943 Varillas'ium
1700 2905 1795 2943 libro
1824 2908 1880 2944 ἰν.
1907 2909 2073 2946 anecdo-

1120 2970 1192 3003 tor.
1209 2965 1462 3003 Florentinor.
1487 2967 1667 3006 Vossium
1691 2968 1737 3005 (le
1765 2970 1903 3007 ilistor.
1944 2972 2066 3009 Latin.

1120 3039 1154 3078 p.
1187 3028 1276 3065 588.
1308 3038 1393 3077 seq.
1419 3033 1493 3065 etc.

1171 3089 1258 3128 Mihi
1290 3090 1433 3139 scripta
1467 3090 1636 3129 l‘latiuac
1682 3094 1881 3131 succincto
1927 3095 2071 3133 referri·

1120 3153 1217 3189 satis
1247 3151 1374 3190 fuerit.
1405 3152 1505 3189 Sunt.
1532 3154 1674 3202 itaque.

1177 3309 1210 3346 b)
1238 3309 1355 3340 Confer
1379 3311 1503 3341 Octavii
1531 3313 1671 3344 Ferrarii
1696 3313 1920 3351 prolusionem
1946 3316 1995 3345 lx.

1182 3362 1212 3389 r)
1236 3359 1398 3391 mabillon.
1426 3364 1506 3391 tum,
1536 3359 1560 3391 1.
1587 3364 1690 3393 musei
1717 3363 1774 3393 itai
1817 3371 1889 3402 pag.
1914 3364 1963 3394 tis».
