2517 4009
884 205 1251 247 THEODERICUS

67 274 184 321 tiniS,
213 276 284 322 qui
314 274 557 311 Firmanum
578 273 689 310 hunc
719 284 812 311 cum
843 275 1029 312 Firmino

69 338 342 375 Ambianensi
372 338 572 383 Episcopo
603 337 804 373 confudit:
826 347 919 374 cum
940 348 1028 374 mo-

69 400 225 436 nachus
254 399 333 436 iste
361 398 649 435 heremiticam
678 401 807 436 vitam
828 400 1024 447 perpetuo

67 462 218 508 egerit.
250 461 484 498 Editionem
517 460 559 496 et
590 463 823 498 versionem
853 463 1026 508 curavit,

66 523 262 569 deditque
305 532 528 569 suppresso
571 524 713 560 tamen
756 525 924 561 nomine
965 526 1026 561 vir

66 585 333 623 doctissimus
362 585 404 620 P.
426 586 593 621 Hieron.
615 586 908 632 Lagomarsini
931 586 969 622 S.
991 586 1027 621 J.

123 647 494 684 THEODERICUS
508 649 724 696 Delphius,
737 659 761 685 a
783 649 917 695 patria
931 649 1029 685 Del-

68 712 163 758 phis
192 711 376 757 Belgicis
394 739 404 756 ,
435 710 529 747 Ord.
560 712 877 749 Przedicatorum
908 713 1027 749 Colo-

67 776 163 821 niae,
195 775 432 820 Theologiae
462 775 678 822 Magister,
709 777 846 822 ibique
877 776 918 811 et
947 776 1024 811 Er-

67 837 208 874 fordiae
231 836 366 873 Studii
389 837 572 884 Hegeas,
594 840 703 875 circa
723 848 877 874 annum
903 839 1023 875 1400.

69 898 251 946 Scripsit,
277 897 502 946 Speculum
513 901 619 948 fidei
639 901 917 938 christianae.
941 902 1025 937 Jac.

68 961 211 1006 Quetif
235 962 285 998 de
321 962 599 1009 scriptoribus
639 964 733 1000 Ord.
775 964 1026 1001 Praedicato-

67 1036 160 1063 rum
187 1025 286 1061 tom.
320 1025 350 1061 I.
383 1036 421 1072 p.
453 1025 546 1062 749.

120 1087 505 1135 THEODERICUS,
528 1090 753 1126 monachus
776 1091 1026 1127 Dunelmen—

64 1151 127 1188 sis
155 1153 198 1188 in
226 1153 398 1199 Anglia,
420 1153 642 1188 familiaris
667 1154 709 1188 et
731 1152 1026 1188 confessiona-

67 1215 153 1250 rius
175 1215 331 1261 Mariae,
352 1215 528 1261 Reginae
551 1214 713 1260 Scotiae,
734 1224 825 1260 quae
848 1224 884 1249 a.
907 1214 1024 1250 1093.

64 1277 181 1323 obiit,
212 1277 381 1324 scripsit
406 1278 542 1314 Vitam
572 1277 691 1314 iltius
713 1276 911 1323 Reqinae,
932 1286 1022 1322 quae

63 1339 238 1377 habetur
269 1340 313 1376 in
340 1339 458 1376 Actis
489 1338 733 1376 Sanctorum
752 1339 854 1375 torn.
878 1339 929 1374 11.
952 1340 1022 1375 Ju-

65 1403 126 1438 nii
155 1412 193 1449 p.
225 1402 318 1439 328.
350 1403 472 1449 Sunt,
501 1404 571 1449 qui
601 1404 720 1441 illam
743 1402 926 1449 Turgoto
950 1402 1027 1438 tri—

66 1465 209 1512 buant,
239 1466 289 1502 de
319 1475 398 1512 quo
429 1466 621 1512 inferius,
645 1467 718 1503 sed
739 1467 789 1511 iS,
810 1465 919 1501 teste
941 1466 1022 1501 He-

63 1523 176 1565 ctore
206 1528 397 1575 Boethio,
428 1529 596 1574 scripsit
625 1529 732 1565 hanc
762 1527 905 1564 Vitam
938 1536 1028 1563 ser-

66 1601 186 1628 mone
217 1590 366 1637 patrio,
398 1601 479 1627 non
509 1591 672 1628 Latino.

120 1653 507 1700 THEODERICUS,
531 1654 758 1691 monachus
781 1653 1026 1693 Floriacen-

63 1718 142 1764 sis,
171 1718 279 1754 circa
308 1728 348 1754 a.
462 1717 637 1764 Scripsit
656 1719 828 1756 Librum
859 1718 907 1754 de
930 1717 1029 1754 ilia-

66 1782 176 1819 tione
217 1781 439 1828 redituque
485 1783 676 1828 corporis
721 1781 764 1818 S.
810 1780 1031 1817 Benedicti

64 1844 310 1882 Aurelianis
350 1845 404 1882 ad
434 1844 705 1890 Floriacum,
742 1853 864 1890 quem
899 1843 1031 1879 edidit

65 1908 127 1943 Jo.
157 1917 181 1943 a
207 1907 335 1943 Bosco
366 1907 410 1942 in
438 1906 545 1944 Bibl.
579 1907 681 1943 tom.
715 1907 745 1942 1.
777 1917 815 1953 p.
848 1906 940 1944 219.

118 1968 489 2005 THEODERICUS
521 1970 569 2007 de
594 1969 820 2017 Friburqo,
844 1979 867 2005 a
893 1968 1030 2015 patria

64 2033 267 2078 Brisgoiae
302 2033 402 2069 urbe
432 2042 584 2069 nomen
613 2032 800 2079 habens,
841 2042 865 2068 a
905 2033 1032 2070 Dres-

65 2104 154 2131 sero
184 2104 343 2142 quoque
381 2095 645 2134 Thamninus
674 2096 851 2143 dicitur,
896 2097 1031 2133 Theo-

63 2158 189 2204 logiae
217 2158 419 2205 Magister
442 2159 695 2196 Parisiensis
717 2159 797 2195 fuit
821 2160 931 2196 circa
953 2169 1029 2195 an-

63 2230 162 2256 num
207 2220 325 2257 1310.
370 2221 545 2268 Scripsit
585 2222 633 2259 de
677 2223 841 2270 oriyine
883 2231 1030 2259 rerum

58 2283 431 2330 praedicabilium,
462 2284 509 2321 de
532 2285 732 2332 tempore,
756 2286 803 2323 de
829 2286 960 2331 iride,
982 2286 1029 2323 de

58 2346 272 2383 mensuris
304 2355 466 2392 rerum,
488 2347 535 2383 de
566 2356 740 2394 corpore
768 2347 935 2385 Christi
955 2348 1029 2385 sub

65 2407 356 2454 Sacramento,
389 2408 436 2446 de
466 2417 638 2456 corpore
666 2409 830 2447 Christi
852 2413 1028 2456 mortuo,

64 2471 113 2508 de
143 2470 304 2507 entium
333 2471 644 2515 communitate,
675 2472 723 2508 de
753 2472 892 2510 tribus
922 2474 1028 2522 diffi—

63 2531 228 2577 cilibus,
260 2532 307 2569 de
338 2533 499 2570 entium
530 2534 794 2580 quidditate,
828 2536 876 2572 de
905 2545 1024 2583 qene-

63 2595 229 2632 ratione
258 2595 393 2641 lucis,
425 2596 474 2633 de
514 2596 672 2633 visione
715 2596 910 2646 beatifica
950 2600 1025 2636 etc.

64 2657 283 2695 Altamura
312 2657 415 2694 Bibl.
447 2658 610 2694 Domin.
635 2669 671 2705 p.
695 2658 759 2694 46.
781 2660 865 2694 Jac.
889 2660 1031 2703 Quetif

64 2721 113 2757 de
128 2719 408 2766 Scriptoribus
423 2720 518 2757 Ord.
533 2721 866 2758 praedicatorum
881 2722 982 2759 tom.
998 2724 1027 2759 Ι.

65 2794 103 2829 p.
133 2782 227 2820 510.
259 2784 330 2830 qui
358 2784 536 2821 eundem
568 2794 606 2830 p.
634 2782 726 2820 731.
754 2785 830 2821 sub
861 2786 1026 2822 nomine

72 2845 247 2882 Thomae
284 2845 480 2884 Teutonis
509 2847 677 2893 profert.
712 2847 949 2885 Theodorus
980 2849 1027 2886 de

71 2907 274 2959 Utiburqo
294 2918 508 2955 perperam
530 2910 701 2947 vocatur
720 2911 761 2946 in
783 2911 929 2947 Codice
945 2912 1027 2947 Va-

63 2970 231 3015 tican0,
271 2971 342 3016 qui
372 2981 497 3018 opera
527 2973 643 3009 iilius
678 2974 879 3009 continet.
910 2975 1028 3010 Bern.

68 3032 118 3069 de
148 3032 410 3070 Montfaucon
440 3034 544 3071 Bibl.
575 3035 679 3072 Bibl.
711 3036 821 3071 MSS.
862 3047 900 3082 p.
935 3037 1025 3072 106.

110 3094 481 3131 THEODERICUS
497 3096 806 3136 Gresemundus
821 3100 885 3134 vel
901 3098 1029 3136 Gres—

65 3155 200 3200 munt,
231 3155 280 3191 de
311 3156 539 3202 Meschede,
565 3158 731 3194 Artium
752 3161 794 3195 et
814 3161 1026 3196 Medicinae

63 3216 214 3253 Doctor
242 3217 486 3264 Moguntizc,
513 3221 683 3266 scripsit
705 3222 943 3258 Tractatum
976 3224 1024 3260 (lc

67 3280 274 3327 reqimine
293 3280 499 3318 sanitatis
524 3282 706 3329 tempore
730 3284 1026 3330 pestilentiati.

69 3341 323 3379 Trithemius
353 3343 400 3380 de
431 3344 572 3390 script.
608 3346 759 3383 Eccles.
791 3358 824 3383 c.
857 3348 948 3383 832.

1986 212 2059 249 521

1213 280 1365 317 Filium
1397 281 1541 319 habuit
1571 285 1880 328 cognominem,
1911 283 2064 328 quique

1102 342 1319 388 propterea
1350 345 1401 380 ab
1431 345 1525 380 aliis
1550 344 1703 389 junior
1732 345 1900 390 dicitur,
1930 345 2065 392 patria

1104 403 1357 451 Spu-ensem,
1379 406 1424 441 ut
1455 407 1497 442 in
1518 406 1642 442 titulo
1666 407 1875 444 Carminis
1902 408 1951 444 de
1975 409 2065 444 vio—

1102 467 1187 503 lata
1218 468 1344 505 Cruce
1376 470 1545 515 dicitur,
1577 472 1769 516 quamvis
1794 472 1865 507 alii
1887 472 2062 517 Mogun-

1104 529 1240 566 tinum
1283 532 1434 567 dicant.
1479 533 1721 575 Qiiindecim
1767 544 1897 569 annos
1940 534 2064 570 natus

1101 591 1388 629 admirandum
1440 595 1661 640 ingenium
1703 595 1745 631 et
1786 595 2062 633 eruditionem

1102 655 1224 699 plane
1255 656 1517 701 singularem
1548 657 1746 703 ostendit,
1780 659 1838 694 sic
1867 658 1913 694 ut
1943 669 2063 705 pares

1103 724 1188 752 sure
1218 717 1358 752 {etatis
1388 716 1580 754 habuerit
1621 728 1771 764 paucos
1802 720 1872 755 aut
1914 723 2061 757 nullos.

1100 777 1202 823 EJ'us
1253 779 1663 818 Lucubratiunculae
1709 783 1797 818 sice
1846 782 2063 830 Apoloqiae

1101 842 1256 887 septem
1286 842 1448 879 artium
1478 842 1720 879 tiberalium
1743 844 1942 892 Diatoqus
1970 855 2063 891 pro—

1101 903 1178 939 diit
1220 904 1444 950 Moguntiae
1488 915 1560 951 per
1600 906 1765 942 Petrum
1808 907 2063 956 Friedberg,

1104 965 1223 1001 1494.
1256 968 1291 1002 4.
1322 965 1520 1003 Daventr.
1546 967 1662 1004 1497.
1687 970 1722 1004 4.
1744 969 1855 1014 Lips.
1882 968 1998 1006 1505.
2022 973 2059 1006 4.

1107 1026 1286 1064 Carmen
1316 1029 1363 1065 de
1393 1028 1575 1066 historia
1596 1031 1773 1067 violatae
1800 1030 1964 1077 Crucis,
1985 1033 2063 1067 Ar-

1104 1090 1221 1136 gent.
1256 1090 1373 1127 1514.
1406 1092 1442 1126 4.
1475 1093 1755 1129 Memorantur
1784 1095 1912 1131 etiam
1959 1095 2064 1132 Car-

1101 1160 1193 1188 men
1225 1162 1307 1198 pro
1341 1154 1582 1199 purissima
1612 1157 1871 1202 conceptione
1900 1166 2064 1204 semper

1104 1213 1295 1260 Virqinis
1326 1215 1403 1251 Dei
1430 1217 1656 1262 yenitricis
1678 1217 1858 1264 Mariae,
1895 1220 2064 1256 Oratio-

1101 1284 1172 1312 nes
1202 1278 1240 1313 et
1269 1279 1496 1324 Epistotae.
1530 1280 1785 1316 Trithemius
1822 1284 1846 1318 l.
1887 1292 1919 1318 c.
1963 1284 2065 1328 Hip—

1100 1339 1236 1384 polyti
1266 1341 1475 1377 Mari-accii
1507 1342 1608 1378 Bibl.
1642 1345 1826 1380 Mariana
1868 1346 1978 1381 tomo
2012 1346 2061 1381 11.

1102 1411 1138 1446 p.
1169 1399 1262 1437 387.
1293 1402 1544 1439 Possevinus
1574 1405 1685 1440 tomo
1730 1406 1779 1441 II.
1823 1408 2060 1453 Apparatus

1101 1473 1200 1509 pag.
1234 1462 1327 1499 455.

1156 1527 1526 1565 THEODERICUS
1547 1531 1593 1567 de
1609 1531 1795 1577 Hei-aen,
1815 1532 2063 1579 Germanus,

1101 1589 1195 1627 Ord.
1236 1590 1431 1627 Fratrum
1473 1591 1725 1629 Clericorum
1769 1595 1811 1630 in
1854 1599 2064 1632 communi

1101 1653 1335 1689 viventium
1366 1654 1595 1700 Visitator,
1627 1656 1794 1702 scripsit
1824 1657 1869 1693 in
1898 1658 2064 1696 Psalte-

1103 1716 1219 1752 rium
1249 1717 1399 1761 totum,
1432 1717 1478 1752 in
1511 1716 1750 1754 Orationem
1780 1719 2064 1765 Dominicam,

1105 1778 1149 1814 in
1178 1779 1474 1816 salutationem
1503 1779 1760 1826 Anffelicam,
1788 1780 1835 1817 de
1857 1783 2065 1820 moriendi

1106 1839 1331 1877 desiderio.
1363 1841 1540 1878 Vivebat
1570 1851 1607 1877 a.
1637 1841 1752 1878 1476.
1794 1844 2066 1882 EJJercitiam

1104 1902 1346 1940 Dominicae
1359 1904 1590 1949 passionis,
1615 1904 1765 1950 prodiit
1784 1905 1900 1941 1492.
1916 1907 1953 1942 8.
1977 1908 2064 1943 sine

1106 1963 1317 2001 mentione
1348 1966 1438 2001 loci.
1470 1966 1678 2003 Maittaire
1708 1967 1808 2003 tom.
1842 1969 1876 2004 1.
1908 1980 1945 2015 p.
1970 1970 2062 2006 550.

1106 2027 1361 2064 Trithemius
1385 2029 1433 2065 de
1455 2030 1596 2075 script.
1618 2031 1774 2067 Eccles.
1796 2041 1828 2067 c.
1851 2032 1943 2068 857.
1967 2034 2066 2070 Pos—

1104 2091 1273 2126 sevinus
1301 2090 1415 2127 tomo
1447 2092 1496 2128 II.
1529 2094 1766 2140 Apparatus
1787 2106 1826 2141 p.
1850 2095 1941 2132 455.
1964 2097 2065 2142 Hip-

1104 2155 1184 2199 pol.
1225 2155 1438 2191 Marraccii
1479 2156 1584 2193 Bibl.
1628 2158 1814 2194 Mariana
1859 2159 1972 2195 tomo
2014 2159 2062 2194 ΙΙ.

1103 2225 1200 2263 pag.
1234 2216 1327 2254 387.

1159 2280 1548 2329 THEODERICUS,
1579 2283 1891 2331 Hirsseldensis
1923 2295 2065 2320 mona—

1101 2343 1220 2389 chus,
1251 2344 1427 2391 scriptor
1467 2347 1581 2383 Vitae
1614 2345 1658 2383 S.
1690 2347 1929 2392 Benedicti,
1958 2348 2065 2382 vixit

1103 2415 1139 2441 a.
1172 2406 1290 2443 1042.
1317 2408 1370 2443 du
1391 2407 1544 2445 Fresne
1567 2409 1610 2444 in
1633 2410 1802 2455 Syllabo
1821 2410 2061 2455 Auctorum,

1103 2469 1172 2515 qui
1202 2469 1410 2507 Glossario
1442 2471 1638 2517 praefixus
1668 2473 1745 2508 est.

1158 2531 1526 2570 THEODERICUS
1547 2535 1594 2571 ab
1615 2535 1852 2580 Homborch,
1879 2536 1970 2572 vide
1993 2545 2062 2571 su-

1102 2604 1174 2640 pra
1214 2594 1497 2633 Theodericus
1526 2597 1862 2644 Bet2·sseldensis.

1157 2657 1527 2695 THEODERICUS
1552 2660 1783 2705 Kerberus,
1814 2662 2059 2707 Mngdcbur-

1101 2720 1246 2764 gensis
1278 2721 1520 2767 monachus,
1543 2724 1710 2769 scripsit
1731 2725 1946 2771 Epistolas
1965 2734 2062 2761 con-

1100 2784 1167 2818 tra
1197 2782 1365 2819 Petrum
1407 2784 1710 2831 wigmannum
1754 2788 2059 2823 Vratislavien-

1103 2853 1218 2891 Sem,
1248 2846 1396 2891 quibus
1425 2857 1519 2883 eum
1550 2848 1601 2885 de
1641 2851 1852 2886 nonnullis
1896 2850 2060 2887 laudat.

1101 2906 1149 2942 de
1181 2906 1317 2943 furore
1340 2909 1478 2945 autem
1501 2910 1724 2947 iracundia}
1747 2913 1868 2957 atque
1890 2912 2059 2948 invidia*

1103 2970 1259 3016 arguit.
1292 2971 1387 3007 Haec
1418 2973 1666 3009 Posscvinus
1695 2975 1795 3010 tom.
1829 2973 1878 3008 II.
1922 2977 2061 3021 Appa—

1103 3034 1220 3069 ratus
1252 3045 1347 3080 pag.
1380 3035 1472 3071 455.

1159 3097 1529 3134 THEODERICUS
1560 3098 1775 3148 Lanqeng
1797 3102 1859 3136 vel
1890 3101 2061 3148 Lonqns.

1103 3160 1210 3195 Vide
1241 3169 1365 3206 supra
1396 3162 1438 3196 T.
1474 3161 1538 3197 IV.
1568 3173 1606 3209 p.
1639 3163 1732 3199 526.

1158 3224 1528 3262 THEODERICUS
1560 3237 1584 3264 a
1606 3229 1771 3275 Legsdis,
1795 3239 1918 3276 supra
1941 3234 1969 3266 t.
1995 3230 2061 3265 lv.

1106 3298 1141 3333 p.
1175 3287 1266 3323 5:37.
1298 3289 1653 3334 Egmondensium
1693 3301 1829 3327 rerum
1872 3294 2058 3338 scriptor.

1157 3350 1524 3387 ‘rHEODEuIcUs
1574 3354 1745 3391 Loc'rlecs
1794 3364 1817 3390 a
1870 3354 2059 3392 Stratis.

1902 3408 1979 3444 2³17
