2517 4009
978 186 1269 223 SIMPERTUS

117 261 210 298 stus
239 260 285 297 iu
315 259 466 306 album,
497 260 539 296 et
567 259 697 296 Patri
727 267 806 305 eos,
838 259 912 304 qui
941 259 1083 296 credi—

117 322 292 368 derant,
321 321 629 367 commendans,
662 323 777 358 iuter
811 323 982 359 caetera
1004 322 1079 359 etc.

115 384 218 421 Rev.
248 384 322 420 Vir
351 383 472 420 Bern.
514 383 607 430 PeZ,
638 384 708 429 qui
748 383 837 420 haec
877 384 1082 419 memorat

115 445 293 483 Dissert.
326 445 549 492 Isagogica
570 447 621 482 ad
641 445 802 482 tomum
824 445 854 481 Ι.
879 445 1080 482 Thesauri

114 511 420 548 Auecdotorum
435 510 657 546 novissimi
668 521 716 557 p.
734 510 783 546 14
798 519 871 546 con
873 509 1079 556 Jecturam

114 572 325 620 proponit,
355 582 408 609 an
437 571 542 609 forte
574 572 631 609 sit
668 574 738 610 ille
779 572 983 618 Magister
1014 573 1080 608 Si-

113 646 225 682 mon,
254 637 325 683 qui
354 636 585 673 Eberhardi
615 636 665 672 II.
697 635 952 682 Archiepisc.
986 636 1078 672 Sal-

111 698 362 744 zburgensis
403 698 633 745 diplomate
658 728 668 746 ,
707 698 958 736 monasterio
990 698 1078 734 Ad-

109 762 322 799 montensi
351 772 386 799 a.
421 763 526 800 1203
548 764 659 810 dato,
680 763 836 800 testem
857 762 951 808 agit
972 761 1076 797 Vide

111 824 372 862 Thesaurum
411 827 628 863 laudatum
668 828 770 863 tom.
815 825 873 860 111
915 825 1022 871 part.
1054 827 1078 863 3

109 897 149 933 p.
181 885 275 924 730.

160 950 281 987 Alius
313 951 472 988 SIMON
502 951 599 988 Ord.
631 951 971 997 Praedicatorum,
994 961 1072 987 sec.

108 1011 205 1048 XIV
236 1014 409 1060 scripsit
438 1015 610 1052 Librum
641 1015 689 1052 de
720 1015 894 1051 naturis
916 1023 1076 1051 rerum.

105 1075 191 1111 Jac.
222 1076 365 1120 Quetif
393 1079 441 1115 de
476 1078 759 1125 scriptoribus
795 1078 888 1115 Ord.
920 1079 1076 1115 Praedi-

104 1136 294 1175 catorum
323 1139 426 1177 tom.
460 1141 477 1175 I
508 1152 547 1187 p.
579 1140 671 1177 730.

161 1200 474 1249 SIMPERTUS,
506 1204 599 1240 vide
628 1204 740 1240 infra
776 1204 1046 1252 Siudpertus.

158 1262 554 1312 SIMPLICIANUS,
585 1267 798 1303 Ambrosii
827 1267 869 1302 in
905 1268 1076 1313 Episco-

104 1324 205 1372 patu
232 1327 534 1364 Mediolanensi
575 1338 809 1365 successor:
847 1328 1077 1367 Cataueum

107 1389 228 1427 vocat
259 1391 498 1438 Picineilus‚
529 1393 667 1429 nescio
697 1402 776 1439 quo
804 1393 1075 1430 fundamento

103 1453 242 1490 nixus.
265 1455 436 1491 Amicus
456 1454 538 1491 fuit
558 1456 770 1492 Ambrosii
801 1456 843 1492 et
867 1456 1076 1503 Augusti-

104 1517 177 1563 ni,
209 1526 385 1564 quorum
415 1518 614 1564 Epistolae
647 1518 690 1554 et
729 1519 824 1555 libri
865 1519 917 1554 ad
954 1519 1074 1555 illum

101 1580 250 1617 directi
280 1581 361 1618 sut.
389 1580 482 1628 Ipse
513 1582 566 1618 ad
586 1581 873 1627 Augustinum
905 1581 948 1618 et
968 1583 1073 1619 alios

101 1642 319 1690 Epistolas
347 1643 536 1690 scripsit,
562 1653 664 1691 quas
685 1644 840 1691 partim
860 1644 958 1681 hinc
977 1647 1072 1684 inde

101 1707 277 1752 reperiri
306 1706 368 1744 ait
397 1706 668 1744 Trithemius.
700 1708 820 1744 Adde
841 1707 947 1745 Phil.
978 1709 1071 1746 Els-

101 1769 155 1805 sii
174 1768 514 1806 Encomiasticon
534 1769 895 1816 Augustinianum
917 1781 955 1817 p.
980 1771 1071 1809 632.

107 1832 203 1869 Vita
235 1832 402 1869 Zenobii
431 1832 634 1880 Episcopi
674 1832 941 1880 morentini,
981 1845 1072 1881 quae

100 1895 184 1932 MS.
215 1896 280 1932 est
309 1896 353 1931 in
380 1896 487 1933 Bibl.
519 1896 804 1933 Laurentiana
832 1897 1070 1946 Florentiae,

100 1959 184 2005 ipsi
211 1958 412 1996 tribuitur
442 1959 551 2005 quod
579 1960 776 1996 credibile
798 1969 879 1996 non
898 1961 964 1997 est
984 1962 1070 1997 Ma-

98 2022 271 2059 billonio
301 2021 397 2058 Itin.
429 2022 522 2058 Ital.
555 2032 594 2068 p.
615 2021 693 2058 166
714 2023 768 2059 et.
791 2023 1070 2069 Papebrochio

99 2084 201 2122 tom.
230 2084 301 2120 VI.
333 2085 436 2131 Maji
465 2095 505 2131 p.
537 2083 602 2121 50.

163 2148 371 2186 Caeterum
394 2149 443 2186 (16
464 2150 554 2195 ipso
578 2148 672 2185 vide
693 2149 959 2187 Gennadium
980 2161 1069 2198 cap.

103 2212 169 2250 36.
193 2213 473 2250 Trithemium
502 2222 590 2259 cap.
616 2213 708 2250 119.
732 2214 1072 2253 PicinelliAthe-

101 2285 240 2312 naeum
259 2275 518 2312 eruditorum
538 2276 911 2313 Mediolanensium
924 2288 963 2324 p.
979 2279 1070 2316 495.

157 2337 484 2383 SIMPLICIUS,
526 2338 665 2383 patria
708 2339 968 2387 Tiburtinus,
999 2351 1071 2387 per

108 2409 238 2436 annos
260 2399 336 2434 XV
357 2399 437 2435 fuit
457 2400 687 2446 Episcopus
710 2402 940 2449 Romanus,
966 2404 1071 2441 obiit

102 2473 139 2499 a.
171 2463 264 2500 483.
296 2463 444 2500 Confer
474 2463 524 2498 (16
556 2463 646 2498 vita
681 2463 772 2508 ejus
814 2466 1070 2504 Henschenii

104 2525 464 2563 commentarium
493 2525 738 2562 historicum
770 2527 814 2562 in
848 2527 965 2564 Actis
996 2529 1065 2565 SS.

100 2589 204 2626 tom.
235 2589 266 2625 1.
295 2588 414 2625 Mart.
444 2598 487 2634 p.
519 2588 608 2624 133.
641 2588 858 2635 Epistolue
878 2590 970 2635 ejus
991 2592 1069 2627 ali-

99 2652 200 2699 quot
238 2650 446 2688 habentur
485 2651 595 2697 apud
636 2650 858 2687 Baronium
899 2653 952 2689 ad
992 2663 1068 2691 an-

100 2723 199 2750 num
230 2713 327 2760 476,
358 2723 397 2749 n.
429 2712 471 2758 9,
502 2712 569 2758 18,
601 2713 654 2748 22
685 2713 735 2748 ad
776 2723 931 2750 annum
962 2714 1066 2764 4⁹77,

99 2787 140 2814 n.
171 2775 211 2824 7,
240 2778 295 2815 ad
325 2788 362 2814 a.
395 2776 489 2822 478,
521 2787 559 2812 n.
588 2777 626 2822 8,
652 2777 718 2823 10,
744 2778 806 2823 12,
831 2779 881 2814 ad
912 2789 948 2815 a.
971 2779 1064 2827 479,

98 2849 139 2876 n.
169 2840 207 2886 5,
240 2840 290 2877 10
320 2841 373 2877 ad
407 2849 564 2876 annum
599 2839 694 2884 482,
727 2850 766 2875 n.
799 2840 849 2886 2,
883 2840 957 2888 13,
987 2843 1063 2890 20,

100 2904 152 2941 46
181 2903 225 2941 et
251 2905 352 2941 tom.
386 2904 437 2940 II.
473 2903 753 2940 Conciliorum
794 2905 995 2943 Harduini
1026 2919 1063 2954 p.

98 2968 193 3004 803.
224 2968 340 3004 Alias
371 2969 446 3003 XV
476 2976 578 3014 quas
610 2967 863 3004 Harduinius
893 2971 1064 3018 omisit,

97 3029 211 3066 tomo
243 3029 312 3066 IX.
346 3030 622 3066 conciliorum
653 3030 899 3075 Regiorum,
929 3033 970 3068 et
998 3032 1064 3069 to-

98 3101 165 3128 mo
197 3092 265 3128 IV.
307 3093 474 3129 Labbei.
517 3093 699 3129 Decreta
741 3093 850 3138 apud
890 3093 1060 3133 Ivonem

80 3151 396 3200 Carnotensem
413 3182 422 3199 ,
463 3152 710 3190 Gratianum
727 3182 737 3200 ,
778 3155 1061 3195 Burchardum

95 3216 448 3253 Wormatiensem
477 3215 520 3252 et
549 3215 667 3252 alios.
699 3217 813 3254 Adde
860 3217 959 3255 Lud.
990 3221 1061 3256 Ja-

95 3271 186 3308 cobi
216 3281 240 3307 a
270 3270 309 3309 S.
334 3270 480 3306 Carolo
502 3269 603 3306 Bibl.
626 3270 884 3308 pontificiam
906 3283 944 3319 p.
970 3274 1057 3311 198.

97 3332 260 3370 Oldoini
290 3331 536 3369 Athenaeum
569 3333 800 3370 Romanum
832 3345 870 3380 p.
904 3335 993 3372 610.

2048 190 2123 225 489

1213 256 1538 302 SIMPLICIUS,
1579 256 1806 293 monachus
1856 258 2123 305 Casinensis,

1155 329 1233 356 sec.
1253 319 1311 355 VI
1333 320 1523 366 quaedam
1547 319 1594 356 de
1617 319 1800 368 Iugulae
1820 321 2126 359 Benedictinae

1154 384 1350 421 laudibus
1380 385 1502 430 utque
1515 385 1853 432 promuzqatione
1873 388 2123 434 composuit,

1154 459 1243 495 quae
1269 450 1405 488 idonei
1434 450 1623 487 referunt
1643 449 1846 487 auctores.
1868 451 2024 489 Evolve
2056 453 2122 490 Si-

1151 513 1372 558 gebertum
1404 514 1453 550 (16
1487 513 1635 560 Script.
1667 514 1823 550 Eccles.
1867 524 1902 550 6.
1946 515 2010 552 31.
2043 517 2121 554 Pe-

1150 573 1262 611 trum
1292 575 1522 611 Diaconum
1544 576 1593 612 de
1615 576 1719 612 viris
1740 575 1893 613 illustr.
1917 576 2122 615 Casinen-

1150 636 1266 672 sibus
1298 647 1333 673 a.
1365 637 1403 673 5.

1206 700 1534 737 SINDPERTUS
1568 704 1631 738 vel
1677 702 1922 750 simpertus
1941 733 1950 750 ,
1979 706 2119 742 Abbas

1150 763 1434 800 Murbacensis
1476 764 1530 800 et.
1574 765 1817 811 Episcopus.
1859 766 2120 813 Expungunt

1151 835 1246 862 eum
1287 835 1338 862 ex
1380 827 1486 863 serie
1531 826 1738 863 Abbatum
1785 828 2118 865 Murbacensium

1153 888 1276 926 Gabr.
1312 888 1533 925 Buceiinus
1574 888 1616 926 et
1646 889 1739 925 Car.
1778 891 1814 926 16
1856 890 2000 928 Cointe
2031 896 2119 928 An-

1149 954 1231 988 nal.
1262 951 1542 999 Francorum,
1585 951 1772 989 restituit
1814 953 1954 989 autem
1998 955 2117 991 illum

1148 1014 1425 1051 Mabillonius.

1204 1078 1264 1114 De
1305 1078 1559 1125 Episcopatu
1597 1079 1687 1124 ejus
1730 1087 1812 1115 non
1854 1081 1998 1116 omnia
2038 1081 2117 1117 huc

1148 1150 1279 1187 usque
1309 1142 1479 1179 fuerunt
1507 1144 1633 1178 clara.
1664 1142 1931 1178 Mabillonius
1974 1144 2115 1181 sedem

1149 1203 1229 1239 sibi
1262 1204 1453 1249 ignotam
1483 1204 1598 1240 dicit.
1627 1205 1827 1241 Auctores
1848 1205 2042 1243 Historiae
2063 1209 2116 1243 11-

1147 1265 1313 1302 terariae
1344 1266 1512 1302 Gallicae
1533 1267 1634 1302 tom.
1660 1266 1713 1301 IV
1736 1277 1773 1312 p.
1797 1266 1877 1302 362
1898 1277 1992 1303 611111
2014 1269 2115 1315 Epi-

1149 1336 1319 1373 scopum
1360 1327 1657 1374 Augustanum
1698 1338 1733 1364 a.
1784 1329 1861 1366 809
1904 1331 2115 1367 mortuum

1148 1390 1303 1427 dicunt.
1335 1392 1484 1427 Melius
1516 1392 1723 1428 Eccardus
1766 1403 1906 1430 rerum
1947 1394 2117 1433 Franci-

1148 1463 1290 1490 carum
1320 1454 1438 1489 XXV
1471 1453 1536 1500 46,
1570 1453 1622 1490 47
1651 1464 1703 1490 ex
1731 1456 1862 1491 variis
1891 1456 2115 1495 documen-

1149 1516 1207 1553 tis
1236 1517 1376 1563 ipsum
1405 1517 1773 1563 Ratisbonensem,
1805 1518 1847 1553 et
1877 1528 1912 1555 a.
1935 1516 2010 1555 ’791
2045 1520 2117 1557 (16-

1147 1579 1339 1616 functum
1369 1589 1463 1617 esse
1495 1580 1662 1616 asserit.

1201 1644 1304 1690 EJus
1334 1644 1571 1691 Epistolam
1592 1643 1871 1690 Euoyclz‘cum
1891 1644 2114 1681 admodum

1146 1707 1316 1744 brevem
1345 1705 1478 1742 edidit
1498 1706 1764 1742 Mabillonius
1784 1707 1934 1742 Annal.
1965 1718 2003 1753 p.
2037 1707 2116 1744 418

1145 1770 1212 1805 6111
1252 1768 1409 1805 accedit
1450 1768 1534 1805 alia
1576 1768 1837 1805 salutatoria.
1880 1769 2116 1816 Reyulccria

1143 1830 1309 1869 statuta
1349 1832 1604 1869 monasterii
1643 1830 1938 1869 Murbueeusis
1983 1833 2115 1870 edidit

1142 1894 1263 1931 Bern.
1295 1895 1384 1930 Pez.
1415 1893 1527 1930 tomo
1560 1893 1609 1929 ΙΙ.
1642 1894 1846 1931 Thesauri
1877 1896 2110 1932 Anecdoto-

1142 1966 1235 1993 rum
1266 1957 1490 1992 novissimi
1520 1967 1558 2002 p.
1591 1954 1656 1992 72.

1198 2019 1512 2056 SINIPALDUS
1551 2020 1752 2066 Buryus,
1797 2019 2111 2067 Cremonensis.

1141 2083 1354 2119 Medicinae
1376 2082 1419 2119 et
1439 2081 1720 2128 Philosophiae
1742 2081 1892 2118 Doctor
1911 2084 2021 2119 circa
2041 2093 2113 2120 an-

1142 2157 1242 2183 num
1273 2146 1377 2184 1399
1407 2146 1588 2183 decessit
1619 2155 1727 2182 anno
1764 2146 1904 2183 aetatis
1946 2147 2109 2183 XCVII.

1143 2210 1320 2256 Scripsit
1349 2210 1398 2248 de
1428 2210 1614 2246 seruitute
1645 2210 1817 2255 tuenda,
1850 2210 1898 2247 de
1943 2211 2109 2248 ratione

1143 2275 1295 2319 victus,
1327 2274 1375 2311 de
1406 2273 1644 2310 nutritione
1677 2273 1715 2310 et
1755 2275 2111 2321 uuqmeutatz‘oue,

1145 2338 1192 2376 de
1224 2337 1436 2375 doloribus
1466 2336 1622 2374 colicis.
1655 2337 1768 2372 Arisi
1815 2336 2018 2374 Cremona
2058 2340 2112 2375 li-

1141 2400 1278 2438 terata
1307 2400 1408 2436 tom.
1442 2400 1472 2435 1.
1506 2399 1600 2446 134,
1633 2399 1722 2436 135.
1746 2401 1865 2436 Alius
1887 2400 2013 2447 hujus
2036 2412 2110 2438 no·

1143 2466 1272 2501 minis
1303 2474 1338 2500 a.
1372 2464 1478 2501 1403
1508 2464 1588 2500 fuit
1625 2464 1784 2502 Praetor
1825 2466 2109 2514 Placentinus,

1143 2528 1192 2564 de
1224 2538 1302 2574 quo
1332 2529 1444 2564 idem
1476 2538 1514 2573 p.
1549 2527 1640 2564 140.

1196 2590 1424 2626 SIRICIUS
1437 2591 1548 2636 Papa
1561 2599 1610 2625 ex
1633 2589 1861 2635 Cardinali,
1884 2590 1918 2625 si
1940 2591 2106 2628 credere

1140 2650 1202 2687 fas
1233 2651 1313 2695 est,
1347 2650 1385 2686 S.
1419 2650 1712 2695 Pudentianae,
1745 2651 1795 2686 ab
1827 2660 1862 2686 a.
1907 2650 2105 2689 385-398.

1140 2714 1356 2759 Epistolae
1385 2713 1421 2748 V
1451 2713 1543 2758 ejus
1574 2712 1744 2749 exstant
1773 2713 1875 2749 tom.
1900 2714 1930 2748 I.
1961 2714 2109 2751 Conci-

1139 2776 1291 2811 liorum
1307 2776 1508 2812 Harduini
1524 2785 1560 2821 p.
1578 2775 1668 2811 845.
1684 2776 1831 2812 Decem
1846 2777 1889 2812 111
1908 2777 2106 2822 Epistolis

1139 2837 1387 2874 Pontificum
1403 2847 1426 2873 a
1446 2837 1567 2875 Petro
1590 2838 1793 2874 Constant
1813 2839 1940 2876 editis
1956 2850 1994 2886 p.
2013 2839 2104 2877 624.

1140 2902 1320 2938 Decreta
1362 2902 1404 2937 in
1447 2900 1768 2938 Collectionibus
1826 2902 2105 2939 Decretorum.

1139 2964 1198 3000 De
1229 2965 1322 3000 aliis
1354 2964 1524 3010 scriptis
1557 2967 1620 3001 vel
1652 2965 1860 3011 DecretiS,
1891 2976 1981 3012 quac
2024 2968 2106 3014 ipsi

1140 3028 1205 3063 vel
1235 3026 1493 3073 tribuuntur,
1526 3029 1590 3064 vel
1622 3037 1838 3074 perperam
1864 3029 2107 3066 adscribun-

1137 3088 1220 3134 tur,
1250 3089 1360 3124 idem
1401 3089 1672 3125 Coustantius
1714 3100 1751 3134 p.
1786 3089 1879 3135 699,
1912 3090 2004 3127 709.
2046 3092 2104 3129 Dc

1137 3151 1330 3197 Epistola
1359 3151 1412 3188 ad
1436 3150 1564 3198 Afros
1585 3151 1822 3188 Blondellus
1843 3154 1886 3188 in
1908 3154 2106 3191 Tui-riano

1137 3213 1361 3260 vapulante
1393 3224 1431 3260 p.
1455 3213 1547 3249 550.
1593 3214 1785 3260 Epistola
1825 3216 1877 3251 ad
1907 3216 2106 3254 Mediola—

1137 3285 1308 3312 nensem
1334 3278 1550 3313 ecclesiam
1582 3286 1677 3312 cum
1707 3279 1974 3324 responsione
2004 3281 2105 3316 Am—

1138 3338 1263 3374 brosii
1306 3339 1480 3376 liabetur
1521 3338 1633 3376 tomo
1677 3338 1713 3373 11
1755 3350 1848 3387 opp.
1894 3342 2102 3431 Ambgosii

1944 3396 2006 3430 21.
