2517 4009
0 3048 2 3076 l

903 258 1241 299 OTHOle

79 333 250 374 Helmst.
283 329 388 370 4624
422 331 456 367 li.
482 333 522 368 et
548 330 584 367 in
611 331 726 368 Henr.
752 330 947 369 Meibomii
970 342 1038 369 ne-

78 396 184 446 potis
209 398 301 432 tom.
330 392 367 430 3.
396 403 528 430 rerum
561 392 746 431 German.
777 405 813 444 p.
845 395 931 432 44-1.
954 405 1037 443 seq.

81 455 304 506 subJ'unctis
332 458 373 492 et
402 454 692 504 Diplomatibus
719 466 805 506 pag.
835 457 923 495 458.
955 465 1040 505 seq.

128 517 366 564 OTHONIS,
389 516 563 567 Apostoli
588 518 893 556 pomeranorum
920 521 1041 567 atque

78 579 261 630 Episcopi
282 579 586 629 Bambergensis
611 580 655 617 A.
682 580 798 618 4438.
826 579 891 617 vel
919 579 1037 618 4439.

80 640 254 680 defuncti
286 641 371 680 Vita
400 640 448 679 ab
481 640 690 691 Anonymo
725 641 829 691 apud
874 642 1036 680 Surium

80 703 117 742 2.
145 702 220 741 Jul.
251 706 371 753 atque
401 702 448 740 ab
478 701 688 753 Anonymo
707 703 935 752 synchrono
959 703 1038 752 (qui

80 765 346 804 SEIFRIDUM
376 763 545 802 Othonis
566 765 762 803 notarium
789 769 880 802 ante
905 765 1038 803 oculos

81 826 230 876 habuit)
259 825 462 864 libris‘lll.
494 825 598 864 edita
630 827 651 864 a
691 826 847 865 Canisio
877 831 971 864 tom.
1001 827 1038 865 2.

81 889 278 939 antiquar.
310 889 415 926 Lect.
441 899 528 939 pag.
555 888 632 927 235
671 887 778 935 (edit.
798 900 923 927 novae
945 893 1037 926 torn.

83 951 119 989 3.
149 954 261 1002 parte
290 951 326 990 2.
357 961 394 1001 p.
423 949 500 998 lto.)
530 953 571 988 et
600 949 844 988 emendatior
871 952 907 988 in
930 951 1039 989 Actis

81 1013 262 1052 Sanctor.
291 1016 385 1050 tom.
418 1014 452 1051 4.
481 1012 571 1051 Julii
601 1013 638 1050 2.
678 1023 764 1062 pag.
809 1012 898 1051 374.
942 1012 1038 1051 Vide

81 1085 202 1126 supra
230 1076 270 1112 in
300 1073 502 1113 ANDREA
535 1075 577 1114 S.
612 1073 823 1113 Michaelis
860 1073 1037 1122 Abbate,

80 1141 176 1175 tom.
214 1139 249 1176 4.
288 1147 374 1188 pag.
409 1137 472 1175 90.
528 1136 725 1176 EBBONE
758 1141 854 1174 tom.
883 1138 919 1175 2.
951 1148 1038 1188 pag.

84 1199 173 1238 486.
203 1199 305 1238 etin
338 1198 611 1238 lMBRlCONE
642 1203 736 1237 tom.
768 1199 803 1242 4.
832 1210 917 1249 pag.
949 1199 1038 1238 324.

81 1260 209 1312 Hujus
250 1260 418 1299 Othonis
463 1261 657 1311 quaedam
688 1261 725 1298 in
757 1259 1037 1311 diplomatibus

79 1323 440 1374 Bambergensibus
470 1334 557 1374 pag.
588 1322 691 1361 4422
722 1323 837 1360 4424.
866 1322 924 1359 .Ιο.
970 1324 1020 1361 Pe

84 1386 133 1422 tri
158 1384 362 1435 Ludewig.
385 1386 623 1434 scriptorum
649 1383 854 1435 Bamberg.
880 1388 976 1424 tom.
1005 1386 1037 1423 4.

84 1448 138 1486 De
167 1445 422 1487 Semonibus
450 1449 542 1496 ejus
570 1447 792 1485 XXXVIII.
826 1447 1039 1485 Manuscri-

85 1510 164 1560 ptis
193 1508 284 1548 vide
312 1508 411 1547 Acta
439 1508 618 1547 Sanctor.
650 1513 679 1545 t.
710 1509 743 1546 4.
774 1507 865 1546 Julii
888 1519 925 1557 p.
950 1508 1040 1546 387.

137 1571 271 1611 OTHO
294 1569 341 1610 de
363 1571 404 1610 S.
428 1568 576 1619 Blasio,
603 1581 691 1621 sup,
716 1574 742 1608 t.
770 1571 804 1608 4.
827 1581 862 1620 ρ.
883 1570 973 1608 230.

134 1633 272 1674 OTHO
302 1631 535 1682 Candidus,
564 1632 614 1671 de
650 1632 820 1670 Alerano
849 1642 898 1669 ex
942 1633 1040 1670 Mar-

83 1695 290 1734 chionibus
332 1695 643 1742 Montisferrati,
673 1697 714 1732 et
743 1694 781 1733 S.
828 1694 972 1732 Nicolai
1004 1695 1041 1731 in

83 1759 253 1798 Carcere
300 1757 481 1797 Tulliano
535 1758 729 1808 Diaconus
771 1755 991 1795 cardinalis
1022 1757 1041 1794 a

87 1821 274 1871 Gregorio
302 1821 370 1860 IX.
401 1820 558 1870 legatus
588 1820 625 1857 in
668 1819 920 1857 Germaniam
964 1818 1045 1857 An-

85 1883 311 1935 gliamquc,
341 1882 556 1921 defunctus
586 1881 659 1920 An.
693 1882 807 1921 4254.
840 1880 935 1920 Vide
968 1880 1044 1919 Ge-

87 1946 182 1997 orgii
214 1944 374 1995 Josephi
397 1945 505 1995 Eggs
528 1954 745 1994 purpuram
771 1943 926 1982 doctam
948 1947 1042 1981 tom.

90 2010 125 2046 4.
154 2019 239 2059 pag.
285 2007 375 2046 450.
403 2008 464 2046 Ex
507 2007 668 2057 scriptis
709 2004 797 2056 ejus
842 2005 938 2044 nihil
969 2006 1042 2043 nisi

88 2070 277 2121 opuscula
307 2069 355 2107 de
384 2069 604 2119 Astrologia
634 2068 843 2106 memorari
868 2066 994 2105 video.

142 2131 164 2153 *
196 2133 324 2182 Longe
354 2131 513 2169 maioris
544 2130 736 2168 momenti
768 2129 964 2178 scriptum
994 2139 1043 2166 ex

89 2194 245 2233 Othone
287 2195 363 2232 isto
401 2192 595 2231 habemus
625 2191 942 2231 Constitutiones
972 2191 1046 2228 sci-

89 2255 180 2295 licet
208 2267 230 2295 a
260 2265 303 2294 se
331 2254 477 2303 editas,
506 2253 600 2292 dum
631 2253 851 2303 Anglicana
882 2252 1044 2301 legatio-

89 2329 138 2356 ne
163 2318 409 2368 fungeretur.
435 2316 538 2355 Sunt
566 2315 654 2354 illae
683 2314 787 2364 apud
819 2325 882 2351 me
913 2313 1044 2351 subie-

87 2384 174 2418 ctae
198 2379 440 2429 Anglicanae
463 2377 667 2415 Ecclesiae
691 2375 1045 2414 constitutionibus

89 2440 251 2479 Londini
278 2439 396 2478 editis
424 2449 494 2489 por
524 2436 764 2476 Richardum
791 2437 948 2485 Pynson
976 2447 1044 2473 an-

89 2513 138 2540 no
167 2503 328 2540 incerto.
360 2501 511 2538 Extant
539 2500 659 2536 etiam
683 2509 730 2536 ex
757 2497 929 2534 editione
953 2497 1043 2534 Gul.

88 2561 457 2614 Lyndvoodeon.
486 2559 600 2600 4679.
631 2559 667 2597 8.
697 2564 737 2597 et
766 2569 814 2596 ex
847 2558 918 2596 hoc
947 2557 1040 2596 edit.

87 2638 148 2677 ap.
178 2623 350 2662 Wilkins
377 2623 517 2662 concil.
549 2623 724 2660 Britann.
757 2620 784 2657 l.
815 2619 906 2657 649.
941 2619 959 2641 *

141 2687 275 2727 OTHO
300 2683 347 2723 de
375 2685 516 2726 Castro
551 2681 753 2733 Ruclulphz·
788 2682 873 2718 sive
898 2680 1042 2719 Rodul-

88 2751 266 2802 phaeus,
294 2759 343 2787 cx
373 2747 615 2787 Cancellario
663 2742 870 2784 Parisicnsi
911 2744 1043 2781 Mona-

142 2890 176 2930 a)
199 2889 391 2922 Lambecius
414 2894 498 2921 tom.
519 2888 550 2920 2.
580 2896 655 2928 pag.
683 2886 756 2918 470.
783 2887 862 2926 Pagi
887 2883 926 2916 ad
951 2887 988 2914 A.
1011 2883 1048 2913 C.

85 2940 178 2973 1159.
203 2948 236 2971 n.
274 2939 324 2971 15.
346 2938 589 2970 sammarthani
613 2942 691 2969 tom.
716 2937 747 2968 4.
780 2936 903 2968 Galliae
924 2934 1048 2964 Christ.

82 2999 159 3032 pag.
184 2988 259 3021 674.
285 2989 464 3028 WiguleJ'us
489 2986 586 3019 uund
611 2988 644 3017 in
668 2987 843 3026 metropoli
866 2982 1044 3021 salisburg.

86 3049 161 3082 pag.
186 3037 256 3070 105,
280 3037 416 3069 Carolus
438 3036 671 3068 meichelbeck.
692 3037 725 3066 in
751 3036 895 3066 Historia
920 3033 1047 3063 Frisiu-

85 3090 190 3130 gensi:
206 3091 256 3119 lo.
272 3089 388 3119 Petrus
401 3085 583 3116 l’urlcellus
597 3089 802 3116 monument.
815 3081 1048 3114 mediolanens.

86 3142 120 3171 in
144 3142 235 3170 tomo
249 3141 370 3177 quarto
387 3136 534 3167 thesauri
555 3133 666 3165 ltaliae
686 3141 760 3173 pag.
779 3132 849 3163 45⁸.
868 3139 937 3170 seq.
953 3133 1046 3168 nugo

86 3187 265 3220 Menai-dus
279 3187 314 3219 in
332 3183 566 3224 martyrologio
581 3184 761 3214 monastico
777 3181 828 3212 22.
845 3183 931 3219 Sept.
949 3179 1049 3217 Chry-

86 3242 249 3270 sostomus
259 3237 442 3276 flenrlqucz
454 3236 488 3266 in
498 3233 680 3272 menologio
689 3232 900 3262 cisterciensi
912 3230 940 3260 7.
959 3230 1047 3268 Sept.

85 3293 119 3319 et
142 3289 176 3318 in
203 3286 383 3319 Annalibus
402 3286 507 3316 cister
529 3308 538 3314 .
556 3282 597 3313 ad
620 3285 654 3312 Α.
681 3280 771 3311 1150.
791 3287 863 3318 cap.
885 3279 914 3310 5.
939 3278 1045 3310 Labbc

87 3341 172 3369 tom.
195 3336 226 3367 2.
251 3335 291 3368 de
313 3338 343 3368 S.
364 3338 402 3367 E.
427 3342 504 3375 pag.
529 3333 601 3364 140.
629 3330 762 3362 Carolus
787 3328 881 3359 Viscli
907 3331 939 3360 in
963 3326 1046 3359 nihl.

88 3387 298 3418 cisterciensi
324 3393 385 3426 pag
417 3385 489 3416 2235.
515 3384 715 3422 Αιιςζυηίιιυμι
739 3380 901 3409 sartorius
927 3381 958 3408 in
992 3378 1046 3407 ‹ti-

1984 259 2058 296 177

1112 328 1210 368 chus
1239 328 1332 366 Ord.
1361 329 1523 367 Cisterc.
1554 332 1593 366 et
1623 328 1843 379 Episcopus
1872 328 2061 367 Tuscula-

1115 401 1190 429 nus
1219 389 1438 429 Cardinalis
1466 390 1679 428 defunctus
1707 390 1782 428 An.
1815 389 1929 428 4273.
1966 390 2060 428 Vide

1116 463 1234 503 supra
1265 466 1301 504 p.
1332 454 1418 491 456.
1448 451 1551 491 ODO
1578 452 1870 491 Castillioneus.

1170 516 1306 555 ΟΤΤΟ
1348 516 1499 553 ilenrici
1544 515 1606 553 lV.
1652 515 1748 565 Imp.
1779 525 1927 565 nepos,
1958 515 2062 554 iilius

1114 577 1151 615 S.
1183 577 1363 628 Leopoldi
1393 577 1627 616 Marchionis
1656 576 1839 616 Austriae
1868 581 1907 615 et
1935 577 2063 628 Agne-

1113 641 1163 677 tis
1191 651 1292 689 quae
1323 640 1478 678 chrici
1510 640 1550 678 V.
1582 640 1678 689 Imp.
1716 640 1832 678 Soror
1863 640 1959 687 fuit,
1991 651 2063 678 nu-

1113 706 1257 751 ptaque
1300 701 1494 740 Friderico
1537 701 1757 740 Svevorum
1801 702 1894 740 lluci
1939 713 1988 739 cx
2017 713 2063 739 eo

1111 763 1349 802 Fridericum
1395 768 1546 813 patrem
1593 763 1773 801 Friderici
1821 764 1847 801 l.
1886 764 1980 813 lmp.
2024 769 2064 801 et

1111 825 1335 864 Conraduni
1368 827 1520 876 peperit
1544 824 1776 863 Germaniae
1792 826 1935 874 Regem
1954 837 1961 862 :
1981 825 2063 875 ipse

1113 887 1278 926 Conradi
1311 887 1376 925 ΙΙΙ.
1407 888 1504 936 Imp.
1526 887 1647 925 frater
1669 888 1872 933 uterinus,
1899 890 2065 936 patruus

1112 949 1298 988 Friderici
1329 950 1357 987 1.
1386 948 1671 995 Barbarossae‚
1703 949 1921 998 Episcopus
1949 948 1997 985 ab
2019 949 2062 985 Α.

1112 1012 1155 1050 C.
1189 1012 1300 1051 4438.
1331 1010 1602 1061 Frz'sinyensis
1631 1015 1670 1048 et
1701 1010 1832 1049 fratris
1864 1011 1900 1048 in
1936 1010 2065 1048 Palae·

1113 1075 1258 1112 stiuam
1290 1072 1529 1124 expeditioni
1561 1073 1634 1111 An.
1666 1073 1781 1111 4448.
1809 1082 1943 1110 comes
1966 1072 2060 1109 l'uit:

1112 1148 1161 1174 ex
1189 1148 1270 1186 qua
1302 1136 1425 1174 redux
1471 1135 1650 1174 abdicato
1679 1138 1769 1185 post
1798 1134 1912 1172 Anno
1951 1133 2062 1172 4456.

1113 1210 1277 1237 munere
1307 1198 1526 1249 Episcopali
1574 1196 1787 1235 Monachus
1830 1196 2066 1234 Cistercien-

1113 1263 1167 1300 sis
1184 1293 1193 1309 ,
1213 1266 1250 1299 in
1267 1260 1461 1299 Coenobio
1483 1258 1732 1309 Burgundiac
1758 1256 2063 1296 Morimundensi

1113 1323 1244 1362 Abbas
1273 1323 1377 1360 diem
1408 1323 1502 1359 obiit
1545 1321 1621 1359 An.
1651 1321 1765 1359 4458.
1796 1320 1892 1371 Ejus
1927 1319 2064 1357 laudes

1113 1385 1287 1423 celebrat
1315 1383 1538 1422 Radevicus
1559 1383 1621 1420 lib.
1648 1382 1684 1419 2.
1707 1393 1792 1432 cap.
1815 1384 1875 1420 44.
1900 1386 1939 1419 ct
1964 1392 2067 1419 moi·-

1116 1452 1195 1484 tem
1227 1446 1336 1496 luget
1364 1445 1606 1484 Gualthcrus
1635 1444 1699 1482 lib.
1729 1445 1795 1482 IX.
1828 1444 1996 1492 Ligurini
2029 1453 2066 1479 v,

1115 1510 1179 1547 90.
1222 1519 1306 1558 seq.
1348 1507 1603 1558 Epitaphium
1649 1505 1761 1555 ejus,
1791 1507 1882 1555 quia
1922 1506 1957 1541 in
2004 1504 2066 1542 illo

1116 1570 1460 1622 Chronographiae
1484 1569 1642 1608 Ottonis
1668 1568 1711 1605 fit
1745 1568 1912 1614 mentio,
1933 1566 2069 1604 afferre

1118 1634 1276 1684 placet:

1130 1714 1299 1752 Quicquid
1326 1714 1358 1744 in
1383 1712 1464 1743 orbe
1489 1711 1588 1747 beat,
1611 1709 1796 1750 praeclaros
1820 1712 1852 1739 ct
1875 1706 2027 1738 meliores

1130 1763 1297 1794 praesulis
1322 1764 1452 1793 Ottonis
1478 1763 1562 1792 mire
1587 1758 1770 1791 cumulavit
1793 1759 1949 1789 honorcS.

1129 1814 1160 1843 Si
1183 1815 1300 1844 Proavi
1327 1813 1375 1844 vel
1402 1813 1461 1843 Avi
1486 1810 1633 1851 probitas
1649 1833 1657 1848 ‚
1681 1817 1771 1841 sacer
1794 1807 1901 1843 Ordo,
1927 1810 2070 1845 potestas

1128 1862 1291 1893 Deberent
1314 1863 1429 1894 mortis
1453 1861 1554 1892 furias
1579 1859 1734 1891 cohibere
1757 1857 1931 1893 molestas,

1130 1913 1201 1942 Non
1229 1914 1412 1943 moriturus
1437 1915 1531 1947 erat,·
1556 1908 1724 1949 praeclare
1747 1905 1913 1947 praeditus
1938 1904 2011 1936 illis.

1137 1964 1207 1994 Heu
1233 1961 1332 1992 talem
1356 1959 1587 1993 communibus
1613 1958 1790 1988 accessisse
1816 1955 1957 1986 favillis!

1131 2017 1237 2053 Quam
1262 2010 1402 2043 facunda
1428 2011 1493 2040 Viri
1518 2017 1604 2046 vox,
1630 2005 1738 2046 qualis
1760 2004 1998 2043 Philosophia,

1133 2067 1273 2095 Hortatu
1298 2063 1422 2100 Regum
1447 2059 1544 2091 docet
1567 2060 1656 2090 edita
1681 2053 1985 2094 Chronoyraphiu.

1131 2116 1227 2146 Luxit
1249 2120 1326 2143 eum
1350 2112 1456 2150 patria
1474 2133 1482 2146 ‚
1507 2110 1641 2148 propria
1666 2108 1822 2138 comitata
1849 2106 1958 2134 ruina.

1132 2164 1333 2204 propitietur
1359 2162 1387 2191 ei
1412 2161 1509 2190 DEUS
1534 2162 1565 2189 et
1589 2159 1642 2197 pia
1671 2158 1767 2195 Virgo
1793 2156 1903 2185 naria.

1171 2242 1270 2291 Ejus
1301 2237 1523 2277 Clzronicon
1553 2246 1685 2273 rerum
1715 2235 1763 2271 ab
1794 2233 1902 2270 initio
1938 2229 2067 2269 Mundi

1120 2313 1246 2353 usque
1270 2300 1318 2339 ad
1338 2299 1384 2337 A.
1406 2299 1447 2336 C.
1475 2296 1588 2335 4446.
1614 2295 1650 2344 b)
1666 2299 1864 2344 gestarum
1885 2290 1979 2329 libri
2002 2290 2068 2329 VII

1121 2366 1168 2405 ad
1200 2363 1469 2413 Singrimum‚
1500 2356 1711 2406 subjuncto
1753 2358 1885 2392 octavo
1914 2353 1962 2391 de
1994 2352 2067 2389 lin·-

1118 2425 1277 2472 Mundi‚
1306 2421 1539 2461 Antichristi
1572 2420 1863 2468 persecutione,
1895 2424 2069 2451 resurre-

1117 2490 1247 2527 ctione
1290 2488 1558 2526 mortuorum,
1597 2478 1743 2529 judicio
1786 2476 1917 2514 linali.
1947 2475 2064 2523 gloria

1119 2551 1319 2588 beatorum
1366 2549 1485 2592 atque
1532 2541 1734 2590 suppliciis
1776 2538 2067 2575 damnatorum.

1118 2611 1218 2649 Libri
1256 2607 1411 2657 septimi
1442 2605 1570 2653 capite
1601 2601 1835 2642 undecimo,
1865 2610 1896 2644 ο,
1937 2598 2065 2635 Hucu-

1119 2682 1241 2722 sque,
1275 2668 1402 2717 inquit
1432 2668 1551 2714 Otto,
1582 2667 1660 2700 lum
1697 2673 1750 2699 επ
1781 2659 1911 2699 Orosn'
1946 2669 2065 2709 quam

1118 2730 1282 2772 Eusebiz‘
1308 2733 1345 2768 et
1374 2739 1507 2766 eorum
1537 2725 1607 2777 qui
1625 2728 1715 2775 post
1739 2722 1842 2773 ipsos
1867 2731 1991 2771 usque
2012 2718 2066 2756 ad

1110 2877 1224 2907 stertio
1249 2872 1400 2903 bistertio
1424 2873 1488 2899 cte.

1170 2925 1204 2962 b)
1222 2922 1390 2954 Albcricus
1406 2918 1446 2949 ad
1463 2922 1486 2948 Α
1513 2916 1588 2947 1446
1606 2923 1679 2955 pag.
1696 2914 1766 2944 515.
1785 2913 1968 2949 [luemque
1983 2918 2066 2948 pcr-

1108 2974 1217 3014 tinqt't
1250 2969 1412 3003 narratio
1437 2966 1606 3007 Episcopi
1643 2963 1780 2994 (munis
1798 2986 1806 2996 ,
1831 2960 1889 2999 qui
1924 2959 1993 2998 suit
2021 2959 2073 2988 vir

1112 3023 1242 3056 nobilis
1265 3025 1297 3051 et
1315 3017 1509 3052 Monachus
1525 3013 1743 3047 morimundo·
1758 3037 1766 3048 ‚
1785 3015 1815 3041 ee
1833 3019 1900 3039 urm
1918 3009 1975 3038 die
1999 3008 2069 3037 ele-

1110 3080 1184 3106 ctus
1206 3073 1246 3103 t'n
1271 3069 1434 3101 abbatem
1457 3066 1611 3105 ejusdem
1635 3063 1704 3093 loci·
1719 3085 1728 3099 ,
1759 3059 1917 3099 seque-nu*
1939 3058 1996 3088 die
2018 3057 2070 3095 fa—

1112 3129 1187 3155 ctus
1202 3126 1253 3152 est
1272 3121 1310 3150 n'n
1328 3117 1484 3150 Bouaria
1503 3115 1698 3154 Episcopus
1715 3109 1956 3148 Frist'nqenst's
1971 3131 1980 3145 ‚
1998 3115 2074 3137 cum

1108 3176 1197 3203 esset
1219 3170 1334 3210 [rator
1353 3165 1584 3206 Imperatoris
1601 3171 1645 3193 ex·
1668 3165 1782 3191 matre
1797 3183 1805 3195 ,
1821 3159 1916 3199 filius
1936 3156 2065 3187 videli-

1107 3227 1156 3253 cr!
1175 3218 1341 3259 Leopoldi
1358 3215 1542 3247 Austriue.

1167 3266 1517 3308 c)(3asp.s·.igiuurius
1548 3267 1572 3294 t.
1605 3261 1631 3293 l.
1649 3260 1908 3292 introductionis
1943 3257 2074 3288 innisi.

1109 3320 1239 3351 izi-cles.
1257 3325 1328 3356 pag.
1347 3316 1399 3345 iio.

1726 3433 1761 3444 -l

1701 3436 1764 3469 'al
