2517 4009
0 2302 59 2338 90.

938 228 1158 268 LlBER
1215 230 1239 267 l.

122 304 193 348 Qui
219 304 328 347 hene,
352 302 412 347 qui
436 302 546 342 male,
570 303 622 338 sic
649 306 831 338 monstrat
858 308 1051 350 utramque

927 361 1050 397 tidem.

94 428 137 465 Ut
154 427 287 463 fornax
302 436 446 470 aurum,
464 437 567 463 mare
585 438 732 471 navem,
745 439 871 463 mucro
886 432 1051 465 catenas:

113 493 175 530 Sic
197 494 350 538 gravior
371 493 481 528 corda
505 504 610 528 casus
634 495 752 529 amica
776 493 918 538 probat.

91 561 184 598 Nam
208 553 316 597 citius
337 561 448 596 sociis
470 561 672 596 sociabitur
694 562 801 596 unica
826 558 1003 604 phoenix,

115 627 240 673 Atque
265 627 361 672 lupis
384 627 494 662 citius
518 638 605 672 pace
630 628 769 664 fruetur
792 628 883 662 ovis.

93 692 141 731 Et
163 694 266 739 prius
289 695 449 729 Arturus
471 694 595 729 veniet
617 698 722 730 vetus
743 693 806 728 ille
828 691 1022 728 Britannis
1039 719 1048 736 ‚

117 757 238 802 Quam
263 758 357 794 serat
378 758 547 794 adversis
571 758 684 793 salsus
706 759 846 793 amicus
869 766 989 801 opem.

51 872 60 881 “
89 824 166 868 lob,
189 825 322 860 collata
346 826 452 870 meis,
476 825 648 869 angustia
672 822 846 866 vinctim,
872 823 956 858 inde

113 890 218 935 Quod
245 891 408 926 coniunx
431 892 506 931 suit,
530 896 566 927 et
588 894 716 927 ternus
739 889 880 925 amicus
903 889 950 924 ei.

88 959 159 995 Ast
179 969 250 1003 ego
270 958 439 994 desertus
462 967 534 992 non
558 956 660 992 illam
686 966 812 999 cerne,
837 964 904 990 nec
927 954 1024 996 illos,

110 1024 172 1062 Me
194 1028 345 1069 praeter
367 1023 526 1059 nihilum
550 1028 693 1059 constat
716 1023 855 1059 habere
879 1020 984 1056 nihil.

86 1089 125 1125 Si
147 1091 241 1125 l’oret
262 1089 323 1125 hic
345 1089 498 1133 Codrus,
516 1100 612 1125 nunc
629 1098 750 1124 essem
781 1086 935 1122 Codrior
960 1087 1048 1128 illo,-

110 1154 207 1191 Nam
231 1155 324 1191 nihil
349 1155 408 1191 hic
429 1154 571 1199 habuit,
595 1160 651 1191 ast
674 1165 743 1190 eso
766 1155 870 1199 plura
895 1153 1001 1188 nihil.

86 1220 155 1258 Tot
176 1232 258 1259 mea
282 1226 383 1261 sunt,
402 1222 498 1268 quod
522 1232 593 1256 non
617 1220 700 1256 sine
720 1231 778 1256 me
799 1220 930 1265 regina
955 1221 1050 1256 iace-

962 1289 1018 1322 ret
1038 1299 1048 1329 ;

110 1350 149 1387 Si
173 1351 266 1388 foret
288 1351 357 1388 hoc
379 1361 526 1395 verum,
553 1360 694 1396 pauper
716 1349 852 1396 ubique
876 1351 984 1387 iacet.

86 1413 334 1461 Temporibus
356 1415 500 1451 cunctis
525 1413 672 1450 ieiunus
697 1416 960 1459 prosperitate,

107 1482 228 1519 Morte
251 1483 432 1526 minante,
456 1482 568 1517 nimis
592 1481 785 1525 asperiora
811 1490 937 1524 gemo.

91 1548 171 1585 Ver
191 1549 296 1584 dedit
319 1548 513 1594 indicium,
532 1547 674 1582 febrem
693 1546 788 1582 mala
812 1547 969 1583 contulit
992 1557 1059 1582 ae-

952 1617 1029 1649 stas
1047 1641 1056 1658 ,

113 1683 327 1719 Autumnus
350 1680 479 1724 nutrit,
505 1677 639 1724 frigida
663 1681 779 1724 pascit
801 1679 949 1726 hyems.

87 1750 200 1787 Nocte
220 1750 354 1794 dieque
376 1749 516 1783 malum
536 1758 596 1783 me
611 1747 765 1792 scyphis
783 1751 880 1791 potat
896 1748 1048 1793 amaris,

112 1819 157 1855 Ut
179 1818 331 1861 vigeant
355 1816 391 1851 in
416 1825 474 1850 me
500 1815 633 1858 gaudia
659 1815 758 1849 nulla
784 1814 870 1849 mei.

95 1883 190 1920 Luce
212 1893 362 1929 queror,
386 1883 574 1928 lacrymas
603 1881 726 1926 fundo,
749 1882 910 1926 suspiria
934 1886 1048 1924 ructo,

110 1951 249 1987 Scindo
272 1960 402 1994 genas,
427 1950 566 1995 plango
587 1953 749 1994 pectora,
770 1960 900 1994 rumpo
914 1960 1051 1985 eomaS.

89 2017 322 2063 Colloquium
347 2016 476 2054 turbae
500 2020 625 2052 tamen
650 2021 705 2052 est
728 2016 859 2052 solatia
883 2017 978 2059 luce,

108 2082 155 2118 Et
179 2084 316 2119 minuit
338 2093 478 2128 poenas
500 2084 609 2119 lectio
632 2083 766 2120 crebra
792 2092 907 2118 meaS.

83 2148 273 2187 Nocturna
300 2151 413 2194 longe
437 2151 561 2185 minor
582 2154 637 2186 est
662 2150 833 2192 angustia
858 2149 963 2191 lucis,

109 2218 212 2262 Quae
234 2228 318 2254 mea
342 2217 560 2253 multimodo
581 2217 692 2252 corda
713 2215 838 2251 dolore
862 2216 972 2260 rigat.

85 2283 200 2320 Nocte
222 2283 311 2319 furit
334 2281 443 2318 furiis
464 2283 622 2318 nimium
642 2282 745 2316 suror
769 2281 905 2325 impius
925 2281 961 2316 in
979 2292 1052 2324 me,

108 2349 179 2393 Qui
204 2359 288 2384 mea
315 2348 448 2384 maiori
472 2349 629 2384 vulnere
652 2348 762 2383 eorda
786 2348 886 2383 serit.

87 2417 199 2454 Nocte
224 2426 343 2462 gemo,
370 2414 530 2459 gemitus
549 2414 712 2459 gemino,
732 2414 976 2459 cumulusque
993 2414 1054 2449 do-

932 2479 1052 2515 lorum

110 2549 253 2587 Crescit
273 2557 409 2593 corque
428 2547 549 2592 coquit
571 2546 703 2582 crebra
723 2545 895 2591 gehenna
913 2557 1052 2584 meum.

89 2620 166 2656 Vae
199 2615 319 2653 mihil
344 2625 469 2650 sermo
492 2624 622 2653 meus,
651 2624 735 2649 mea
765 2613 887 2650 sabula
916 2615 1049 2652 crebra

820 2681 958 2716 dolenti
981 2685 1047 2727 est,

113 2754 210 2790 Dum
234 2750 298 2787 tali
325 2758 466 2786 mecum
486 2757 573 2783 voce
597 2747 756 2782 dolendo
777 2747 918 2792 loquor.

93 2818 232 2857 Saevit,
254 2821 291 2852 et
312 2813 519 2850 innumeris
541 2822 604 2846 cor
626 2812 789 2848 lancinat
810 2813 863 2848 ira
885 2815 1044 2860 sagittis,

113 2885 402 2927 Poenarumque
425 2880 501 2915 iero
525 2878 672 2913 turbine
693 2878 798 2914 turba
822 2879 918 2915 furit.

92 2950 247 2995 Volvor,
270 2951 305 2984 et
330 2947 498 2987 evolvor,
522 2945 635 2979 lectus
658 2943 755 2979 bene
779 2945 901 2980 mollis
931 2946 1049 2981 acutis

116 3015 263 3055 Urticas
284 3014 402 3059 spinis
422 3012 540 3048 tristia
564 3011 732 3046 membra
755 3020 871 3046 meus.

91 3082 196 3119 Nunc
218 3081 332 3118 nimis
355 3082 411 3114 est
434 3077 561 3117 altum,
588 3076 742 3111 nimium
770 3087 867 3111 nunc
894 3076 1045 3117 decidit,

889 3152 1047 3187 unquam

113 3214 294 3251 Pulvinar
315 3210 478 3248 medium
503 3207 620 3244 nescit
640 3206 781 3243 hahere
802 3208 961 3242 modum.

92 3281 199 3318 Nunc
225 3282 337 3326 caput
363 3275 514 3320 inclino,
544 3284 642 3310 nunc
667 3274 797 3313 elevo,
826 3277 930 3318 parte
956 3273 1046 3308 sini-

970 3344 1045 3376 stra

116 3411 222 3449 Nunc
246 3422 325 3456 ruo,
349 3419 447 3445 nunc
468 3408 614 3451 dextra,
637 3416 734 3441 nunc
756 3406 860 3449 cado,
878 3415 1047 3450 nuncque

917 3471 1046 3511 levor.-

2001 229 2078 270 667

1121 300 1225 336 Nunc
1249 301 1329 343 hac,
1355 310 1453 334 nunc
1477 300 1575 342 illac,
1600 310 1696 335 nunc
1717 311 1879 345 sursum,
1902 313 2000 338 nunc
2024 314 2080 339 ro-

1887 372 1942 404 tor
1964 369 2075 410 infra,

1144 432 1189 468 Et
1211 433 1320 468 modo
1339 433 1448 468 volvo
1469 437 1577 478 caput
1599 444 1670 479 qua
1691 434 1782 470 mihi
1807 438 1910 480 parte
1936 436 2061 480 pedes.

1119 497 1200 534 Non
1225 500 1272 534 ita
1296 503 1395 534 stare
1415 509 1523 544 queo,
1541 509 1668 544 surgo,
1687 501 1896 546 lectumque
1916 504 2078 548 revolvo,

1142 563 1201 599 Sic
1225 567 1333 600 modo
1356 566 1463 600 volvo
1487 567 1613 610 pedes,
1633 576 1702 612 qua
1727 566 1818 601 mihi
1838 572 1942 612 parte
1956 574 2077 614 caput.

1117 628 1195 664 Non
1219 631 1271 665 sic
1287 641 1369 665 esse
1385 642 1491 676 queo,
1513 642 1683 676 propere,
1696 632 1874 667 maledico
1888 634 2077 681 clientem,

1141 695 1245 739 Quod
1270 699 1367 732 male
1390 708 1470 732 cum
1492 699 1587 734 lecto
1610 709 1668 734 me
1689 699 1775 735 facit
1794 710 1876 735 esse
1900 711 1992 737 mee.

1120 762 1282 798 Yocibus
1307 764 1411 799 iratis
1438 765 1622 799 insontem
1645 766 1765 800 clamo
1787 766 2032 803 ministrum:

1137 830 1233 875 Huc,
1257 829 1374 863 miser
1390 829 1510 872 nugo,
1528 828 1629 870 veni3
1647 829 1729 872 huc,
1748 831 1956 872 maledicte,
1973 834 2075 870 veni.

1116 893 1212 938 Quid
1245 894 1360 938 sacis,
1390 893 1528 938 Hugo?
1556 895 1654 930 iaces
1673 895 1690 929 ‘2
1718 894 1850 932 Lectus
1879 908 1981 933 meus
2009 898 2078 935 iste

1809 960 1895 1005 quid
1920 961 1988 996 boc
2009 967 2076 1002 est.

1140 1024 1243 1067 Quod
1267 1025 1365 1060 malo
1387 1024 1538 1060 cottidie
1559 1023 1773 1060 sternitur?
1792 1027 1888 1060 unde
1911 1025 2010 1061 locus
2025 1026 2042 1061 ¹?

1117 1091 1219 1126 Tunc
1243 1090 1363 1135 ipsum
1388 1090 1568 1135 colaphis,
1585 1094 1621 1126 et
1638 1089 1768 1135 pugnis
1787 1092 1944 1128 verbero
1959 1093 2075 1136 duris,

1140 1156 1185 1192 Et
1204 1156 1273 1191 sibi
1295 1157 1390 1202 qnod
1413 1158 1531 1201 patior
1551 1157 1709 1193 verbere
1732 1158 1855 1194 vendo
1876 1159 2014 1194 malum

1120 1222 1255 1261 Yolrit,
1271 1227 1305 1257 et
1321 1223 1472 1265 evolvit,
1494 1223 1713 1268 plumasque
1731 1223 1950 1260 reverberat
1966 1226 2075 1269 ulnis,

1141 1288 1186 1324 Et
1207 1289 1324 1332 modo,
1347 1298 1442 1334 qnae
1462 1289 1595 1324 tulerat
1619 1288 1782 1324 vindicat
1805 1293 1884 1325 acta
1913 1301 2016 1335 puer.

1120 1354 1223 1390 Tune
1247 1354 1379 1390 iterum
1409 1355 1523 1390 iaceo.
1550 1354 1722 1391 Dormire
1751 1359 1848 1400 puto.
1876 1356 1977 1392 Nihil
2005 1362 2076 1401 est,

1979 1422 2074 1467 quod

2102 786 2182 820 100.

1150 1484 1230 1520 Uno
1252 1486 1441 1519 momento
1461 1482 1619 1519 firmiter
1640 1493 1725 1519 esse
1746 1494 1892 1529 queam,

1131 1550 1190 1586 Sic
1212 1551 1305 1586 solet
1327 1550 1504 1586 arboreas
1526 1548 1666 1585 Boreas
1689 1551 1861 1586 evolvere
1884 1551 2048 1599 frondes,

1149 1616 1209 1653 Sic
1233 1621 1309 1652 rota
1333 1617 1523 1660 mortaleS,
1546 1617 1598 1652 sic
1625 1627 1719 1663 aqua
1741 1628 1852 1653 saeva
1874 1623 2003 1655 rotam.

1122 1685 1227 1721 Nunc
1248 1684 1350 1720 calor
1370 1683 1522 1728 ignitus,
1549 1694 1648 1719 nuuc
1675 1684 1791 1728 frigus
1820 1687 1987 1722 membra
2017 1699 2080 1732 gc-

1944 1753 2080 1798 latum,

1144 1815 1250 1852 Nunc
1270 1814 1414 1852 hostilis
1434 1816 1490 1852 eis
1511 1816 1623 1851 sudor
1644 1825 1801 1861 aquosus
1822 1818 1937 1854 adest.

1119 1883 1224 1920 Tunc
1253 1894 1373 1928 gemo,
1404 1887 1489 1919 tunc
1515 1882 1611 1917 oculi
1640 1882 1828 1928 lacrymas
1856 1894 1920 1919 sua
1950 1885 2078 1930 pocula

1927 1956 2077 1996 potant;

1145 2017 1266 2052 Immo
1286 2019 1451 2059 vomunt,
1477 2015 1625 2060 gemino
1650 2016 1747 2052 sonte
1775 2017 1919 2061 rigante
1943 2029 2071 2059 genas.

1122 2083 1157 2118 Si
1181 2093 1290 2128 sopor
1314 2082 1480 2127 irrepsit,
1503 2082 1598 2127 quod
1624 2092 1762 2125 rarum,
1781 2084 1926 2119 somnia
1950 2083 2082 2121 ludunt

1145 2149 1378 2185 Multimodis
1399 2148 1543 2183 animos
1566 2148 1725 2183 motibus
1748 2159 1858 2192 aegra
1884 2159 2000 2185 meos.

1123 2215 1274 2258 Mergor
1291 2214 1326 2248 in
1345 2218 1699 2253 oceanum‚tenuem
1716 2215 1866 2250 taxillor
1881 2217 1924 2251 ad
1942 2226 2077 2261 assem,

1148 2282 1323 2315 Armatos
1347 2281 1454 2315 video
1476 2291 1627 2316 currere
1650 2291 1762 2325 saepe
1785 2283 1895 2317 Deos.

1125 2347 1297 2383 Flumina
1322 2357 1435 2391 parva
1458 2348 1587 2392 fluunt,
1602 2351 1680 2382 aret
1700 2357 1817 2391 mare,
1837 2348 1975 2385 corruit
2001 2349 2081 2386 ath·

2108 2374 2186 2408 110.

2005 2417 2080 2460 las,

1146 2479 1192 2515 Et
1215 2477 1384 2523 geminas
1407 2478 1511 2514 sortis
1530 2479 1692 2514 concutit
1712 2479 1813 2514 orhis
1836 2480 1924 2516 ales.

1120 2544 1208 2581 Sum
1233 2546 1333 2581 velut
1356 2546 1557 2589 implumis,
1582 2556 1692 2591 quam
1717 2547 1812 2582 rodit
1829 2546 1865 2581 in
1884 2545 1967 2582 ilice
1984 2545 2078 2583 Cad-

1969 2624 2050 2649 mus
2068 2641 2076 2658 ,

1141 2678 1246 2722 Quae
1265 2678 1346 2713 diro
1370 2682 1527 2714 matrem
1548 2678 1716 2714 carmine
1739 2679 1875 2714 clamat
1898 2679 1991 2715 avis.

1119 2744 1205 2780 Sum
1230 2745 1542 2788 velutesnriens,
1565 2746 1625 2790 qni
1648 2744 1807 2781 somniat
1832 2757 1946 2782 aurea
1964 2749 2072 2789 tecta,

1139 2811 1290 2845 Visibus
1313 2815 1349 2846 et
1373 2817 1492 2847 vestes
1520 2822 1662 2856 pauper
1683 2811 1824 2848 habere
1846 2813 1936 2848 suis.

1115 2876 1202 2912 Sum
1231 2878 1331 2913 velut
1356 2881 1560 2922 expectans
1603 2882 1866 2923 properantem
1908 2878 2066 2914 rusticus

1901 2953 2049 2978 amnem
2063 2970 2072 2983 .

1141 3009 1210 3052 Qni
1234 3009 1335 3052 cupit
1357 3008 1526 3044 excursis
1547 3018 1706 3052 peracre
1728 3008 1849 3043 siccus
1872 3008 1988 3053 aquis.

1116 3075 1202 3110 Sum
1227 3075 1325 3110 velut
1348 3075 1486 3117 elusus,
1510 3085 1619 3120 quem
1643 3076 1781 3111 detinet
1805 3075 1898 3117 alea,
1923 3075 2034 3118 lusor,

1139 3140 1208 3183 Qui
1232 3151 1314 3175 cum
1336 3141 1552 3183 perdiderit,
1574 3140 1729 3183 perdere
1754 3141 1858 3184 plura
1881 3143 1999 3184 parat,

1114 3207 1200 3241 Sum
1226 3206 1324 3241 velut
1348 3206 1516 3248 insanus,
1539 3205 1599 3250 qni
1615 3216 1696 3240 cum
1715 3206 1794 3250 plus
1812 3206 1986 3251 laeditur,
2001 3205 2069 3242 hoc

1990 3272 2071 3317 plns

1139 3338 1324 3381 fustibus,
1347 3342 1383 3373 et
1405 3336 1497 3373 iactu
1520 3337 1696 3373 liberiore
1716 3336 1815 3372 furit.

1115 3404 1172 3438 Ab
1197 3403 1307 3438 nimis
1329 3403 1478 3445 infelix,
1505 3403 1567 3448 qui
1591 3403 1749 3438 sustinet
1779 3402 2067 3447 innumeranda,

1139 3469 1208 3513 Qui
1233 3469 1368 3514 patitur
1391 3469 1559 3505 numeris
1582 3468 1708 3504 omnia
1733 3467 1837 3514 plura
1858 3467 1961 3503 suis!
