2533 4009
450 221 528 258 '⁴52
992 246 996 247 .

452 291 504 327 De
525 284 633 325 modo
662 274 841 319 studendi
860 271 907 326 ⁶in
931 266 1200 316 utroquejure
1216 273 1303 300 cum
1330 273 1395 298 110-

449 346 618 386 minibus
671 336 841 375 <vinnium
895 326 1151 369 scribentum
1174 377 1179 382 Α
1208 324 1246 361 in
1291 324 1395 376 fare.

450 409 550 447 Basil
582 400 693 442 1504.
726 396 840 435 1515.
879 392 914 428 4.
953 388 1132 438 Lugduni
1160 384 1263 435 apud
1298 382 1399 432 Gry-

451 470 584 518 phium
617 459 728 499 ¹544.
749 457 785 493 8.
811 455 947 491 venet.
978 449 1087 487 1565.

504 521 698 565 Chronica
728 511 965 553 Germaniae
982 539 990 555 ,
1008 507 1249 560 praesertim
1286 505 1400 544 Alsa-

452 588 528 626 tiae
564 587 600 621 et
630 577 746 618 urbis
787 570 1149 624 ,lv-qentoratensis.
1202 569 1401 618 Impressit

450 644 659 687 sunt‘eum
681 636 929 677 Germanicis
955 632 1162 675 Chronicis
1189 630 1386 668 lledionis.

503 707 535 744 E
534 699 796 756 pithalamion
807 692 1206 742 :llaoeimilianiReyis
1229 694 1265 729 et
1288 689 1404 728 Blan-

448 780 516 808 rae
541 764 695 805 Mariae
721 760 890 810 Reyinae
917 758 1183 795 Romanorum
1210 766 1218 790 ε
1242 763 1317 789 non
1339 762 1406 788 ex-

448 834 526 868 stat
547 826 650 877 apud
674 822 888 862 Freherum
905 819 997 856 SR.
1010 817 1143 854 Germ.
1163 815 1296 851 t.ll.ut
1313 813 1408 850 scri-

449 885 807 929 bitllendreichius:
826 880 893 918 sed
914 883 1068 917 tantum
1090 877 1137 914 ibi
1158 878 1412 912 memoratur.

504 944 780 990 Memorabilia
828 938 1187 991 Evanyelistarum.
1243 936 1407 985 Argent.

450 1014 564 1052 1504.
601 1008 704 1060 quod
736 1016 835 1056 opus
853 1034 862 1048 ‚
889 1001 1082 1051 imprimis
1109 1001 1268 1043 icones,
1295 1007 1408 1034 scan-

450 1074 524 1112 dali
551 1070 826 1123 plenissimum
853 1065 946 1103 dicit
971 1059 1272 1100 llendreichius.

504 1134 550 1171 In
573 1130 729 1170 laudem
754 1130 793 1167 S.
819 1122 1063 1169 Sebastiani,
1086 1121 1170 1159 Vita
1187 1117 1405 1170 S.Onufrii,

455 1198 492 1235 in
518 1192 672 1233 laudem
712 1190 753 1229 S.
802 1185 995 1226 Valentini
1022 1188 1061 1222 et
1083 1184 1122 1222 S.
1150 1180 1294 1229 lvonis,
1329 1181 1414 1219 Vita

453 1260 493 1299 S.
515 1253 726 1296 Bernardi.
755 1250 854 1290 Basil
884 1249 999 1288 1505.
1026 1247 1059 1284 4.

509 1320 627 1358 Multa
654 1314 741 1364 ejus
765 1312 888 1352 habes
922 1311 958 1347 in
1000 1308 1157 1346 Deliciis
1200 1307 1408 1344 Poetarum

453 1378 779 1419 Germanicorum
805 1377 911 1410 tomo
936 1372 964 1408 l.
986 1382 1021 1420 p.
1047 1370 1137 1407 691.

507 1441 621 1479 Varia
664 1437 712 1475 de
758 1446 804 1473 eo
848 1437 984 1471 not-atu
1046 1430 1164 1480 digna
1210 1428 1411 1478 congessit

461 1501 710 1540 Wenckerus
741 1498 779 1534 in
809 1495 1012 1545 Apparatu
1035 1491 1299 1530 Archivorum
1326 1499 1409 1539 pag.

460 1564 522 1602 45.
550 1562 614 1601 16.
632 1560 696 1598 2⁶2.
722 1569 832 1607 seqq.

510 1625 528 1646 ¹*
559 1624 666 1661 Inter
695 1630 812 1670 opera
843 1619 914 1654 viri
946 1616 1065 1654 huius
1081 1613 1183 1650 docti
1200 1621 1414 1650 accensen-

457 1686 547 1723 dam
570 1683 736 1721 arbitror
760 1679 946 1729 quamvis
969 1676 1172 1724 aliquanto
1199 1672 1414 1723 perplexus

463 1747 542 1783 vita
576 1744 616 1782 S.
662 1739 864 1790 Meynradi
910 1737 1099 1786 martyris
1143 1739 1183 1772 et
1226 1731 1417 1770 eremitae

455 1807 606 1846 editum
639 1806 674 1842 in
705 1801 917 1841 Germania
946 1798 1122 1837 Basileae
1164 1807 1234 1846 per
1274 1793 1418 1833 Miche-

458 1869 535 1907 lem
566 1868 708 1905 Furter
734 1864 807 1902 An.
853 1862 968 1902 1496.
1013 1860 1264 1907 Quamquam
1310 1856 1416 1893 enim

457 1929 660 1979 scriptoris
690 1935 834 1963 nomen
867 1923 915 1960 ibi
947 1933 1022 1960 non
1054 1920 1198 1970 legitur
1220 1947 1229 1965 ,
1266 1921 1329 1956 est
1362 1920 1418 1953 ta-

459 2001 548 2029 men
580 1990 617 2026 in
650 1987 727 2025 fine
757 1984 978 2024 Sebastiam
1009 1984 1131 2020 Brant
1154 1980 1417 2029 epigramma,

463 2050 566 2101 quod
599 2049 662 2086 hic
692 2045 915 2086 adscribere
933 2044 1073 2094 placet.

697 2133 759 2172 Ad
782 2133 962 2172 lectorem
987 2132 1027 2170 S.
1046 2131 1180 2170 Brant

474 2219 537 2247 Fac
562 2218 648 2245 Deus
671 2213 713 2243 ob
737 2214 865 2243 meritis
889 2209 1059 2250 Meynradi
1082 2211 1239 2248 martyris
1262 2214 1364 2248 atque

519 2261 703 2302 sylvicolae
727 2263 820 2301 regni
846 2262 994 2300 praemia
1012 2260 1103 2290 adire
1117 2260 1180 2290 tui.

479 2313 568 2344 lllius
595 2313 627 2343 in
654 2311 785 2342 laudem
812 2310 990 2350 praeconia
1016 2308 1118 2347 digna
1141 2306 1248 2339 relatu

521 2359 689 2392 Litterulis
714 2361 835 2399 pressit
853 2361 922 2398 jam
949 2358 1075 2389 Basilca
1100 2359 1209 2394 novis,

477 2413 571 2442 nunc
595 2410 658 2441 sibi
685 2411 831 2449 suscepit
854 2411 971 2440 Furter
990 2408 1195 2446 Micharlque
1220 2406 1367 2438 laborem

522 2461 569 2489 Me
597 2459 707 2491 duce.-
734 2466 794 2498 pro
820 2457 918 2488 nobis
944 2459 995 2488 vir
1018 2455 1207 2489 venerande
1231 2462 1310 2494 roga

826 2508 911 2545 ΧΗ.
944 2507 1029 2545 Kal.
1053 2506 1190 2545 Octob.
1216 2517 1280 2544 an.
1307 2505 1424 2543 1496.

465 2590 518 2627 De
550 2587 806 2638 Narrayonia
836 2588 984 2637 optime
1005 2586 1330 2626 Bibliothecarius
1359 2595 1417 2623 no—

467 2655 551 2688 ster
581 2649 774 2700 prodiisse
807 2649 912 2687 illam
944 2649 1077 2687 latinis
1121 2649 1263 2686 litteris
1305 2647 1425 2686 tradi-

468 2718 548 2751 tam
582 2723 630 2749 ex
661 2710 859 2749 Germano
890 2721 909 2748 a
934 2710 1076 2748 Jacobo
1108 2710 1332 2748 Philomuso
1362 2720 1425 2748 an.

469 2774 587 2813 1497.
617 2774 654 2810 in
686 2771 725 2810 4.
753 2771 875 2809 Addit
906 2773 941 2808 in
983 2771 1153 2810 editione
1184 2771 1257 2809 hac
1294 2771 1424 2809 locum

466 2835 741 2885 impressionis
789 2844 864 2870 non
913 2834 1108 2882 exprimi,
1154 2833 1223 2871 sed
1268 2844 1339 2884 ego
1385 2835 1421 2870 in

467 2908 552 2935 mea
583 2895 729 2934 diserte
760 2894 845 2945 lego
872 2894 911 2931 in
939 2891 1038 2932 urbe
1071 2893 1286 2932 Basiliensi
1307 2905 1425 2944 opera

466 2962 505 2994 et
534 2957 776 3007 promotione
806 2957 865 2993 Jo.
903 2957 1095 3005 Bergman
1127 2954 1176 2992 de
1206 2955 1316 3004 Olpe.
1348 2953 1420 2992 Ad—

467 3018 639 3056 d‹=ndum
670 3022 733 3056 est
760 3019 920 3067 insuper
958 3017 1120 3055 latinam
1158 3016 1258 3055 hanc
1288 3015 1426 3054 editio-

470 3090 558 3116 nem
604 3079 651 3117 ab
694 3078 858 3117 authore
903 3090 976 3117 suo
1024 3078 1256 3117 Sebastiano
1296 3077 1426 3116 Brand

473 3150 547 3175 non
581 3140 835 3190 approbatam
867 3139 1171 3187 tantummodo,
1215 3139 1285 3178 sed
1333 3139 1426 3176 hinc

468 3198 698 3238 illustratam
717 3232 726 3248 ,
756 3206 796 3238 et
826 3212 903 3238 non
935 3202 1071 3252 paucis
1102 3203 1138 3238 in
1172 3202 1248 3239 line
1277 3200 1427 3239 addita-

475 3260 617 3295 mentis
647 3267 800 3300 auctam
834 3263 970 3301 fuisse.

1176 189 1706 231 SEBAS'MANUS

1530 254 1807 296 Memorabilia
1830 254 2180 306 Evanyeliscarum
2226 265 2327 305 opus
2371 260 2434 294 est

1473 319 1575 356 Petri
1606 315 1767 354 Relmisi
1796 320 1836 353 et
1866 317 1966 354 Petri
1996 316 2044 354 de
2074 314 2312 354 Rosenheim
2334 344 2345 362 ‚
2374 316 2428 354 ita

1473 378 1634 417 demum
1667 381 1710 415 ut
1733 377 1923 425 imagines
1953 377 2033 415 sint
2062 376 2262 415 Belmisii:
2302 380 2429 414 metra

1474 438 1653 478 subiecta
1696 435 1745 474 de
1789 436 2039 475 Rosenheim.
2083 436 2287 476 Praecedit
2329 447 2431 487 opus

1474 504 1603 538 totum
1636 497 1729 536 Seb.
1751 498 1874 535 Brant
1897 498 2140 548 epigramma
2155 511 2165 547 ·,
2182 497 2338 549 prodiit.
2362 498 2438 537 Ha-

1475 570 1623 612 genoae
1652 570 1714 597 an.
1748 555 1862 596 1504.
1896 559 2012 608 typis.
2044 558 2113 597 Th.
2146 559 2354 598 Badensis.
2374 559 2438 597 Vi-

1479 621 1527 660 de
1549 618 1793 659 Lambacher
1809 617 1904 656 Bibl.
1922 617 2055 667 Antiq.
2073 619 2238 658 Vindob.
2252 620 2438 660 civ.l.68.

1535 678 1881 722 SEBASTIANUS
1897 706 1907 722 ‚
1932 678 2152 729 discipulus
2173 683 2211 720 S.
2234 680 2437 719 Benedicti

1481 749 1521 780 et
1543 741 1764 781 monachus
1792 739 2044 780 Cassinensis
2061 769 2072 787 ‚
2094 751 2173 779 sec.
2195 742 2256 780 Vl.
2275 742 2442 792 Scripsit

1487 804 1606 844 Vitem
1629 804 1670 842 S.
1696 800 1955 852 Hieronymi,
1995 811 2097 851 quae
2113 831 2124 849 ,
2159 802 2262 851 quod
2287 804 2438 850 sciam,

1483 867 1676 915 impressa
1702 875 1778 900 non
1805 866 1893 908 est,
1919 861 2090 900 habetur
2111 865 2244 900 autem
2269 863 2307 901 in
2328 864 2437 903 MSS.

1482 925 1818 971 CassinensibuS,
1845 921 2157 962 Sublacensibus
2180 926 2221 960 et
2253 923 2440 962 Reatinis.

1482 986 1738 1038 magnoaldus
1764 984 1994 1035 Ziegelbaur
2012 995 2049 1021 ln
2069 983 2297 1034 Conspectu
2319 984 2374 1022 rei
2397 985 2441 1023 li—

1481 1048 1648 1086 terariae
1686 1045 1781 1084 Ord.
1802 1046 1840 1084 S.
1863 1044 2066 1083 Benedicti
2091 1048 2190 1095 part.
2213 1044 2242 1082 1.
2279 1054 2364 1094 pag.
2405 1047 2438 1083 4.

1483 1108 1594 1147 Adde
1612 1110 1771 1147 Petrum
1790 1107 2007 1145 Diaconum
2029 1104 2078 1144 de
2103 1106 2200 1143 viris
2221 1103 2442 1144 illustribus

1484 1169 1774 1209 Casinensibus
1794 1179 1829 1206 c.
1852 1168 1887 1205 4.

1534 1228 1880 1269 SEBASTIANUS
1896 1228 1935 1267 S.
1956 1228 1999 1265 R.
2020 1227 2220 1266 Diaconus
2242 1224 2442 1266 Cardina-

1483 1290 1532 1330 lis
1551 1323 1561 1340 ,
1604 1302 1624 1329 a
1674 1290 1811 1341 Vigilio
1856 1288 2070 1339 evulgatus
2123 1288 2259 1334 literas
2310 1287 2445 1338 plures

1484 1353 1643 1403 scripsit
1660 1352 1706 1391 ad
1728 1352 1946 1402 Episcopos
1962 1349 2145 1388 diversos
2160 1353 2297 1388 contra
2314 1350 2444 1400 ipsum

1485 1414 1668 1464 vigilium
1682 1412 1923 1451 Pontificem.
1941 1412 2042 1450 Haec
2057 1409 2251 1450 Oldoinus
2270 1411 2307 1448 in
2325 1409 2446 1448 Athe-

1487 1485 1583 1512 naeo
1605 1476 1779 1513 Romano
1800 1486 1837 1524 p.
1859 1474 1951 1511 598.

1542 1534 1892 1575 SEBASTIANUS
1911 1533 2185 1583 lastinianus,
2206 1531 2324 1583 cujus
2347 1532 2449 1572 Ora-

1489 1597 1538 1635 tio
1556 1596 1691 1636 habita
1707 1607 1842 1636 coram
1865 1593 2063 1634 Uladislao
2097 1605 2190 1646 reye
2205 1593 2450 1638 Pannoniae.

1490 1659 1609 1705 1500,
1636 1659 1672 1696 4.
1693 1659 1779 1695 sine
1807 1658 2008 1695 mentione
2031 1656 2124 1704 loci,
2146 1655 2290 1706 prodiit

1544 1717 1891 1757 SEBASTIANUS
1913 1717 2165 1767 Mamertus,
2190 1717 2337 1756 Gallice
2366 1717 2451 1756 Ma-

1492 1783 1644 1829 meret,
1669 1779 1896 1818 Canonicus
1930 1783 1971 1816 et
2006 1779 2153 1818 Cantor
2177 1778 2387 1817 Trecensis
2413 1778 2450 1814 in

1494 1842 1672 1881 Ecclesia
1693 1841 1731 1879 S.
1759 1840 1982 1891 Stephani,
2006 1840 2108 1888 vixit
2133 1840 2236 1878 circa
2261 1850 2296 1879 a.
2335 1837 2454 1878 1474.

1498 1904 1662 1953 Scripsit
1689 1903 1736 1941 de
1760 1902 1809 1941 iis
1829 1931 1835 1948 ‚
1866 1900 1938 1953 qm·
1955 1904 2179 1952 reynarunt
2199 1899 2240 1939 in
2263 1899 2452 1948 Francia,

1495 1964 1571 2002 MS.
1598 1966 1634 2001 in
1675 1964 1770 2002 Bibl.
1814 1964 2015 2002 Vaticana.
2063 1962 2314 2002 Montfaucon
2355 1961 2452 2001 Bibl.

1496 2025 1593 2064 Bibl.
1616 2025 1720 2063 MSS.
1747 2036 1782 2074 p.
1811 2023 1898 2063 107.
1925 2022 2010 2062 Alia
2031 2022 2122 2073 ejus
2146 2023 2292 2062 Gallica
2314 2024 2449 2074 lingua

1496 2091 1657 2126 exarata
1697 2085 1788 2125 vide
1827 2086 1864 2124 in
1898 2086 1979 2124 Jac.
2005 2085 2041 2122 lc
2069 2087 2174 2136 Long
2213 2085 2453 2124 Bibliotheca

1500 2148 1686 2187 historica
1710 2147 1857 2186 Galliae
1888 2158 1924 2197 p.
1951 2146 2042 2186 362.
2069 2146 2159 2186 371.
2382 2136 2385 2141 ’

1553 2207 1895 2249 SEBASTlANUS
1918 2206 2092 2247 Murrlzo
2115 2238 2126 2256 ,
2147 2208 2428 2248 Colmariensis
2446 2238 2456 2257 ‚

1497 2270 1722 2310 Canonicus
1742 2275 1782 2309 et
1803 2270 2016 2320 Presbyter
2042 2271 2080 2308 in
2105 2271 2230 2320 patria
2252 2297 2260 2318 ,
2287 2269 2456 2320 philoso-

1500 2333 1604 2383 phus
1622 2364 1631 2381 ,
1670 2336 1823 2381 orator,
1882 2336 1993 2382 poeta
2013 2360 2020 2379 ,
2070 2330 2382 2382 cosmographus
2416 2334 2458 2368 et

1498 2394 1823 2441 Jureconsultus,
1862 2395 1981 2431 trium
2031 2392 2254 2443 linguarum
2292 2392 2457 2442 peritus.

1501 2456 1668 2506 Scripsit
1694 2456 1902 2506 Epitomen
1925 2452 1972 2492 (le
2011 2451 2199 2492 laudibus
2242 2452 2457 2492 Germano-

1500 2528 1621 2565 rum,
1646 2517 1686 2555 in
1723 2517 1926 2568 Baptistae
1965 2514 2176 2555 Mantuani
2207 2525 2347 2565 opera,
2384 2515 2457 2553 Ar-

1501 2584 1607 2629 gent.
1633 2580 1749 2619 1518.
1776 2580 1812 2616 in
1841 2579 1875 2616 4.
1924 2575 2123 2628 Epis-colas
2168 2576 2223 2615 ad
2262 2575 2455 2616 diversos.

1501 2641 1606 2679 Vixit
1630 2652 1664 2680 a.
1688 2640 1803 2680 1494.
1821 2638 2064 2679 Trithemius
2079 2637 2129 2676 de
2149 2638 2283 2689 script.
2302 2638 2454 2677 Eccles.

1499 2713 1532 2740 c.
1558 2702 1646 2741 934.
1669 2706 1709 2741 et
1732 2703 1829 2740 viris
1855 2701 1996 2740 illustr.
2021 2700 2156 2738 Germ.
2178 2699 2328 2750 Hippol.
2357 2700 2456 2738 Mar-

1499 2765 1600 2803 racci
1623 2764 1719 2802 Bibl.
1742 2764 1912 2803 Mariana
1935 2767 2041 2801 tomo
2063 2763 2108 2800 11.
2132 2773 2169 2813 p.
2191 2762 2283 2801 355.

1555 2825 1897 2864 SEBASTlANUS
1926 2822 2151 2862 Perusinus
2170 2853 2180 2870 ,
2208 2821 2302 2861 Ord.
2341 2823 2454 2862 Prae·
2503 2863 2509 2872 ,

1499 2887 1721 2925 dicatorum
1748 2887 1912 2933 i‘crusii,
1936 2885 2071 2924 Theol.
2095 2886 2296 2936 Magister,
2327 2883 2454 2923 Theo-

1501 2949 1613 2998 logus
1637 2952 1676 2986 et
1700 2947 2004 2986 Mathematicus
2044 2947 2240 2998 insignis,
2270 2956 2304 2984 a.
2336 2945 2452 2985 1512.

1502 3010 1581 3047 fere
1601 3010 1933 3061 septuagenarius
1957 3013 2118 3049 creatus
2134 3010 2207 3048 fuit
2231 3010 2452 3050 Provincia-

1500 3072 1548 3110 lis
1584 3072 1762 3110 Tusciae.
1793 3072 1959 3122 Scripsit
2001 3072 2126 3111 Vitam
2151 3072 2194 3110 B.
2238 3070 2450 3112 Columbae

1504 3133 1680 3181 Reatina,
1710 3134 1876 3184 virginis
1897 3134 2001 3171 tertii
2037 3133 2130 3172 Ord.
2156 3133 2418 3172 S.'Dominici
2437 3163 2447 3180 ‚

1501 3207 1602 3245 quae
1644 3206 1677 3234 a.
1719 3195 1833 3234 1506.
1877 3195 1984 3233 obiit.
2028 3195 2162 3235 Edidit
2199 3205 2286 3234 eam
2311 3193 2449 3240 Latine

1502 3259 1678 3298 Leander
1702 3257 1890 3298 Albertus
1913 3257 2011 3297 libro
2035 3256 2084 3298 de
2106 3259 2203 3299 viris
2229 3253 2449 3295 illustribus
