2550 4009
938 247 1282 289 MICHAEL
2056 257 2108 295 75

120 314 254 367 Deque
294 313 457 366 reyibus
500 314 710 367 Neapolis,
741 321 778 355 et
812 317 996 367 Siciliae,
1037 320 1081 358 li-

121 377 216 415 bros
257 377 318 416 lV.
364 378 463 415 ltem
494 376 541 415 de
569 377 730 428 reyibus
766 380 1002 430 Hunyariae
1037 382 1080 419 li-

121 438 213 477 bros
242 440 287 477 11.
318 440 386 489 qui
417 451 464 477 ex
494 440 660 478 Bonfinii
694 442 820 480 tribus
850 444 989 492 primis
1014 442 1081 481 de-

118 500 284 539 cadibus
326 502 524 539 contracti
568 513 661 540 cum
706 503 872 541 Bonfinii
918 504 1080 542 historia

119 562 431 611 coniunguntur.
472 562 610 612 Stylus
655 575 781 614 purus
811 570 897 613 est,
928 577 973 604 ac
1005 570 1082 604 404-

120 633 217 671 505;
246 627 291 661 04
321 624 360 661 in
408 624 590 674 Epistola
632 627 818 676 operibus
863 630 1082 677 praemissa

114 684 266 734 judicat
294 686 420 723 Janus
450 686 702 733 ParrhasiuS,
742 699 788 726 ac
819 688 997 728 Vasaeus
1043 691 1079 728 in

120 746 267 786 Chron.
298 748 405 798 Hisp.
437 759 471 786 c.
505 749 566 786 IV.
597 750 690 787 Post
718 750 1084 802 Mediolanensem,

119 812 162 847 et
189 809 307 847 Basil.
339 809 456 848 4547.
489 811 522 848 4.
556 810 735 861 aliasque
760 816 843 851 tres
868 818 982 852 sexta
1006 814 1087 852 edi—

120 871 174 909 tio
203 870 352 910 horum·
387 872 481 909 Ritii
526 874 767 923 scriptorum
810 875 941 913 lucem
985 877 1086 915 vidit

118 931 278 983 Neapoli
311 933 429 972 4645.
463 934 498 972 4.
540 935 585 972 In
628 936 775 974 Nicolai
820 938 941 986 Toppi
988 939 1084 976 Bibl.

119 994 374 1045 Neapolitana
390 1006 476 1045 pag.
503 996 594 1034 246.
621 1000 864 1036 memoratur
881 998 970 1049 ejus
991 999 1087 1038 Ora—

120 1055 174 1094 tio
190 1067 322 1094 coram
335 1056 439 1094 Julio
457 1057 504 1095 ll.
521 1056 652 1095 habita
671 1057 856 1108 editaque
867 1060 976 1098 Rom.
994 1062 1032 1099 in
1051 1062 1085 1099 4.

171 1117 396 1158 MICHAEL
426 1117 629 1158 Rubertus
670 1121 826 1158 Zenobii
859 1123 898 1159 F.
930 1123 1088 1161 Floren-

120 1179 231 1218 tinus
274 1181 445 1230 scriptor
488 1182 680 1220 HistorIae
710 1182 759 1220 ab
788 1184 891 1221 Orbe
928 1185 1085 1223 condito

117 1239 167 1280 ad
196 1251 267 1279 sua
292 1244 497 1291 tempora,
524 1254 600 1279 non
627 1243 699 1281 An.
724 1244 841 1282 4430.
868 1245 1002 1284 floruit
1028 1250 1084 1294 ut,

119 1303 328 1341 Poccianto
349 1333 358 1352 ,
380 1304 518 1342 Vossio
536 1332 544 1352 ,
567 1304 714 1354 Cangio
736 1316 997 1356 persuasum,
1018 1309 1088 1347 sed

119 1363 195 1403 An.
227 1366 341 1404 4530.
372 1365 469 1404 Vide
499 1366 674 1404 Diarium
715 1367 965 1406 eruditorum
1013 1371 1090 1408 Ita-

120 1427 196 1465 liae
231 1430 325 1465 tom.
356 1427 416 1465 IX.
447 1439 534 1478 pag.
565 1428 655 1467 488.
685 1432 726 1466 04
754 1428 847 1466 Julii
895 1428 1002 1479 Nigri
1033 1431 1092 1468 hi-

119 1489 282 1527 storiam
312 1490 551 1539 scriptorum
582 1490 904 1528 Florentinorum
932 1503 968 1541 p.
996 1491 1088 1531 446.

174 1550 402 1590 MICHAEL
428 1551 693 1598 Savonarola,
719 1552 808 1591 aliis
828 1553 1000 1591 Joarmes
1024 1554 1090 1593 Mi.

121 1611 235 1652 chael
267 1614 512 1661 patavinus,
540 1613 701 1652 Ordinis
744 1614 922 1652 Militaris
954 1616 993 1653 S.
1027 1615 1092 1653 Jo-

121 1676 239 1714 annis
267 1676 614 1725 Hierosolymitani
648 1676 826 1715 Medicus
850 1677 983 1715 docuit
1001 1678 1091 1716 inde

122 1738 302 1786 Patavii,
332 1749 411 1775 non
455 1742 548 1776 ante
585 1737 658 1777 An.
705 1738 820 1778 4440.
859 1739 1088 1778 defunctus.

0 1777 1 1799 ἶ
42 1825 47 1829 ⁴
122 1799 220 1839 Vide
236 1800 316 1838 Nic.
334 1800 586 1838 Comnenum
603 1801 1092 1852 tom.l:historiaeGym-

124 1862 222 1901 nasii
260 1864 440 1902 Patavini
487 1874 572 1913 pag.
603 1863 693 1901 286.
738 1863 1022 1902 Scardeonium
1053 1877 1089 1915 p.

123 1925 216 1964 240.
245 1925 519 1963 Portenarium
550 1936 639 1975 pag.
679 1924 770 1964 274.
802 1930 878 1964 etc.
926 1926 1091 1976 Scripsit

124 1985 337 2038 Speculum
362 1985 690 2037 Physioqnomiae
727 1988 831 2037 quod
860 1987 1091 2026 Thoedorus

122 2049 228 2088 Gaza
258 2061 308 2088 ex
337 2050 475 2087 Latino
499 2048 695 2087 Graecum
721 2049 903 2088 reddidit.
928 2050 1090 2089 Librum

122 2110 170 2150 de
194 2109 344 2150 balneis
367 2122 413 2150 ac
432 2111 637 2161 speciatim
664 2112 799 2150 Italiae
820 2116 860 2150 et
884 2114 1002 2163 aquis
1026 2123 1092 2151 ca-

124 2173 214 2212 lidis
255 2173 536 2224 Aponensibus
580 2173 737 2223 aliaque
783 2174 954 2223 plurima
990 2185 1092 2223 quae

122 2235 228 2285 apud
257 2235 541 2275 Scardeonium
567 2265 575 2284 ,
600 2239 641 2272 et
671 2236 708 2273 in
740 2236 985 2274 Bibliotheca
1015 2237 1092 2274 Me-

124 2297 212 2336 dica
238 2297 495 2337 Merkliniana
523 2308 609 2348 pag.
627 2298 717 2335 643.
743 2301 784 2335 et
799 2299 968 2349 Mangeti
994 2302 1090 2336 tom.

126 2361 161 2398 4.
191 2371 279 2410 pag.
313 2360 402 2398 464.
433 2364 605 2410 possunt
634 2358 775 2397 videri.

180 2422 236 2473 (24
248 2421 286 2471 9)
305 2423 478 2460 Praetica
494 2421 734 2470 (Medicinae)
752 2422 892 2460 Venet.
908 2423 1028 2460 Bern.
1042 2421 1090 2460 de

124 2484 316 2523 Vercellis
341 2483 460 2522 4502.
485 2487 525 2520 et
551 2483 603 2520 lb.
623 2484 741 2521 4549.
760 2483 787 2520 f.
810 2481 1017 2521 Canonica
1047 2482 1093 2520 de

123 2543 316 2598 febribus.
333 2545 387 2582 De
392 2541 607 2594 pulisz'bus.
621 2544 676 2581 De
699 2542 842 2581 urinis.
855 2543 910 2580 De
934 2543 1093 2593 090300-

125 2605 260 2646 nibus.
276 2607 332 2645 De
348 2603 529 2644 omnibus
541 2603 682 2642 Italiae
696 2603 866 2642 Balneis.
884 2605 1093 2643 Tractatus

126 2667 309 2708 sublimis
341 2667 388 2706 de
426 2665 633 2706 vermibus
671 2677 869 2716 nusquam
907 2669 998 2704 ante
1024 2665 1092 2704 hoc

127 2731 358 2782 impressus.
385 2729 510 2768 Venet.
536 2729 579 2766 B.
602 2726 843 2766 Locatellum
875 2727 992 2766 4498.
1028 2728 1092 2766 fol.

126 2793 189 2832 ch.
223 2792 326 2841 442.)

177 2854 404 2893 MICHAEL
433 2855 699 2903 cognomento
748 2852 916 2898 Scotus,
962 2851 1090 2901 patria

127 2915 311 2966 Angius,
340 2914 659 2961 Dunelmensis,
690 2913 996 2952 Mathematicus
1034 2913 1092 2948 in-

129 2977 254 3027 signis
283 2978 403 3025 atque
436 2976 539 3013 inter
570 2975 828 3025 Philosophos
872 2984 972 3024 quos
1016 2975 1092 3011 Ma-

128 3039 216 3090 giae
245 3047 336 3076 reos
368 3047 555 3087 peragere
583 3048 661 3074 non
710 3036 910 3075 dubitavit
956 3035 1090 3073 homi-

130 3111 227 3140 num
258 3099 345 3137 sive
376 3098 532 3136 inscitia
562 3099 648 3135 sive
679 3098 839 3136 invidia.
861 3099 970 3135 Diem
996 3097 1091 3134 obiit

129 3162 204 3201 An.
238 3160 354 3200 4294.
385 3158 433 3197 de
463 3170 542 3208 quo
567 3159 804 3197 consulendi
836 3162 994 3208 praeter
1025 3159 1093 3195 Le-

129 3222 294 3263 landum
325 3231 410 3271 cap.
440 3220 532 3258 232.
560 3220 725 3258 Baleum
759 3220 821 3257 lV.
848 3219 911 3257 67.
930 3223 970 3256 et
991 3220 1093 3257 xlv.

130 3287 193 3325 53.
224 3286 402 3323 Pitseum
436 3293 471 3332 p.
517 3281 608 3320 374.
656 3280 829 3320 Naudaei
875 3280 1093 3329 apologiam

136 3359 207 3398 pro
236 3347 360 3396 Magis
391 3355 479 3395 pag.
509 3342 604 3380 4955.
632 3353 715 3392 seq.
758 3339 988 3380 Leonardus
1030 3342 1095 3379 Ni-

1154 320 1345 359 eodemus
1375 322 1412 358 in
1443 321 1716 362 additionibus
1733 323 1779 363 ad
1813 326 1910 364 Bibl.
1931 327 2110 377 Neapoli-

1156 386 1290 420 tanam
1312 383 1390 420 Nc.
1412 384 1532 433 Toppi
1565 396 1601 434 p.
1633 385 1720 423 474.
1752 396 1836 437 seq.
1858 392 1897 426 et
1917 388 2111 438 Georgius

1155 443 1376 482 Mackensie
1408 448 1540 484 tom.l
1579 446 1627 484 de
1657 448 1752 485 vitis
1781 448 1991 489 Scotorum
2023 462 2112 501 pag.

1158 505 1298 543 496-24
1312 506 1346 542 4.
1377 506 1531 556 Scripta
1561 509 1649 556 ejus
1679 513 1770 546 sut:
1803 509 1902 549 liber
1921 510 1968 549 (le
1984 522 2114 550 secre-

1158 566 1208 604 tis
1219 567 1401 605 Naturae
1421 569 1505 605 sive
1525 567 1570 606 cle
1586 570 1866 619 procreatione
1890 571 2058 611 hominis
2076 577 2115 611 et

1158 627 1457 678 Pbyisionomia
1471 629 1518 667 ad
1542 630 1791 670 Fredericum
1806 634 1962 684 11.lmp.
1983 636 2115 684 (quem

1160 689 1303 728 librum
1334 691 1567 729 ALBERTO
1588 693 1727 742 Magno
1749 695 1811 732 alii
1834 696 2031 734 tribuunt.
2052 697 2116 735 Vi-

1160 752 1208 790 de
1239 752 1428 791 Jacobum
1448 753 1695 798 Ouetiftom.
1727 757 1762 793 4.
1793 755 1840 793 (10
1858 759 2017 807 scriptis
2041 759 2114 796 Do-

1162 815 1455 852 minicanorum
1488 826 1573 865 pag.
1606 816 1721 863 483.)
1765 818 1820 854 Ι)0
1849 818 2114 857 chiromantici

1161 876 1208 914 In
1238 876 1455 928 sphaeram
1484 877 1691 916 JOANNIS
1735 878 1782 917 (le
1824 881 1950 918 Sacro
1980 882 2113 920 Bosco.

1163 939 1208 975 In
1237 937 1461 976 Aristotelis
1492 939 1704 988 pleraque,
1734 942 1938 990 speciatim
1970 942 2010 979 in
2037 944 2117 980 Me-

1163 1003 1276 1036 teora
1299 1002 1437 1037 contra
1460 999 1679 1037 Averroem
1695 1030 1703 1046 ,
1725 1005 1764 1039 et
1788 1002 1892 1040 aliud
1921 1004 1956 1039 in
1975 1003 2113 1041 eadem

1161 1062 1332 1098 Meteora
1362 1061 1464 1110 quod
1487 1063 1640 1111 incipit:
1664 1060 1750 1100 Tibi
1762 1062 1956 1113 Stephane
1979 1064 2117 1115 (lepro-

1161 1133 1222 1158 mo
1252 1121 1321 1159 Izoc
1351 1132 1459 1172 opus.
1499 1123 1554 1159 De
1591 1123 1860 1161 constitutione
1880 1125 2027 1162 Mundi.
2057 1124 2116 1163 De

1161 1181 1389 1222 substantia
1413 1182 1540 1221 Orbis.
1580 1183 1879 1234 Astroloyorum
1919 1186 2115 1236 doqmata.

1163 1245 1360 1295 [maslines
1383 1244 1694 1282 Astronomicae.
1718 1246 1772 1282 De
1795 1246 1919 1296 siquis
1935 1247 2117 1298 planeta-

1162 1317 1268 1344 rum.
1289 1307 1475 1352 Quaestio
1505 1307 1660 1344 curiosa
1685 1305 1731 1344 cle
1758 1311 1907 1345 natura
1943 1308 2045 1347 Solis
2081 1313 2118 1347 et

1162 1368 1324 1414 Lunae,
1357 1368 1394 1404 in
1426 1372 1534 1404 tomo
1563 1368 1702 1416 quinto
1746 1368 1888 1407 theatri
1920 1370 2114 1419 Chymici.

1164 1429 1310 1468 Mensa
1343 1427 1626 1480 th'losophica.
1663 1427 1991 1469 Abbreviationes
2025 1431 2118 1469 Avi-

1165 1500 1322 1527 cermae.
1354 1490 1464 1527 Inter
1494 1489 1614 1527 libros
1655 1492 1944 1541 Manuscriptos
1988 1493 2117 1530 Caroli

1165 1550 1213 1589 de
1244 1550 1442 1590 Montchal
1459 1581 1469 1598 ,
1503 1551 1683 1589 Labbeus
1708 1562 1794 1601 pag.
1820 1552 1909 1590 203.
1934 1554 2030 1591 Bibl.
2053 1565 2119 1591 no-

1167 1624 1241 1651 vae
1271 1614 1573 1662 Manuscriptor.
1603 1613 1723 1650 libros
1751 1611 1861 1651 XlX.
1897 1613 2119 1653 Aristolelis

1166 1676 1228 1723 (X.
1257 1675 1406 1713 Graece
1437 1679 1593 1712 tantum
1616 1674 1831 1722 habemus)
1868 1674 1914 1712 de
1950 1674 2119 1713 historia

1164 1735 1397 1775 animalium
1420 1748 1469 1775 ex
1488 1737 1654 1774 Arabico
1682 1738 1718 1773 in
1747 1737 1929 1774 Latinum
1955 1738 2121 1776 transla—

1166 1803 1227 1836 tos
1243 1800 1265 1836 a
1281 1798 1468 1837 Michaele
1486 1799 1613 1844 Scoto,
1631 1809 1749 1847 quem
1781 1797 1830 1835 ob
1860 1798 1960 1835 hanc
1993 1799 2118 1848 ipsam

1165 1871 1325 1910 operam
1358 1862 1394 1898 in
1428 1861 1537 1898 libris
1566 1858 1787 1909 Philosophi
1832 1860 2000 1909 positam
2039 1859 2120 1897 lau-

1165 1922 1232 1960 dat
1261 1923 1450 1973 Rogerius
1474 1923 1572 1960 Baeo
1598 1921 1694 1959 libro
1719 1921 1766 1959 dc
1790 1921 2014 1970 linguarum
2040 1922 2115 1959 uti-

1165 1984 1288 2022 litate.

1217 2046 1453 2085 MICHAEL.
1487 2043 1723 2095 Treyorius,
1754 2055 1904 2095 supra,
1948 2043 2113 2082 Michael

1164 2106 1366 2157 Mayister.

1219 2170 1302 2208 MlC
1312 2169 1499 2208 HAELIS
1524 2167 1568 2206 be
1587 2167 1762 2219 L'izqarz'a
1781 2199 1791 2216 ‚
1810 2169 1990 2207 Doctoris
2020 2167 2119 2205 The-

1166 2233 1241 2283 logi
1273 2233 1486 2271 Sermones
1517 2231 1696 2281 prodiere
1726 2230 1910 2269 Coloniae
1944 2230 2054 2267 4496.
2083 2230 2118 2266 8.

1165 2294 1268 2344 apud
1295 2296 1565 2332 Hermannum
1597 2295 1811 2342 Baumgait
1831 2291 1879 2329 de
1922 2290 2117 2329 Ketwich.

1166 2356 1278 2394 Nulla
1304 2355 1426 2405 hujus
1465 2354 1666 2394 Michaelis
1709 2355 1859 2391 mentio
1890 2353 1927 2389 in
1959 2351 2120 2390 Davidis

1167 2418 1442 2467 Czwittingeri
1454 2412 1896 2467 specimineHungariae
1911 2415 2120 2452 litteratae.

1220 2477 1408 2515 MlCHAS
1433 2474 1591 2514 Maelius
1615 2475 1663 2513 de
1684 2474 1923 2512 Barbazanis
1947 2473 1995 2509 de
2024 2473 2120 2520 Spa-

1165 2539 1244 2577 lato
1267 2537 1385 2587 cujus
1417 2536 1640 2576 chronicon
1663 2534 1709 2573 (10
1735 2535 1859 2584 yestis
1892 2532 2118 2582 Pontificum

1166 2604 1205 2638 et
1233 2600 1521 2649 Imperatorum
1543 2608 1618 2633 non
1644 2598 1840 2643 integrum
1865 2593 1932 2631 sed
1952 2604 2042 2642 pars
2059 2604 2117 2629 se-

1165 2661 1318 2699 cundae
1346 2665 1468 2710 partis
1491 2659 1539 2696 ab
1564 2657 1676 2695 4290.
1703 2656 1748 2693 ad
1782 2656 1892 2693 4330.
1919 2656 1955 2691 in
1987 2654 2115 2691 lucem

1164 2722 1254 2761 data
1280 2723 1301 2759 a
1324 2721 1503 2758 Johanne
1531 2719 1645 2756 Lucio
1671 2718 1711 2754 in
1737 2716 1898 2753 historia
1931 2715 2119 2753 Dalmati-

1164 2795 1208 2822 ca
1235 2795 1320 2833 pag.
1346 2781 1531 2821 370-380.

1216 2842 1524 2884 MlCllELlNUS
1553 2840 1599 2878 de
1639 2840 1842 2885 Caesena,
1873 2849 1990 2888 supra
2011 2869 2020 2885 ,
2047 2837 2117 2875 ,4Ιί-

1166 2905 1279 2945 chael
1302 2907 1514 2946 Caesetius.

1217 2968 1373 3008 MICHO
1403 2963 1683 3013 Levita,cujus
1710 2964 1887 3000 notitiam
1914 2962 2037 2999 debeo
2074 2962 2116 2999 V.

1165 3033 1210 3071 C.
1236 3033 1294 3070 Jo.
1325 3029 1525 3069 Ludovico
1546 3025 1748 3070 Moci-cro,
1774 3025 1838 3073 qui
1867 3025 1902 3060 iu
1934 3023 2119 3072 Catalogo

1166 3093 1522 3141 Manuscriptorum
1538 3086 1801 3125 Bibliothecae
1814 3085 2118 3134 lleidelbergen-

1168 3157 1223 3194 sis
1249 3165 1333 3204 pag.
1359 3154 1422 3190 24.
1448 3151 1581 3188 Flores
1602 3148 1814 3195 Augustini
1841 3148 1926 3184 sive
1965 3147 2120 3195 exposi-

1168 3218 1315 3254 tionem
1347 3225 1394 3251 ex
1421 3213 1458 3250 S.
1482 3210 1706 3257 Augustino
1740 3208 1946 3246 collectam
1974 3218 2121 3244 memo-

1169 3287 1262 3315 rans
1292 3275 1329 3312 in
1347 3273 1422 3323 fine
1442 3270 1654 3310 voluminis
1683 3268 1828 3320 primi,
1855 3270 1981 3318 inquit
2001 3299 2010 3314 ‚
2051 3267 2120 3305 ad-

1165 3340 1283 3389 paret
1309 3332 1567 3384 lllpliabetum
1597 3329 1880 3370 vocabulorum
1906 3328 2044 3368 CLIII.
2069 3327 2123 3365 ad
