2517 4009
685 250 718 288 J.
769 250 1009 298 ANTIQ.
1052 248 1478 292 EPISTOLAE

97 324 340 376 elegantiam
372 321 563 362 aemulari
586 321 708 362 latine
729 334 946 374 cuperem3
979 335 1055 362 non

98 392 232 426 tamen
254 387 415 425 omnino
437 386 537 424 bene
556 388 770 425 successit:
793 399 882 426 nam
905 393 1056 438 quanto

98 451 210 501 lapsu
248 450 296 488 ab
341 461 386 488 ea
429 449 613 487 decidere
656 461 839 496 agnosco.
885 450 1058 488 Ariditas

98 514 204 552 enim
228 524 312 551 mea
336 512 574 551 uberrimam
603 513 706 551 illam
732 514 874 564 ingenii
894 514 948 551 tui
971 513 1062 550 bea-

100 574 338 618 titudinem,
383 574 643 612 festivissima
689 587 855 623 graecae
902 575 1059 618 linguae

101 642 315 676 venustate
341 636 514 688 alioquin
547 637 725 687 adjutam
755 639 914 688 assequi
954 638 1060 676 nullo

102 699 216 739 modo
233 701 370 750 potuit.
392 700 431 738 ld
452 701 517 738 tibi
540 701 575 738 in
600 702 799 751 praesenti
826 699 1060 750 legendum,

100 761 380 814 qualequnque
405 764 475 810 sit,
503 765 628 801 mitto.
654 765 710 802 Tu
739 774 830 802 vero
855 763 944 802 boni
971 774 1063 801 con-

102 825 236 875 sules,
267 836 312 864 ac
359 837 428 876 pro
471 827 664 876 sapientia
681 855 691 872 ‚
735 837 812 875 qua
859 824 1063 876 praeditus

101 899 170 938 es3
199 888 386 927 infantiae
417 900 529 927 meae
559 888 671 927 dabis
703 890 874 928 veniam.

102 950 166 994 §2‘5
184 948 253 1002 ξᾶιρ
274 947 504 999 ἀπόγραφος
529 950 575 1002 ἐξ
595 948 800 1001 εἰρχετιῖπὸ
822 947 1043 998 Scitrspdt'w.

360 1013 396 1052 T
394 1013 590 1053 ranslatio
623 1014 810 1066 (jusdem.

104 1078 305 1128 Pomponii
321 1077 472 1116 clarum
488 1079 593 1117 Laeti
609 1090 801 1117 venerare
815 1078 1076 1128 sepulchrum

133 1141 316 1191 Hospes,
347 1145 387 1179 et
419 1142 562 1192 insigni
594 1152 707 1180 sacra
738 1142 841 1180 feras
870 1142 1001 1192 capiti.

106 1201 238 1241 Gloria
261 1208 410 1253 quanta
430 1202 701 1253 peritRomael
715 1205 923 1254 gymnasia
941 1208 1092 1254 patrem

132 1265 317 1304 Fleverc:
337 1270 377 1304 et
392 1265 855 1317 cliaritesPieridumque
872 1267 1044 1305 chorus:

106 1322 228 1367 Docte
253 1339 395 1375 senex,
414 1326 613 1379 juvenum
641 1334 752 1380 pater
776 1331 924 1380 optime
944 1359 952 1378 ,
979 1334 1068 1380 post

214 1395 282 1429 tua
312 1390 390 1429 fata

133 1451 344 1493 Communi
362 1453 514 1505 gemitu
533 1452 740 1493 fundimus
757 1453 836 1493 heu
853 1454 1094 1505 lachrymas.

283 1540 656 1582 GASPARINI
712 1542 899 1582 LANll

241 1622 347 1663 aliud
378 1621 654 1674 ephitaphium
688 1624 724 1661 in
761 1622 934 1662 eundem

105 1703 324 1755 Pomponi,
354 1702 584 1742 venerande
614 1714 764 1752 senex,
790 1702 1068 1754 juvenumque

214 1767 429 1817 magister,

163 1831 307 1868 Lacte:
339 1827 414 1867 sub
445 1827 518 1867 hoc
549 1829 653 1867 situs
683 1832 723 1866 et
754 1839 968 1867 marmore:
1013 1828 1070 1865 vi-

214 1892 277 1929 vis
305 1890 449 1930 adhuc.

104 1954 396 2005 Viviszerisque
418 1953 484 1992 diu
507 1954 637 1992 Latiae
655 1963 756 1992 nova
775 1954 895 2004 gloria
914 1954 1084 2004 linguam

158 2017 242 2056 Non
263 2018 420 2067 perimit
435 2017 564 2055 claros
582 2027 688 2054 mors
715 2017 871 2054 inimica
894 2017 1014 2054 viros.

108 2079 254 2119 Desine
283 2080 405 2118 Roma
444 2090 602 2118 sacrum
650 2078 865 2129 lachrymis
907 2080 1067 2118 turbare

214 2143 389 2181 Poetam.

157 2201 228 2242 Hic
256 2201 369 2240 cinis.
393 2201 468 2240 Ast
486 2204 566 2240 toto
591 2206 779 2252 personat
803 2201 896 2240 orbe
929 2201 1065 2241 decus.

158 2287 320 2365 Ferno
349 2337 437 2365 meo
465 2326 650 2365 salutem.
682 2324 791 2363 Vixit
828 2327 1067 2377 Pomponius

105 2390 203 2429 satis
234 2389 330 2428 sibi:
373 2389 556 2429 Publicae
588 2399 682 2428 vero
713 2389 870 2427 utilitati
904 2401 979 2427 non
1014 2391 1069 2428 vi-

104 2453 162 2491 xit
179 2454 276 2490 satis
307 2452 386 2500 diu,
406 2453 713 2492 Sanctissimum
733 2463 775 2489 se.
807 2454 1003 2501 praestitit
1028 2454 1065 2490 in

104 2515 212 2554 omni
260 2516 405 2554 aetatis
463 2526 597 2554 cursu.
644 2514 719 2553 Sed
765 2525 856 2553 cum
900 2520 1068 2553 mortem

104 2577 142 2615 in
173 2579 394 2628 propinquo
424 2576 565 2616 adesse
606 2582 788 2616 cerneret
823 2579 980 2626 expiato
1018 2578 1065 2616 ad

103 2639 371 2680 christianum
422 2641 544 2679 ritum
589 2642 747 2687 animo,
801 2640 974 2691 perbelle
1023 2652 1066 2680 sc

105 2703 238 2754 ipsum
268 2707 514 2742 consecutus
545 2709 619 2741 est.
650 2705 786 2742 Totam
820 2703 965 2753 gloriae
1001 2714 1066 2742 su-

105 2765 344 2816 pellectilem
374 2777 423 2803 ex
455 2771 692 2816 paupertate
732 2766 942 2815 quaesivit.
988 2765 1066 2804 Nec

105 2831 382 2879 praeterquam
405 2839 534 2867 annos
558 2829 816 2878 septuaginta
839 2838 954 2866 suum
979 2828 1065 2876 qui-

104 2900 246 2940 cquam
281 2891 448 2942 putavit.
482 2892 523 2929 In
556 2891 702 2941 quibus
734 2892 886 2940 ingenia
917 2892 1066 2929 excita-

105 2954 190 3002 vit,
219 2959 259 2992 et
284 2953 405 3000 sivit,
430 2953 676 3004 dignumque
705 2952 775 2990 fuit
799 2957 840 2990 ut
862 2953 896 2989 in
929 2953 1066 2991 bume-

107 3016 160 3054 ris
179 3015 481 3066 lachrymisque
505 3015 614 3054 urbis
636 3016 766 3052 elatus
793 3016 828 3052 in
854 3015 1064 3063 Capitolio.

107 3082 151 3117 ut
172 3078 340 3128 scribis,
379 3083 418 3117 et
439 3078 692 3128 *sepelirftur
723 3076 767 3114 ad
796 3077 914 3114 Aram
947 3079 1064 3115 Coeli.

107 3142 391 3180 Destinaverat
420 3141 482 3179 ille
508 3146 641 3178 tamen
680 3140 748 3177 sibi
785 3139 995 3188 aliquando
1026 3141 1062 3177 iu

109 3203 170 3242 via
187 3200 312 3254 Appia
333 3203 506 3242 alienum
528 3202 804 3253 sepulchrum,
827 3201 915 3247 sed7
937 3201 1063 3241 donec

106 3265 185 3306 fata
207 3267 506 3317 permisissent,
529 3271 701 3304 testatus
726 3266 887 3303 vixisse.
908 3266 959 3303 At
985 3267 1065 3315 pie-

107 3332 170 3368 tas
217 3328 502 3380 discipulorum
545 3328 746 3366 meliorem
791 3338 895 3366 nunc
932 3327 1059 3367 locum

105 3389 265 3442 delegit.
285 3391 442 3443 Amissa
468 3396 564 3431 sunt
589 3392 624 3428 in
649 3401 694 3427 eo
716 3389 954 3428 incredibilia
979 3390 1063 3428 lite-

109 3464 243 3493 rarum
274 3455 562 3494 emolumenta.
584 3453 686 3491 llaec
716 3450 910 3490 acerbitas
936 3451 1066 3502 jactu-

1135 336 1266 363 rarum
1315 325 1363 363 ad
1404 324 1501 363 alios
1533 326 1715 375 pertinet.
1759 327 1846 376 lpse
1884 337 1955 365 sua
1987 339 2094 366 nunc

1137 387 1280 426 fruitur
1324 391 1577 429 a‹·ts=rnitato,
1611 400 1730 439 quam
1762 389 1933 440 alioquin
1975 392 2094 429 etiam

1137 451 1280 487 vivens
1307 451 1545 500 usurpabat:
1573 456 1655 490 tum
1678 459 1917 491 novercante
1942 453 2097 492 fortuna

1138 513 1266 561 palam
1287 514 1447 551 calcata.
1476 515 1551 552 Nec
1571 515 1671 552 ullae
1695 527 1870 565 unquam
1899 517 2097 554 Romanae

1140 575 1346 613 illecebrae
1379 577 1507 613 virum
1540 578 1626 614 sine
1671 579 1980 628 reciprocatione
2026 578 2097 616 sibi

1137 643 1388 676 constantem
1419 639 1598 685 attigisse
1631 642 1740 678 visae
1772 646 1879 679 sunt.
1906 642 1946 679 ln
1989 641 2101 679 sami-

1141 699 1221 737 liari
1254 699 1409 737 lacerna
1443 703 1628 750 quotiens
1659 703 1829 742 amiculo
1868 707 1987 753 caput
2025 704 2100 741 cir-

1140 762 1410 800 cumdedisset
1431 793 1439 808 ,
1462 764 1674 802 beatiorem
1698 776 1740 802 se
1768 767 1973 803 Persarum
1997 767 2100 812 Rege

1141 824 1254 874 longe
1285 826 1462 874 putabat.
1485 827 1755 876 Propagarunt
1781 827 1949 877 majores
1977 830 2099 866 nostri

1143 888 1213 925 viri
1245 887 1405 938 quidem
1436 889 1646 926 clarissimi
1679 891 1889 940 imperium
1921 891 1970 929 de
2007 903 2101 942 gen-

1142 949 1262 988 tibus.
1292 950 1530 1001 Pomponius
1553 951 1709 1002 Imperii
1736 958 1969 992 ornamenta
1996 956 2100 992 exei-

1143 1014 1244 1051 tavit
1274 1013 1321 1051 dc
1353 1015 1590 1065 sepulchris.
1620 1016 1934 1067 Triumpliarunt
1973 1018 2024 1055 illi
2058 1030 2098 1056 rc

1143 1076 1242 1114 bene
1273 1082 1398 1127 gesta.
1430 1078 1508 1115 lste
1540 1089 1664 1129 aeque.
1696 1079 1795 1117 benc
1822 1083 2006 1119 restituta
2027 1082 2100 1119 Ca-

1145 1142 1320 1190 pitolium
1354 1147 1475 1180 tenet.
1506 1143 1579 1189 Qui
1611 1155 1701 1183 eum
1734 1155 1826 1193 ergo
1857 1145 1990 1193 luget,
2036 1146 2101 1182 lio—

1146 1206 1292 1243 minem
1327 1206 1567 1244 fortunatum
1601 1207 1732 1257 luget⁷
1765 1207 1811 1245 de
1841 1207 1958 1257 cujus
2001 1208 2103 1246 celc-

1146 1267 1307 1305 brandis
1345 1268 1529 1307 laudibus
1575 1271 1648 1308 nisi
1694 1282 1787 1308 cura
1833 1272 2101 1320 suscipiatur,

1147 1332 1323 1368 omnium
1357 1332 1422 1380 qui
1461 1331 1594 1369 literas
1644 1334 1776 1371 sciunt
1824 1333 1987 1371 livorem
2035 1339 2104 1372 aut

1148 1393 1470 1442 ingratitudinem
1499 1399 1709 1443 posteritas
1739 1396 1966 1442 accusabit,
1998 1397 2104 1435 Vale.

1148 1455 1365 1494 Mediolano
1396 1455 1536 1495 Xt'lil.
1566 1457 1656 1495 Julii
1690 1457 1807 1496 1498.

1453 1519 1590 1557 Frater
1621 1525 1715 1559 tuus
1743 1521 1800 1558 Ja.
1831 1522 2102 1571 Antiquarius.

1201 1597 1362 1674 Ferno
1389 1647 1474 1673 meo
1499 1636 1686 1674 salutem.
1718 1638 1801 1676 L'na
1824 1637 2109 1687 disceptatiun—

1146 1698 1236 1736 cula
1263 1698 1365 1748 apud
1396 1699 1614 1749 Principem
1641 1704 1761 1750 atquc
1780 1701 1973 1739 Senatum
1992 1730 2002 1747 ,
2030 1713 2105 1740 non

1147 1760 1273 1798 solum
1297 1761 1451 1798 ostendi
1479 1761 1695 1800 adversarii
1724 1763 1979 1802 stoliditatem
2002 1794 2009 1808 .
2037 1764 2104 1803 sed

1146 1824 1264 1861 etiam
1292 1834 1403 1874 spem
1430 1835 1588 1862 omnem
1626 1835 1770 1864 vanam
1812 1826 1894 1865 feci.
1936 1828 2107 1867 Putabat

1146 1897 1209 1923 me
1242 1888 1394 1924 nescire
1416 1886 1519 1936 quud
1543 1888 1728 1926 sciebam.
1757 1889 1866 1934 Quae
1891 1895 2023 1928 autem
2051 1897 2107 1929 tc-

1148 1960 1220 1987 nco
1247 1980 1254 1995 ‚
1282 1949 1457 1987 latebant
1482 1951 1604 1989 illum.
1631 1951 1729 1988 Niliil
1759 1952 1850 1989 mihi
1879 1956 2103 2001 temporum

1146 2013 1320 2050 varietas
1350 2014 1528 2050 excussit
1553 2018 1622 2051 aut
1647 2014 1885 2052 obliteravit.
1911 2015 2105 2053 Corrobo-

1145 2075 1343 2112 ratissima
1376 2080 1470 2112 sunt
1509 2086 1610 2125 quae
1649 2075 1695 2113 ad
1730 2081 1766 2113 te
1795 2079 2030 2127 perscripsi,
2061 2084 2100 2116 et

1147 2136 1307 2174 meliore
1332 2136 1507 2186 quotidie
1531 2139 1733 2176 nitescunt
1759 2141 2003 2178 recensione.
2032 2142 2104 2179 Do-

1146 2199 1274 2238 lcbam
1319 2200 1504 2249 equidem
1555 2202 1627 2239 ista
1668 2202 1885 2251 petulantia
1928 2204 2103 2254 sugillari

1147 2271 1290 2299 nomen
1314 2272 1461 2298 meum.
1485 2262 1531 2298 Et
1554 2262 1619 2310 qui
1642 2267 1787 2311 optima
1819 2262 1959 2300 alienis
1985 2265 2103 2303 rebus

1145 2323 1320 2373 pondera
1346 2334 1504 2374 semper
1525 2323 1684 2362 adhibui
1702 2353 1712 2371 ,
1741 2324 1790 2363 de
1809 2337 1871 2363 me.
1898 2327 1980 2376 ipso
2003 2328 2104 2365 male

1148 2388 1334 2424 meritum
1363 2398 1538 2436 unquam
1565 2386 1688 2424 videri
1709 2398 1824 2436 posse,
1844 2393 1951 2426 totus
1973 2391 2104 2427 animo

1145 2449 1391 2488 aestuabam.
1408 2448 1483 2487 Sed
1514 2454 1660 2487 veritas
1686 2451 1789 2488 sicut
1813 2451 1942 2489 oleum
1965 2463 2101 2502 super-

1145 2515 1269 2549 natat.
1294 2512 1428 2561 Nequc
1453 2511 1554 2549 alius
1578 2518 1808 2562 compertus
1833 2524 1920 2553 sum
1941 2548 1949 2561 ‚
1982 2527 2102 2565 quam

1145 2574 1210 2623 qui
1231 2585 1390 2623 semper
1409 2573 1558 2611 fueram
1578 2605 1585 2612 .
1608 2574 1753 2624 probus
1771 2574 1968 2625 etjustus.
1987 2577 2107 2628 Quip-

1147 2647 1194 2686 pe
1217 2635 1446 2674 divitiarum
1477 2636 1708 2685 magnitudo
1733 2640 1887 2686 omnis,
1918 2644 1956 2676 et
1984 2640 2104 2677 liono-

1146 2708 1232 2736 rum
1257 2698 1446 2736 cumulus
1473 2699 1509 2737 iu
1537 2704 1751 2749 conspectu
1777 2711 1863 2738 meo
1890 2713 1956 2751 pro
1984 2702 2103 2740 nihilo

1145 2759 1307 2798 fuerunt
1325 2790 1334 2806 ‚
1358 2760 1482 2799 bonae
1508 2762 1625 2799 etiam
1656 2761 1780 2800 famae
1808 2775 1875 2812 per
1900 2763 2022 2802 bonas
2045 2776 2105 2802 ar-

1146 2826 1207 2859 tes
1238 2827 1371 2872 partae
1406 2828 1486 2861 tam
1528 2824 1579 2862 tui
1620 2824 1788 2874 cupidus
1825 2837 1942 2875 quam
1987 2828 2102 2866 vitae.

1144 2884 1243 2923 Nam
1290 2891 1488 2924 mortuum
1539 2898 1600 2924 me
1641 2899 1729 2925 esse
1769 2889 1922 2926 mallem
1945 2918 1952 2933 ‚
1983 2902 2100 2939 quam

1147 2948 1248 2986 male
1278 2948 1522 2986 audientem.
1556 2949 1652 2987 l‘uto
1680 2951 1795 2998 igitur
1822 2951 1985 2988 llicaix'ns
2017 2953 2103 2990 lier-

1144 3011 1233 3048 bam
1262 3010 1373 3047 nobis
1400 3010 1525 3060 palam
1560 3010 1740 3054 ‹lodis-so,
1789 3025 1887 3061 iiiios
1922 3015 1958 3050 iu
1995 3017 2100 3053 omni

1146 3072 1226 3109 foi-0
1275 3073 1445 3110 umbone
1494 3074 1673 3122 repulsus
1719 3076 1931 3113 iliosis-will
1976 3079 2099 3123 ‚gradu

1146 3135 1474 3184 struxisseiuque.
1508 3135 1547 3171 lit
1575 3147 1650 3184 qua
1678 3148 1715 3172 re
1742 3136 1790 3173 ile
1827 3137 1900 3175 lide
1939 3150 1982 3177 ae
2018 3141 2102 3179 dili-

1145 3197 1276 3247 gentia
1296 3201 1360 3234 tua
1378 3202 1531 3234 tantuin
1550 3198 1640 3235 mliii
1662 3200 1958 3248 promittebam.
1980 3215 2105 3252 quan-

1146 3263 1228 3296 tum
1256 3257 1304 3295 dv
1323 3260 1492 3297 bominis
1510 3261 1795 3298 aiiiieissiiuiac
1810 3262 2104 3306 oitiieiosissimi

1142 3333 1277 3371 opera,
1295 3325 1334 3359 et
1353 3321 1483 3359 studio
1501 3332 1660 3372 sperare
1683 3322 1888 3362 debebam.
1913 3327 2105 3371 taleme-

1143 3387 1298 3426 diolano
1320 3386 1591 3426 xxt111.Julii
1610 3389 2076 3435 MCCCCLXXXXl'lll.

1533 3453 1590 3491 Fr.
1622 3457 1715 3492 tuus
1744 3454 1801 3493 Ja.
1833 3455 2105 3508 AntiquariuS·

1722 3536 1790 3576 ⁶23¹
