2533 4009
406 186 483 226 056

404 253 753 306 stigationibusque
783 247 1072 287 constituendis
1097 246 1347 296 sequendum

407 329 481 356 non
523 320 583 354 est
619 314 686 364 jus
727 308 967 356 extremum,
1013 314 1055 348 ut
1106 310 1348 366 quicumque

403 385 536 418 eontra
568 377 672 426 leges
703 372 847 423 aliquid
879 371 1094 418 admiserit,
1125 382 1146 408 0
1184 371 1349 420 vestigio

405 444 601 491 puniatur.
634 436 674 473 ln
707 435 777 472 hoc
807 436 911 472 enim
952 434 1075 483 Reges
1120 434 1290 471 maxime
1328 443 1348 470 a

405 502 553 552 legibus
583 498 738 537 differre
768 501 943 546 oportet,
986 494 1088 546 quod
1137 495 1221 533 illas
1266 505 1347 532 rem

403 563 577 608 surdam,
615 573 659 599 ac
703 559 981 598 inexorabilem
1027 570 1128 605 esse,
1173 557 1349 607 nihilque

402 626 625 671 laxamenti,
658 635 727 662 nec
767 623 904 660 veni-ae
958 620 1100 659 habere
1148 621 1349 660 convenit.

402 690 540 738 Regiae
562 698 654 725 vero
677 685 934 724 humanitatis
955 683 1127 722 officium
1153 688 1226 731 est,
1252 687 1351 719 tem-

400 761 551 802 porum,
582 748 774 794 malelicii,
804 748 945 786 aetatis
974 745 1186 784 discrimen
1233 744 1352 782 habe—

401 824 441 851 re
471 812 815 863 periculosumque
846 810 1088 855 existimare,
1119 808 1156 845 in
1189 812 1245 845 tot
1275 807 1351 846 hu-

401 875 527 913 manis
555 873 753 912 erroribus
804 872 885 911 sola
934 871 1155 909 innocentia
1203 870 1351 907 vivere.

400 938 494 977 Nam
525 947 614 974 cum
638 936 911 986 Omnipotens,
934 938 974 971 et
1000 933 1220 972 Misericors
1244 932 1351 970 Deus

399 999 509 1037 nobis
540 1000 728 1049 ignoscat,
761 1008 832 1035 nec
862 997 995 1034 statim
1028 994 1223 1046 supplicia
1263 1005 1352 1044 pec-

398 1061 580 1100 cantibus
611 1062 778 1110 irroget3
810 1070 880 1097 nos
909 1070 1068 1109 quoque
1100 1058 1272 1096 vicissim
1299 1057 1354 1095 la-

402 1135 562 1175 psorum
596 1124 770 1161 misereri
802 1127 967 1173 oportet,
1011 1132 1228 1170 eorumque
1275 1131 1354 1158 ma-

401 1187 525 1233 xime,
557 1186 622 1235 qui
653 1190 747 1224 tunc
778 1186 947 1235 primum
981 1185 1015 1221 in
1047 1194 1180 1221 erores
1211 1181 1355 1220 incide-

400 1249 489 1295 rint,
506 1249 590 1286 sive
608 1248 817 1293 aeris‚sivc
836 1247 975 1296 capitis
999 1256 1120 1297 paena
1135 1244 1351 1284 mulctandi

401 1309 624 1347 videantur.
656 1308 713 1347 Ad
745 1309 999 1347 clementiam
1030 1309 1174 1359 quippe
1202 1308 1354 1358 pronio-

402 1382 478 1415 res,
507 1383 625 1421 quam
657 1370 703 1409 ad
735 1371 1010 1410 crudelitatem
1036 1381 1124 1408 esse
1146 1370 1352 1408 debemus.

400 1433 533 1482 Neque
563 1432 597 1470 id
629 1431 840 1470 dicendum
871 1437 946 1477 est,
978 1443 1053 1469 non
1089 1442 1177 1469 esse
1215 1431 1354 1469 crude-

402 1496 523 1533 litatis
555 1496 712 1532 nomine
743 1493 1021 1545 appellandum
1068 1493 1171 1544 quod
1209 1505 1228 1532 a
1261 1494 1353 1543 legi-

402 1557 475 1594 bus
504 1556 757 1596 concedatur.
788 1557 883 1595 Nam
928 1567 1131 1594 summum
1172 1555 1266 1605 jus,
1311 1560 1353 1593 ut

401 1619 555 1663 dicitur,
586 1631 742 1658 sumina
777 1618 946 1668 injuria3
977 1624 1014 1655 et
1034 1618 1211 1667 justitiae
1237 1619 1352 1667 rigor,

403 1683 474 1719 nisi
527 1683 768 1732 benignitate
819 1681 1054 1719 clementiae
1107 1685 1353 1729 temperatus

404 1745 531 1790 suerit,
561 1744 606 1782 ad
640 1745 927 1782 immanitatem
969 1743 1182 1793 quamdam
1217 1745 1352 1792 vei-git,

404 1807 507 1845 unde
539 1818 614 1844 non
646 1806 774 1844 solum
806 1808 951 1844 Demea
985 1806 1046 1844 ille
1090 1806 1353 1843 Terentianus

402 1870 466 1915 ait,
511 1869 636 1918 reipsa
683 1870 876 1918 reperisse
921 1880 976 1915 se,
1023 1869 1207 1906 facilitate
1259 1868 1352 1905 nihil

401 1942 489 1968 esse
516 1930 660 1968 homini
688 1930 840 1976 melius,
869 1942 996 1980 neque
1023 1931 1260 1968 clementia:
1284 1929 1351 1966 sed

402 1994 519 2030 etiam
548 1994 774 2043 Scripturae
799 1993 989 2039 doctrina,
1013 1993 1127 2042 cujus
1160 1992 1351 2030 vexillum

402 2056 617 2104 sequimur.
638 2053 737 2102 Noli,
766 2056 903 2105 inquit,
925 2066 1007 2094 esse
1024 2053 1188 2092 multum
1201 2055 1354 2106 justus,

403 2118 485 2162 Qua
504 2117 663 2167 quidem
690 2119 725 2154 in
751 2129 790 2155 re
809 2118 1090 2168 benignissimo
1112 2118 1265 2168 conjugi
1288 2122 1354 2155 tuo

404 2179 589 2230 gratulor,
615 2180 679 2229 qui
707 2180 742 2216 in
767 2191 854 2217 reos
876 2180 1179 2230 perhumanum,
1206 2191 1249 2217 ac
1276 2179 1353 2218 cle-

407 2248 579 2280 mentem
603 2243 730 2292 ipsum
755 2253 844 2280 0550
879 2245 1076 2281 constanti
1119 2243 1217 2281 fama
1255 2243 1354 2281 cele-

407 2304 560 2342 bratum
587 2310 659 2342 est.
692 2305 768 2343 Nec
795 2305 901 2344 hisce
926 2305 974 2344 (10
1001 2305 1119 2344 rebus
1157 2305 1241 2343 ideo
1279 2305 1356 2343 dis-

406 2367 523 2414 serui,
549 2366 650 2417 quod
673 2372 737 2405 aut
767 2367 888 2415 illum,
915 2373 983 2407 aut
1008 2370 1189 2419 teipsam
1213 2369 1356 2407 talibus

407 2430 624 2479 praeceptis
651 2428 822 2480 indigere
849 2435 1057 2479 putarem,
1084 2431 1150 2469 sed
1178 2431 1280 2481 quod
1308 2430 1354 2469 ad

406 2497 635 2542 susceptum
652 2503 763 2542 opus,
785 2493 887 2542 quod
907 2493 980 2531 sub
1002 2498 1068 2532 tuo
1092 2496 1250 2532 nominc
1270 2504 1357 2532 cae-

406 2555 500 2592 teris
524 2555 643 2593 etiam
669 2555 833 2593 fortasse
861 2555 1046 2606 proderit,
1086 2555 1157 2595 hoc
1199 2567 1356 2607 quoque

410 2618 605 2666 pertinere
636 2617 856 2657 videbatur.

461 2679 501 2717 Id
523 2685 669 2726 autem,
691 2680 976 2719 humanissima
1012 2680 1208 2728 lilianora,
1238 2681 1359 2719 maxi-

411 2753 472 2780 me
493 2742 824 2782 considerandum
855 2746 939 2789 erit,
968 2747 1009 2781 ut
1034 2749 1247 2794 antequam
1279 2742 1357 2781 edi-

411 2809 518 2843 ctum
546 2817 565 2843 a
593 2806 766 2855 principe
793 2805 1075 2856 promulgetur,
1102 2808 1219 2845 etiam
1239 2811 1358 2856 atque

410 2872 527 2906 etiam
553 2867 727 2918 diligenti
755 2868 1020 2914 meditatione,
1045 2869 1286 2919 consilioque
1304 2868 1360 2906 di-

412 2931 618 2968 scutiatur.
644 2929 718 2969 Sed
745 2941 834 2968 curn
863 2942 929 2980 per
955 2942 1184 2980 praeconem
1221 2931 1358 2969 recita-

418 2995 500 3030 turn
527 2993 652 3040 luerit,
679 2992 894 3031 videndum
916 2995 1001 3040 erit,
1025 2998 1065 3031 ut
1093 2995 1124 3030 ei
1160 2993 1360 3043 obtempe-

412 3059 530 3092 retur.
555 3056 648 3092 Nam
671 3057 734 3104 qui
759 3056 881 3105 legem
907 3068 927 3094 a
953 3066 994 3093 50
1015 3055 1214 3094 conditam
1239 3057 1358 3106 negli-

413 3118 447 3166 gi
469 3118 624 3165 patitur,
652 3117 740 3155 nihil
767 3117 868 3155 aliud
898 3119 1022 3156 facere
1051 3118 1356 3168 videtur,quam

414 3178 563 3226 publice
587 3181 645 3217 sui
667 3185 936 3231 contemptum
962 3180 1126 3219 edicere.

467 3241 674 3279 Maximam
706 3254 798 3280 vero
823 3243 994 3287 laudem,
1018 3249 1057 3280 et
1079 3244 1248 3282 nominis
1287 3245 1356 3282 im-

416 3303 687 3342 mortalitatem
705 3316 748 3342 ea
767 3316 828 3343 res
845 3306 1005 3356 principi
1028 3306 1151 3353 all‘ert,
1169 3307 1200 3344 si
1217 3317 1351 3345 curam

947 150 1355 216 ’1110110015
1403 175 1794 215 0101100110,

1425 246 1660 290 adhibuerit,
1685 251 1728 285 ut
1750 258 1818 297 per
1841 257 1981 284 0111005
2015 245 2165 295 10100011
2191 246 2252 285 sui
2279 245 2378 285 fines

1424 308 1637 354 latrocinia,
1657 308 1840 358 furtaque
1866 309 2067 355 tollantur,
2086 312 2222 347 ettam
2242 313 2376 356 noctu,

1424 381 1541 419 quam
1575 369 1745 408 interdiu
1773 375 1904 408 tutum
1931 370 2115 409 omnibus
2143 371 2215 408 iter
2233 375 2378 421 pateat,

1425 432 1628 481 possitque
1652 433 1928 483 unusquisque
1948 433 2103 471 onustis
2126 443 2221 472 auro
2257 434 2380 471 mani-

1425 493 1511 540 bus,
1539 499 1580 532 ut
1595 494 1720 544 ajunt,
1742 494 1868 544 palam
1892 506 1959 545 per
1981 494 2136 534 deserta
2155 496 2274 534 etiarn
2298 494 2379 534 loca

1426 555 1694 595 deambulare.
1720 557 1771 594 Et
1792 560 1913 602 certe,
1938 558 2003 607 qui
2031 557 2102 596 hoc
2125 568 2199 595 non
2227 557 2378 600 fecerit,

1427 618 1732 667 reprehensione
1762 618 1904 668 dignus
1937 619 2246 668 existimabitur,
2289 618 2380 668 quia

1428 680 1532 719 nulla
1554 685 1615 718 est
1637 685 1717 718 tam
1739 681 1910 731 spatiosa
1933 681 2114 731 regionis,
2133 681 2376 732 provinciae-

1429 754 1472 781 ve
1498 743 1676 791 latitud0,
1707 744 1813 782 nulla
1845 747 1953 781 tanta
1977 744 2156 792 vastitas,
2178 746 2232 790 ut,
2267 745 2298 782 si
2325 742 2382 782 di-

1426 805 1585 856 ligentia
1610 805 1855 854 adhibeatur,
1881 806 2013 845 caveri
2041 817 2118 844 non
2149 807 2285 857 possit.
2309 807 2382 846 Te-

1428 869 1612 906 stimonio
1635 868 1699 907 tihi
1721 870 1863 908 iterum
1889 879 1978 907 esse
1994 868 2115 906 velim
2133 868 2384 908 excellentis-

1427 931 1514 968 simi
1535 932 1708 981 parentis
1731 932 1785 970 tui
1814 930 2116 982 providentiam,
2133 942 2210 982 qua
2235 931 2380 971 factum

1426 996 1499 1040 est,
1527 998 1569 1031 ut
1595 1004 1662 1043 per
1692 995 1925 1033 universum
1947 993 2038 1046 ejus
2059 1004 2226 1044 regnum
2245 1023 2254 1041 ,
2286 1004 2378 1033 cum

1427 1056 1574 1105 apertis
1595 1057 1850 1105 pecuniarum
1878 1057 2044 1095 sarcinis
2065 1057 2101 1094 in
2124 1056 2198 1094 viis
2219 1055 2384 1107 publicis

1427 1117 1570 1156 cubare
1602 1130 1678 1155 non
1708 1117 1989 1157 reformident:
2023 1130 2095 1158 nec
2131 1124 2199 1158 aut
2239 1119 2383 1167 verbo,

1429 1186 1496 1219 aut
1518 1180 1617 1219 facto
1642 1182 1811 1231 cuipiam
1844 1182 2030 1220 afferatur
2056 1181 2210 1231 injuria.
2234 1182 2329 1221 Nam
2352 1181 2382 1219 si

1429 1243 1587 1293 quando
1607 1244 1822 1292 accidebat,
1847 1249 1888 1283 ut
1914 1244 2124 1295 spoliatum
2151 1255 2194 1283 50
2214 1246 2384 1295 quisque

1429 1311 1676 1356 quereretur,
1703 1308 1888 1345 maximis
1912 1307 2118 1358 suppliciis
2136 1312 2384 1346 caeterorum

1429 1370 1660 1418 securitati,
1710 1369 2039 1421 indemnitatique
2075 1369 2384 1418 consulebatur3

1430 1442 1556 1481 neque
1587 1433 1825 1482 suin[›tibuS‚
1863 1437 1932 1471 aut
1968 1431 2088 1471 labori
2127 1431 2386 1482 parcebatur,

1426 1495 1640 1543 quominus
1661 1495 1823 1532 sceleris
1847 1499 2030 1533 auctores
2055 1494 2102 1533 ad
2136 1505 2304 1545 paenam
2331 1495 2387 1532 in-

1431 1557 1724 1605 vistigarentur.
1755 1557 1856 1602 Quin
1884 1558 2002 1595 etiam
2031 1568 2107 1594 non
2153 1557 2267 1595 multi
2298 1556 2383 1595 dies

1429 1621 1729 1668 praeterierunt,
1751 1632 1797 1657 ex
1824 1631 1901 1669 quo
1943 1619 2103 1669 quidam
2135 1623 2295 1670 propter
2319 1630 2387 1670 pa-

1430 1682 1590 1719 storiam
1613 1694 1624 1716 1
1637 1687 1761 1719 estem
1778 1683 1909 1719 comiti
1927 1686 2149 1733 surreptam
2170 1683 2206 1719 in
2225 1691 2384 1721 crucem

1430 1743 1612 1782 sublatus
1639 1744 1724 1782 fuit..
1750 1745 1830 1783 Non
1858 1745 1962 1782 enim
1999 1745 2052 1782 rei
2088 1744 2220 1782 vilitas
2255 1748 2386 1783 atten-

1431 1805 1555 1845 denda
1574 1811 1685 1855 erat,
1711 1807 1778 1844 sed
1800 1808 1983 1845 itinerum
2011 1806 2234 1857 benignitas
2250 1816 2386 1844 exem-

1430 1868 1492 1919 plo
1515 1868 1785 1918 procuranda3
1813 1880 1884 1907 nec
1922 1873 2029 1907 certe
2074 1870 2110 1906 in
2155 1867 2382 1918 hujusmodi

1429 1930 1587 1968 casibus
1609 1931 1710 1968 ultra
1727 1942 1787 1968 mo
1804 1930 1884 1969 lum
1901 1931 2081 1981 progredi
2099 1932 2293 1969 severitas
2309 1933 2383 1968 est.

1431 1992 1524 2030 Nam
1551 1993 1643 2042 quid
1668 1993 1768 2030 inter
1787 1993 1949 2041 bellum,
1970 1998 2011 2031 et
2031 2004 2166 2043 pacem
2187 1992 2385 2039 intererit3

1430 2054 1461 2091 51
1485 2066 1553 2104 per
1574 2055 1843 2105 tranquillum,
1865 2061 1900 2093 et
1926 2060 2106 2106 pacatum
2133 2067 2270 2106 agrum
2290 2066 2387 2106 quo-

1432 2117 1488 2154 115
1519 2121 1707 2167 tempore,
1735 2129 1806 2156 nec
1833 2120 1906 2156 iter
1939 2129 2058 2168 quam
2099 2121 2230 2157 tutum
2271 2128 2383 2168 prae-

1430 2177 1604 2217 beatur?
1631 2180 1677 2218 Ut
1703 2184 1867 2228 taceam,
1889 2180 1991 2231 quod
2016 2184 2171 2231 praeter
2211 2179 2389 2218 subdito-

1431 2253 1521 2280 rum
1553 2243 1779 2290 utilitatem,
1802 2244 1863 2282 cui
1891 2243 1963 2282 hac
1997 2243 2148 2281 ratione
2177 2241 2389 2281 consulue-

1431 2305 1497 2353 ris,
1517 2316 1698 2355 magnam
1719 2305 1808 2343 hinc
1831 2305 1897 2343 tibi
1918 2304 2230 2343 beneiolcntiam
2248 2303 2389 2354 adjun-

1432 2377 1514 2417 ges,
1543 2371 1582 2404 et
1606 2378 1625 2406 a
1649 2368 1881 2417 peregrinis,
1906 2367 2052 2418 quibus
2076 2378 2145 2418 per
2171 2367 2252 2406 loca
2277 2366 2390 2406 ditio·

1433 2430 1493 2467 nis
1524 2434 1614 2468 tuac
1636 2431 1805 2469 transire
1826 2431 2051 2481 contigerit,
2089 2441 2232 2468 nomen
2273 2433 2388 2469 tuum

1434 2491 1578 2542 ubique
1624 2493 1801 2543 gentium
1841 2492 2055 2532 extolletur
2085 2492 2122 2530 in
2153 2495 2259 2531 astra
2307 2491 2390 2531 lau-

1433 2553 1567 2594 dibus.

1486 2618 1543 2657 Ad
1582 2617 1901 2669 jurisdictionem
1949 2617 2074 2668 ipsam
2118 2615 2189 2656 hoc
2232 2626 2390 2667 quoque

1434 2681 1631 2730 pertinere
1658 2679 1918 2729 judicandum
1950 2684 2026 2727 est,
2067 2684 2109 2719 ut
2151 2691 2173 2718 a
2217 2680 2391 2730 principe

1434 2753 1517 2793 ipso
1547 2742 1694 2782 subditi
1724 2742 1935 2793 aliquando
1966 2742 2121 2793 publice
2150 2741 2388 2782 audiantur:

1434 2805 1537 2855 quod
1571 2810 1611 2843 01
1640 2805 1688 2844 ab
1718 2817 1788 2844 avo
1820 2810 1886 2844 tuo
1917 2804 2120 2856 Alphonso
2168 2804 2321 2855 Regum
2351 2814 2392 2842 o-

1437 2869 1585 2906 mnium
1619 2869 1760 2907 aetatis
1792 2873 1949 2907 nostrae
1974 2873 2054 2907 tam
2080 2867 2247 2918 justitia,
2267 2877 2388 2918 quam

1433 2932 1600 2969 caeteris
1632 2931 1750 2969 rebus
1780 2932 1902 2980 gestis
1932 2931 2166 2976 clarissimo,
2199 2933 2239 2968 et
2281 2928 2391 2967 dein-

1433 3004 1527 3043 ceps
1557 2993 1604 3031 ab
1636 2994 1782 3043 inclyto
1814 2998 1976 3043 parente
2007 2997 2087 3040 tuo,
2117 2990 2233 3041 cujus
2256 2992 2391 3041 singu-

1434 3056 1490 3094 las
1520 3058 1709 3105 actiones,
1735 3057 1846 3107 quasi
1871 3054 2032 3106 regendi
2061 3054 2250 3093 formulas
2293 3064 2390 3104 qua-

1433 3117 1544 3157 sdam
1576 3119 1754 3157 arbitrari
1785 3118 1991 3164 debemuS,
2015 3119 2144 3166 enixe,
2169 3120 2290 3166 atque
2310 3115 2388 3154 sol·

1432 3180 1535 3219 licite
1567 3186 1768 3220 servatum
1799 3191 1888 3220 esse
1919 3179 2045 3218 video.
2068 3179 2130 3218 Sic
2154 3178 2258 3216 enim
2287 3176 2387 3216 mul-

1431 3243 1482 3281 tis
1510 3244 1760 3282 contumeliis
1790 3243 1979 3283 nobilium
2021 3241 2218 3282 adversus
2259 3238 2388 3278 humi-

1430 3304 1513 3353 les,
1544 3307 1810 3355 potentiorum
1843 3306 1878 3344 in
1911 3304 2137 3352 tenuiores;
2167 3301 2385 3342 aulicorum
