2517 4009
801 240 1332 283 POMPONATIUS

132 321 187 358 Do
217 315 488 358 Inventoribus
518 325 657 355 rerum
674 315 769 355 libri
789 317 860 355 ΙΙΙ.
887 316 1026 355 Venet-

81 394 151 434 per
174 381 345 422 eundem
362 411 372 427 ‚
407 379 519 418 4499.
550 379 585 417 8.
612 379 772 430 Argent.
799 391 847 418 ex
865 378 1029 418 aedibus

82 444 386 490 Schurerianis‚
418 441 532 481 4546.
565 442 600 479 4.
629 442 742 480 Basil.
771 443 882 481 4546.
908 443 942 479 8.
962 440 1031 479 Ρ3-

81 508 148 545 ris.
176 505 279 557 apud
311 504 403 544 Rob.
436 503 698 556 Stephanum.
725 505 837 544 4529.
859 505 892 542 4.
917 504 1029 543 4537.

82 569 115 607 4.
147 568 282 606 Libros
306 567 400 615 hos,
433 567 486 604 ait
515 567 706 613 Miraeus,
738 566 923 605 haeretici
948 576 1033 604 cor-

82 634 298 681 ruperunt;
329 628 396 667 sed
428 629 581 680 purgati
618 628 850 680 prodierunt
888 629 1031 667 Romae

81 691 197 732 4575.
226 697 267 731 et
297 692 412 731 4585.
437 692 673 730 Germanice
718 693 838 729 vertit-
880 695 1032 731 Marcus

82 756 249 794 Fatinus
277 754 458 804 Alpinus.
477 754 575 805 Aug.
593 754 707 793 Vind.
730 753 841 793 1537.
862 754 923 792 fol.
947 753 1034 802 (277

82 817 216 856 Italice
241 827 262 855 3
287 817 424 855 Franc.
450 816 610 859 Baldelli
643 815 725 854 Fir.
757 815 893 855 Giunti
919 815 1034 855 4587.

92 879 207 919 4598.
239 880 276 916 10
310 879 373 927 4,)-

131 940 333 980 Historiae
348 940 535 992 Anylicae
551 939 644 979 libri
661 941 724 979 XX
731 940 789 980 VI.
806 940 1033 991 Basil.apud

80 1004 307 1052 Bebelium,
343 1005 458 1044 4534.
490 1005 553 1043 fol.
584 1003 687 1055 apud
718 1004 907 1042 Thomam
932 1004 1036 1042 Gue-

81 1069 213 1106 rinum
237 1098 247 1115 ‚
280 1066 395 1106 4570·
428 1067 490 1106 fol.
668 1070 672 1073 '

134 1128 396 1180 Dialoyorum
425 1128 470 1167 de
493 1128 688 1181 patientia
713 1132 750 1167 et
779 1129 864 1180 esus
898 1128 1036 1181 fructu

81 1191 178 1232 libri
205 1193 280 1231 III.
310 1191 370 1231 De
397 1192 481 1231 vita
504 1191 683 1244 perfecta
712 1190 812 1230 liber
839 1203 954 1230 unus.
983 1193 1036 1230 De

79 1254 247 1294 veritate
277 1258 316 1293 et
340 1253 541 1292 mendacio
572 1252 672 1292 liber
701 1254 733 1291 I.
762 1255 816 1292 De
840 1253 1034 1306 prodigiis

81 1315 180 1356 libri
198 1317 271 1355 III.
297 1316 413 1356 Basil.
437 1315 553 1354 4545.
577 1316 614 1353 8.
636 1315 739 1365 (278
766 1317 901 1355 italice
926 1328 947 1355 a
974 1317 1034 1354 Fr.

84 1378 248 1418 Baldelli
284 1379 373 1421 Ven.
407 1376 548 1417 Giolito
580 1378 696 1417 4550.
727 1379 790 1427 8.)

134 1442 178 1480 D.
210 1439 472 1481 Clzrisostomi
500 1440 754 1492 Comparatio
778 1441 882 1492 reqii
902 1444 1035 1492 poten-

79 1506 208 1551 tatus,
238 1502 471 1542 divitiarum
500 1514 548 1541 ac
572 1503 845 1554 praestantiae
874 1502 928 1541 ad
957 1504 1036 1541 Μο-

79 1565 249 1605 nachum
279 1566 319 1605 in
346 1565 556 1605 verissima
587 1565 739 1605 Christi
781 1564 1036 1618 Philosophia

82 1629 396 1681 acquiescentem
425 1628 542 1668 Basil.
573 1629 688 1668 4533.
721 1629 756 1667 8.

133 1692 186 1730 De
212 1691 404 1744 prodiyiis
433 1689 546 1730 librii
565 1692 640 1730 III.
670 1692 786 1731 Basil.
818 1691 922 1743 apud
963 1694 1036 1731 Be—

80 1754 254 1803 belium,
281 1754 398 1794 4534.

138 1816 494 1857 Commentariolus
524 1830 564 1856 zn
594 1817 839 1856 Dominicam
864 1828 1035 1869 precem,

82 1891 173 1920 cum
203 1879 301 1918 libro
325 1879 372 1919 de
393 1881 680 1920 inventoribus.
705 1879 795 1919 ibid.
817 1879 920 1930 apud
942 1891 1039 1919 eun-

82 1943 193 1990 dem,
225 1943 337 1982 4536.

137 2003 434 2044 Emendationes
464 2004 624 2053 Gilclae,
650 2003 746 2044 libri
759 2005 812 2044 II.
830 2006 1034 2045 Gesnerus

85 2071 290 2107 memorat.

135 2130 194 2169 De
237 2129 499 2170 Praesulibus
535 2130 699 2182 Angliae
740 2137 1035 2172 commentatus

83 2198 156 2233 est.
189 2194 295 2246 Opus
321 2205 526 2245 nunquam
536 2193 711 2245 prodiit,
730 2206 934 2246 nunquam
951 2194 1035 2247 for-

85 2267 159 2295 san
180 2255 347 2307 prodire
375 2255 557 2306 diynum,
588 2255 691 2294 inter
720 2255 861 2295 exules
889 2251 1035 2308 Ang'ylos

83 2321 347 2356 asservatum.
382 2317 460 2356 Vim
488 2318 588 2356 enim
619 2317 702 2357 alia
725 2322 890 2371 praeter
927 2319 1035 2358 nuda

86 2379 244 2418 nomina
272 2383 391 2431 atque
421 2383 596 2432 tempora
626 2380 830 2432 complecti
865 2381 1035 2421 videtur.

85 2441 272 2482 Notitiam
286 2442 371 2493 ejus
381 2442 626 2494 Stapletonus
641 2443 746 2482 dedit
758 2445 1033 2493 (Princ.l.¹octr.

85 2507 113 2544 l.
146 2504 210 2544 43.
237 2515 270 2543 c.
301 2504 349 2553 7.)
382 2503 485 2543 hisce
512 2503 669 2544 verbis:
715 2506 911 2546 Habemus
953 2518 1037 2544 om-

86 2569 196 2607 nium
226 2568 535 2617 Episcoporum,
565 2578 665 2618 quos
683 2569 798 2606 annis
815 2579 914 2617 pene
933 2568 1036 2606 mille

83 2631 224 2681 Anglia
254 2630 416 2678 habuit,
448 2634 630 2681 paratum
660 2630 883 2680 catalogum
914 2634 953 2668 et
978 2641 1037 2667 or-

84 2692 237 2740 dinem,
254 2703 276 2731 a
296 2690 487 2742 Polydoro
503 2692 660 2743 Virgilio
678 2691 934 2742 descriptum.
959 2693 1035 2730 Hec

83 2755 360 2795 Wharthonus
390 2755 554 2806 praefat.
585 2755 679 2793 tomi
711 2755 739 2793 1.
776 2753 941 2805 Angliae
977 2765 1037 2793 sa-

85 2829 175 2858 crae
204 2830 241 2869 p.
273 2818 334 2857 44.

138 2880 413 2927 POMERIUS,
444 2879 534 2918 vide
580 2877 767 2918 Julianus
810 2879 1037 2929 Pomerius,

88 2943 152 2981 lib.
186 2943 240 2982 IX
283 2954 320 2993 p.
353 2943 441 2981 579.

142 3005 351 3044 Sermones
390 3004 590 3044 POMERll
622 3003 668 3042 cle
697 3003 851 3043 Sanctis
880 3015 948 3054 per
978 3005 1038 3042 Fr.

88 3066 331 3107 Pelwartum
358 3065 406 3105 de
433 3066 718 3113 Themcswar,
742 3066 946 3117 llaganoae
971 3077 1039 3116 per

92 3131 212 3169 Henr.
236 3129 355 3168 Gran.
384 3129 498 3168 4499.
527 3130 560 3166 4.
586 3129 640 3166 Dc
665 3129 836 3167 Auctore
862 3127 950 3166 vide
976 3128 1038 3166 lib.

87 3192 170 3232 XV.
200 3190 424 3231 Pomerium
454 3203 548 3230 vero
578 3191 679 3230 idem
710 3202 754 3229 ac
785 3190 1038 3240 Pomarium,

91 3254 129 3292 h.
159 3265 194 3293 e.
226 3254 366 3294 hortus
396 3266 626 3306 pomorum:
648 3258 688 3292 et
713 3254 854 3293 titulus
874 3258 936 3292 est
962 3264 1041 3291 me-

99 3317 327 3368 taphoricus
358 3317 454 3355 libro
484 3316 645 3356 inditus

140 3380 489 3428 POMPEJANUS,
515 3380 628 3418 Poeta
661 3381 894 3432 incognitus,
925 3379 1038 3430 cujus

1976 233 2052 271 309

1102 311 1295 363 quaedam
1319 313 1504 362 leguntur
1521 308 1721 348 Catalecta
1733 306 1834 344 inter
1850 304 2052 355 Epigram-

1105 379 1208 413 mata
1237 378 1277 413 et
1306 374 1503 412 Poematia
1533 375 1668 410 vetera
1699 380 1719 408 a
1749 367 1907 407 Pithoeo
1936 365 2053 404 edita.

1159 436 1434 485 POMPEJUS‚
1468 436 1506 474 S.
1537 434 1627 484 Syri
1658 430 1842 483 Episcopi
1875 428 2057 467 Ticinen-

1105 502 1160 539 sis
1184 499 1425 550 discipulus,
1459 508 1539 536 sec.
1568 495 1616 534 Il.
1651 494 1774 533 Vitam
1798 492 1969 543 Magistri
1995 491 2055 528 sui

1106 563 1314 613 scripsisse
1348 560 1518 608 dicitur,
1554 559 1609 596 sic
1653 561 1695 596 ut
1736 555 1881 594 Paulus
1924 554 2058 592 Diaco-

1106 636 1208 673 nus,
1238 625 1304 674 qui
1336 622 1504 662 eandem
1535 621 1657 658 vitam
1689 619 1872 669 scripsit,
1902 628 1951 655 ex
1995 616 2057 654 illo

1108 687 1329 738 profecerit.
1359 685 1419 723 An
1453 694 1546 722 vero
1576 683 1640 721 illa
1671 685 1749 728 sit,
1781 693 1899 732 quam
1945 679 2060 717 Boni-

1109 760 1185 788 nus
1213 748 1460 788 Mombritius
1503 751 1543 784 et
1586 747 1728 785 Surius
1758 746 1805 785 ad
1838 744 1875 782 d.
1905 745 1941 781 9.
1970 744 2061 781 Dec.

1108 812 1344 860 ediderunt,
1375 810 1551 850 nondum
1581 812 1750 850 constat.
1781 808 1878 849 Vide
1907 806 2063 846 Bollan—

1110 873 1204 913 dum
1237 878 1264 912 t.
1295 875 1327 913 ll
1359 875 1470 913 Febr.
1502 885 1539 923 p.
1571 875 1659 913 453.

1164 936 1280 976 Pauli
1309 937 1525 977 POMPILII
1557 937 1680 975 Liber.
1724 933 1769 973 L.
1812 933 1962 972 Annaei
1996 932 2065 970 Se-

1109 1010 1230 1038 necae
1260 1001 1348 1039 Vita
1377 999 1424 1039 ad
1453 1001 1644 1040 Joannem
1676 996 1832 1049 Lopimj,
1863 997 2064 1034 Decanum

1109 1063 1396 1112 Valentinum,
1423 1062 1565 1115 prodiit
1610 1063 1754 1101 Romae
1798 1071 1868 1112 per
1909 1057 2066 1098 Eucha-

1110 1130 1212 1166 rium
1245 1127 1398 1174 Silber,
1430 1127 1546 1166 4480.
1578 1126 1614 1164 4.
1642 1125 1835 1164 Maittaire
1861 1127 1953 1160 tom.
1984 1122 1996 1159 1
2029 1132 2066 1171 p.

1115 1192 1202 1231 406.
1233 1190 1327 1229 edit.
1360 1195 1508 1240 poster.

1166 1255 1308 1292 Petrus
1333 1251 1682 1291 POMPONATIUS
1698 1282 1708 1298 ,
1734 1251 1915 1288 Mantuae
1940 1246 1976 1284 d.
2003 1245 2063 1284 46.

1110 1316 1219 1366 Sept.
1251 1315 1366 1354 4462.
1398 1320 1541 1361 natus,
1582 1313 1730 1351 Patavii
1775 1308 2064 1359 Philosophiam

1109 1378 1245 1417 didicit
1291 1387 1311 1414 a
1357 1377 1470 1414 Petro
1501 1375 1734 1425 Trapalino,
1767 1372 1990 1422 ibidemque
2025 1375 2066 1409 et

1108 1440 1307 1479 Bononiae
1352 1438 1512 1485 docuit,
1551 1441 1734 1475 mortuus
1778 1445 1881 1473 anno
1924 1434 2065 1472 aetatis

1111 1503 1244 1541 LXIV.
1286 1502 1342 1539 De
1388 1501 1468 1538 vita
1513 1500 1617 1538 illius
1655 1498 1796 1537 evolve
1827 1498 2064 1535 Niceronum

1112 1570 1210 1604 tom.
1238 1564 1349 1603 XXV
1379 1563 1556 1602 Baelium
1589 1563 1626 1600 in
1660 1562 1826 1606 Lexico,
1856 1565 1895 1598 et
1932 1559 2065 1608 singu-

1111 1628 1233 1667 larem
1264 1626 1588 1666 dissertationem
1619 1625 1676 1663 Jo.
1707 1621 1881 1662 Gottlieb
1911 1620 2066 1667 Olearii,

1109 1692 1231 1729 Jenae
1263 1688 1377 1728 4709.
1405 1689 1438 1727 4.
1465 1687 1703 1727 Naudaeana
1734 1697 1819 1736 pag.
1847 1685 1908 1723 34.
1931 1688 1970 1722 et
1991 1682 2069 1721 Ad-

1109 1753 1281 1791 ditiones
1319 1763 1406 1802 pag.
1454 1751 1543 1790 464.
1573 1750 1595 1788 f.
1629 1749 1836 1788 Altamura
1868 1746 1963 1785 Bibl.
1995 1747 2067 1784 Do-

1110 1816 1308 1855 minicana
1340 1826 1375 1865 p.
1407 1815 1495 1853 249.

1164 1878 1318 1927 Scripta
1350 1878 1438 1927 ejus
1470 1877 1567 1915 haec
1597 1879 1721 1914 sunt:

1166 1942 1199 1980 4.
1234 1941 1468 1987 Tractatus,
1499 1939 1538 1977 in
1567 1951 1643 1990 quo
1675 1937 1906 1988 disputatur
1943 1945 2065 1985 penes

1109 2003 1204 2056 quid
1231 2003 1398 2043 intensio
1428 2007 1466 2041 et
1491 2001 1672 2041 remissio
1695 1999 1922 2053 formarum
1943 2001 2065 2035 atten-

1108 2067 1283 2116 dantur,
1309 2078 1377 2106 nec
1402 2066 1533 2105 minus
1552 2064 1742 2116 parvitas
1768 2067 1804 2102 et
1828 2059 2069 2113 maynituclo.

1108 2132 1258 2169 Bonon.
1295 2130 1398 2180 apud
1445 2131 1606 2168 Hieron.
1635 2125 1907 2173 Platonidem,
1954 2125 2070 2164 4514.

1162 2194 1199 2232 2.
1233 2193 1444 2231 Tractatus
1473 2191 1520 2229 (le
1546 2190 1777 2237 Reactione,
1809 2201 1900 2228 cum
1944 2190 2071 2237 Quae-

1107 2255 1231 2295 stione
1260 2255 1306 2293 de
1335 2255 1487 2292 actione
1516 2252 1632 2291 reali.
1662 2255 1796 2291 Borion
1857 2251 1974 2290 4515.
2006 2251 2067 2288 fol.

1162 2319 1197 2356 3.
1229 2318 1285 2356 De
1315 2314 1611 2355 immortalitate
1635 2314 1804 2353 animae.
1827 2312 1916 2351 ibid.
1953 2314 2067 2351 4516.

1109 2382 1144 2419 8.
1175 2381 1294 2419 Basil.
1327 2381 1440 2419 4634.
1474 2379 1533 2418 42.
1564 2378 1690 2416 Adest
1720 2378 1837 2414 etiam
1864 2374 1982 2413 editio
2008 2378 2070 2423 ty-

1111 2444 1172 2493 pis
1202 2443 1492 2481 recentissimis
1535 2452 1684 2480 excusa
1728 2441 1764 2477 in
1811 2437 1872 2476 42.
1917 2448 2067 2475 annum

1109 2510 1243 2543 tamen
1276 2506 1391 2544 4534.
1423 2504 1663 2555 praeferens.

1166 2568 1199 2605 4.
1230 2566 1418 2618 Αροῐοῃτά
1446 2566 1643 2605 adversus
1674 2565 1956 2605 Contarenum.
1997 2563 2068 2599 Bo-

1112 2640 1203 2667 non.
1238 2629 1351 2668 4517.
1383 2629 1419 2666 8.

1165 2693 1200 2730 5.
1238 2689 1513 2743 Defensorium
1557 2688 1645 2728 aclv.
1688 2687 1955 2739 Auyustinum
2001 2686 2067 2725 Ni-

1104 2753 1238 2805 phum.
1272 2756 1417 2792 Bonon.
1451 2753 1570 2792 4519.
1601 2752 1665 2790 fol.
2017 2755 2032 2778 ⁹

1164 2819 1197 2855 6.
1215 2817 1423 2855 Tractatus
1438 2814 1483 2854 cle
1504 2814 1716 2853 nutritione
1733 2817 1770 2852 et
1783 2813 2068 2864 aufflnentatio-

1109 2892 1168 2919 ne.
1188 2881 1320 2918 Bonon
1353 2879 1455 2929 apud
1476 2878 1584 2916 Hier.
1605 2877 1652 2915 de
1672 2875 1907 2916 Benedictis.
1926 2875 2065 2914 15211.

1164 2942 1201 2980 7.
1229 2942 1284 2980 Dc
1306 2939 1553 2980 naturalium
1578 2939 1785 2989 effectuum.
1813 2936 2067 2975 admirando-

1112 3016 1203 3042 rum
1225 3004 1356 3042 causis
1373 3035 1382 3052 ‚
1409 3004 1491 3042 sive
1514 3002 1559 3041 dc
1583 2999 1920 3040 Incantatiom'bus
1948 3000 2067 3050 Opus,

1112 3081 1137 3106 a
1168 3065 1270 3105 Guil.
1303 3066 1517 3105 Gratarolo
1546 3065 1706 3104 editum.
1738 3063 1852 3102 Basil.
1887 3064 2000 3102 1123ss
2029 3063 2064 3100 8.

1115 3132 1127 3169 4
1141 3130 1229 3168 569.
1263 3130 1298 3167 8.

1165 3192 1201 3231 8.
1234 3192 1341 3231 Idem
1371 3190 1494 3238 liber,
1525 3201 1613 3229 cum
1655 3187 1768 3228 libris
1800 3189 1839 3227 V.
1868 3187 1914 3226 (le
1943 3188 2066 3226 Fato.

1114 3253 1252 3293 Libero
1275 3252 1472 3302 arbitrio,
1504 3250 1868 3291 praedestinatione
1887 3282 1895 3298 ,
1924 3249 2065 3289 Provi-

1113 3316 1243 3355 dentia
1275 3316 1371 3360 Dei.¹
1398 3327 1472 3366 per
1502 3314 1663 3354 eundem
1695 3311 1964 3352 Gratarolum.
1998 3315 2066 3351 Ba—

1115 3379 1176 3418 511.
1210 3378 1323 3417 4567.
1357 3378 1392 3416 8.
