2533 4009
498 247 575 285 2815

499 319 664 356 .ci1·citer
693 314 777 360 CC.)
809 310 900 349 Cod‘.
932 309 1063 348 Cliart.
1108 310 1185 347 MS.
1216 311 1252 347 in
1285 311 1346 348 fol.
1378 311 1439 348 cli.

497 380 586 417 955
616 376 783 425 repperit
813 383 874 409 an.
908 371 1020 408 4774.
1051 371 1146 408 Lud.
1196 370 1444 410 Coltellinius

496 442 723 478 (Ru-[onens.
757 435 824 471 suit
857 433 945 469 dein
977 432 1014 468 F.
1041 433 1086 470 M.
1117 433 1261 471 March.
1286 433 1340 470 De
1360 434 1446 471 Ric-

495 500 646 539 earilis.
677 502 715 534 et
746 498 782 532 in
816 506 875 544 op.
914 491 1170 545 Biblioyrafi'a
1199 493 1294 532 delle
1320 495 1445 533 corri—

493 559 706 611 spondenze
735 568 805 594 eon
835 555 872 593 la
904 554 1064 593 Polonia
1095 555 1138 594 (li
1164 554 1250 595 Seb.
1291 556 1448 607 Ciampi

492 621 718 659 I·'ir.»1lb'39.
751 624 776 656 t.
807 619 829 656 2
861 630 944 668 pag.
976 619 1068 657 229.
1098 630 1207 669 seqq.
1235 619 1444 670 diligenter

493 684 737 721 illustratus
770 691 875 719 nunc
913 692 1032 731 prope
1064 692 1124 719 me
1154 676 1255 728 est.)

546 744 692 783 Calena
717 741 894 792 (Girol.)
932 743 1014 781 l'ita
1057 742 1099 782 (li
1136 742 1208 782 Pio
1244 745 1283 782 V.
1320 746 1442 783 Roma

496 806 603 845 ¹:38ss.
635 807 671 843 in
705 805 739 843 4..
769 804 962 856 ampliata
987 807 1108 844 Roma
1135 806 1249 844 4587.
1273 807 1306 844 8.
1334 807 1443 845 Man-

487 872 572 906 tom
606 870 619 906 4
633 868 720 906 5587.
752 867 786 906 4.
819 869 940 906 Roma
971 868 1037 907 474
1050 869 1084 906 2.
1117 869 1152 906 4.
1187 868 1249 918 lig.
1281 866 1445 907 Gabulii

494 932 575 974 ilo.
607 931 699 968 Ant.
731 929 864 968 Presb.
886 930 1069 977 Orator.)
1102 932 1155 969 De
1186 932 1266 968 vita
1306 932 1356 969 l‘ii
1397 932 1438 970 V.

488 993 631 1030 ltomae
667 992 776 1030 46οῖ3.
819 993 883 1030 fol.
913 991 1050 1042 Maffei
1085 992 1229 1042 (Paolo
1257 991 1442 1031 Alesson-

486 1055 581 1101 (Iro)
607 1055 689 1092 l’ita.
704 1053 800 1091 slis.
822 1053 888 1091 Pio
924 1055 959 1092 V.
986 1057 1109 1093 Roma
1132 1055 1245 1094 4742.
1273 1057 1306 1092 4.
1332 1054 1420 1105 fig.)

542 1115 728 1155 ,ilbertus
776 1117 911 1164 PIUS,
961 1118 1176 1167 Carporum
1230 1118 1440 1168 Princeps,

486 1191 604 1230 supra
635 1185 730 1217 tom.
762 1180 791 1216 4.
813 1191 898 1230 pag.
933 1179 992 1217 46.

540 1242 642 1289 (273.
676 1242 954 1280 Laudatissimi
986 1246 1025 1279 et
1057 1243 1203 1293 perrari
1231 1242 1443 1281 voluminis

485 1304 680 1342 adversus
695 1305 909 1343 Erasmum
936 1310 974 1342 et
1001 1305 1159 1343 Lutheri
1185 1316 1338 1343 errores
1364 1305 1444 1355 ple—

484 1369 630 1405 niorem
651 1367 711 1404 bic
733 1369 908 1405 notitiam
930 1378 1004 1404 non
1025 1368 1218 1417 ingratam
1239 1368 1317 1405 fore
1333 1367 1439 1406 duxi.

487 1431 540 1467 lle.
566 1429 716 1467 Alberti
743 1430 826 1467 vita
853 1429 938 1467 fuse
960 1435 999 1467 et
1019 1429 1222 1479 eleganter
1240 1440 1311 1468 suo
1334 1441 1441 1467 more

486 1493 522 1529 in
554 1491 623 1542 Op.
649 1489 864 1528 Biblioteca
899 1489 1106 1530 Modenese
1147 1496 1241 1529 tom.
1269 1492 1330 1530 1V.
1355 1493 1442 1530 Hie-

488 1565 570 1591 ron.
603 1555 632 1591 T
638 1554 842 1592 irabosclii.
862 1553 888 1591 Λ
899 1552 947 1591 lb.
965 1553 1032 1592 Pii
1053 1561 1124 1592 cle.
1145 1558 1307 1606 praeter
1324 1566 1444 1606 prae-

487 1614 673 1666 fationem
717 1619 754 1653 et
795 1615 925 1666 operis
969 1615 1257 1654 conclusionem
1300 1620 1380 1655 tres
1409 1621 1446 1655 et

491 1678 633 1727 vissinli
676 1678 834 1715 libriin
879 1677 980 1715 locos
1024 1677 1343 1717 lucabrate'onmn
1375 1691 1445 1718 va-

490 1740 592 1777 riar.
626 1740 789 1778 Erasmi
816 1743 883 1778 etc.
917 1740 1086 1778 Parisiis
1122 1739 1261 1791 praelo
1303 1740 1446 1779 Ascen-

488 1802 598 1840 siano
628 1804 740 1841 4531.
773 1803 794 1840 f.
825 1803 857 1840 J.
889 1802 995 1841 Badii
1027 1803 1240 1851 praefatio:
1272 1803 1412 1842 tabella
1433 1834 1442 1852 ‚

489 1865 632 1912 index.
666 1866 703 1902 1³.
733 1864 871 1903 l-'loridi
898 1865 1031 1903 Sabini
1055 1866 1319 1915 Epigramma.
1347 1865 1449 1903 Era—

489 1928 565 1967 sini
592 1926 754 1978 epistola
780 1927 896 1966 Basil.
929 1928 989 1965 Vl.
1022 1927 1074 1965 ld.
1107 1928 1190 1965 Oct.
1225 1928 1337 1966 4525.
1361 1927 1446 1967 Alb.

492 1992 703 2042 responsio.
731 1990 891 2028 Erasini
913 1989 966 2027 acl
985 1989 1274 2028 exortationem
1297 1989 1450 2029 Altera·

491 2053 691 2103 responsio
721 2053 835 2090 Basil.
869 2052 958 2090 idib.
990 2053 1100 2091 Febr.
1129 2053 1242 2092 4529.
1268 2050 1355 2090 Alb.
1382 2052 1449 2091 Pii

494 2113 704 2166 Praefatio.
726 2114 927 2152 Dictorum
951 2115 990 2152 in
1007 2114 1143 2153 llloria
1161 2113 1446 2166 displicentium

491 2177 679 2214 recitatio.
705 2175 750 2214 (le
771 2176 924 2227 jejunio
956 2180 992 2214 et
1019 2175 1140 2214 cibor.
1184 2175 1343 2215 delectu.
1391 2178 1446 2216 De

491 2239 704 2278 monachis.
732 2238 1059 2277 Certinoniaruin
1088 2237 1138 2276 ab
1172 2238 1349 2277 Ecclesia
1385 2251 1448 2278 re-

491 2305 693 2352 ceptarum
723 2301 903 2340 assertio,
937 2302 990 2339 De
1027 2304 1172 2338 ornata
1199 2300 1445 2352 templorum.

493 2365 546 2402 De
577 2363 790 2414 inzuyinum
822 2362 940 2402 cultu.
981 2364 1035 2400 De
1064 2364 1244 2402 Sanctor.
1277 2362 1385 2402 cultu
1415 2367 1452 2402 et

490 2426 696 2478 reliquiar.
728 2425 987 2464 veneratione.
1016 2426 1069 2463 De
1094 2425 1320 2477 praeconiis
1359 2426 1448 2465 Dei-

486 2503 615 2542 parae
641 2491 742 2529 etde
761 2491 815 2529 acl
836 2489 1058 2541 cataloqum
1082 2491 1151 2529 SS.
1183 2489 1449 2540 adscriptione

491 2555 544 2592 De
555 2553 714 2593 noviciis
730 2553 924 2604 Tlieoloqis
941 2556 977 2592 et
988 2551 1219 2591 scholastica
1237 2552 1450 2603 leeoloyia.

492 2618 545 2656 De
589 2618 627 2656 S.
672 2616 892 2666 Scripturis
939 2620 975 2654 et
1015 2626 1156 2653 earum
1196 2615 1446 2654 anctoritate.

492 2680 544 2717 De
572 2678 755 2730 mysterio
792 2678 993 2716 Trinitatis
1024 2681 1061 2716 et
1098 2677 1277 2728 dogmate
1321 2677 1452 2715 Arrii.

492 2742 548 2780 De
577 2740 777 2779 Sacerdot.
808 2745 845 2779 et
876 2740 1006 2790 Episc.
1036 2739 1279 2778 authoritate
1302 2744 1339 2778 et
1358 2739 1450 2791 fun-

492 2802 695 2842 ctionibus.
712 2803 766 2840 De
784 2802 963 2852 primatu
993 2804 1036 2840 Ι).
1071 2801 1189 2840 Petri.
1223 2804 1276 2841 De
1309 2803 1449 2841 consti-

493 2864 706 2903 tutionibus
749 2863 895 2902 Eccles.
926 2867 961 2901 et
990 2865 1062 2901 LL.
1102 2875 1162 2902 ac.
1207 2863 1447 2902 traditionib.

493 2927 686 2966 humanis.
719 2928 771 2965 Dc
799 2931 887 2965 vnto
918 2925 1172 2964 continentiae
1202 2929 1240 2964 et
1267 2926 1445 2964 caeteris.

496 2991 547 3028 De
570 2990 790 3039 eirqinitate
806 2993 842 3028 et
856 2987 1064 3027 caelibatu.
1093 2990 1144 3026 De
1175 2987 1444 3027 ,Matrimonia

492 3052 545 3089 De
562 3051 809 3102 consessione.
830 3052 882 3090 De
894 3051 970 3102 fide
991 3055 1027 3089 et
1044 3049 1245 3101 operibus.
1271 3052 1324 3088 De
1350 3048 1446 3088 bello

495 3118 528 3149 et
548 3115 644 3163 jure
669 3115 764 3152 eius.
787 3115 840 3152 De
868 3115 960 3168 jure
982 3113 1172 3162 jurando,
1203 3112 1262 3151 De
1290 3113 1447 3152 menda-

496 3175 552 3210 cio
579 3180 613 3211 el
641 3178 723 3213 eius
748 3175 1032 3226 prohibitione.)

548 3236 712 3274 ,loannes
757 3238 934 3288 Baptista
963 3239 1072 3277 PIUS
1101 3239 1358 3277 Bononiensis
1389 3239 1448 3275 vir

498 3294 636 3332 doetus
680 3299 888 3348 clarusque
932 3313 980 3338 ex
1012 3300 1186 3339 Beroaldi
1217 3301 1446 3351 disciplina:

500 3355 546 3391 de
571 3368 646 3406 qno
669 3359 828 3396 lovios.
853 3361 1029 3400 Gaddius
1060 3367 1153 3401 tom.
1180 3364 1215 3401 ⁶2.
1242 3373 1326 3413 pag.
1361 3362 1449 3401 494.

1404 241 1566 279 Plus

1519 316 1594 349 etc.
1639 311 1773 361 plures
1807 316 1964 352 veteres
1994 315 2217 366 [scriptores
2256 316 2467 356 illustravit

1520 373 1594 412 sub
1621 374 1767 412 saeculi
1792 374 1894 413 XVI.
1917 378 2025 416 initia
2046 409 2054 423 ,
2077 382 2120 416 ut
2144 382 2342 417 testantur
2369 377 2467 428 ejus.

1575 434 1890 475 Commentarius
1905 437 1945 475 in
1963 437 2145 478 Plautum
2168 440 2265 478 Ven.
2282 441 2377 479 4544
2405 440 2467 479 fol.

1571 496 1617 535 In
1634 497 1860 536 Lucretiam
1877 527 1885 546 ,
1902 500 2095 540 Bononiae
2114 530 2122 549 ,
2151 506 2191 540 et
2210 502 2329 540 Paris.
2352 502 2467 541 4544.

1519 559 1579 597 fol.
1605 570 1695 598 cum
1719 560 2001 599 retractatione
2039 562 2252 603 editionum
2287 575 2465 613 suarum,

1518 621 1672 669 Plauti,
1704 622 1896 671 Fulgentii
1913 653 1923 671 ,
1948 622 2095 662 Sidonii
2123 629 2163 663 et
2186 627 2378 666 Hortensii
2407 627 2469 667 Ci-

1517 684 1729 722 ceroniani.
1766 683 1862 722 Vide
1892 683 2058 723 Gesneri
2079 686 2181 725 Bibl.
2210 699 2295 738 pag.
2326 687 2414 727 388.

1572 746 1719 785 Comm.
1742 745 1781 783 in
1807 746 2026 784 Horatium.

1571 807 1715 846 Comm.
1739 809 1778 846 in
1804 807 1950 847 Valerii
1967 807 2381 860 FlacciAryonautz'ca
2396 844 2405 861 ,
2428 819 2468 852 et

1514 870 1823 920 supplementum
1854 871 1938 909 libri
1968 869 2032 910 IV.
2059 872 2102 910 V.
2135 870 2194 910 Vl.
2224 873 2335 911 4549.

1573 931 1702 970 Versio
1719 963 1728 980 ,
1752 935 1788 970 ec
1810 932 1932 971 Notae
1952 932 2006 970 ad
2030 931 2199 984 Orphei,
2215 936 2252 972 et
2274 933 2470 985 Apollonii

1514 992 1797 1043 Aryonautica.

1569 1056 1614 1094 In
1645 1056 1844 1095 Ciceronis
1874 1056 1928 1095 ad
1955 1056 2127 1096 Atticum
2156 1057 2366 1110 Epistulas.

1572 1118 1716 1158 Comm:
1734 1119 1774 1157 in
1792 1118 1987 1171 Epz'stolas
2003 1119 2162 1159 Sidonii.
2181 1121 2295 1160 Basil.
2315 1121 2417 1160 4542
2436 1122 2470 1160 4.

1571 1181 1616 1219 In
1645 1181 1978 1234 Metamorphosin
2012 1181 2155 1222 Ovidii.

1570 1244 1614 1281 In
1662 1242 1861 1295 Fulyentii
1885 1244 2163 1296 Mythologiam
2201 1246 2471 1285 commentarii

1516 1306 1706 1345 secundis
1735 1308 1842 1345 euris
1874 1307 2069 1345 meliores.

1567 1368 1845 1408 Annotationes
1887 1369 2039 1419 priores
2085 1373 2125 1407 et
2167 1370 2403 1421 posteriores
2433 1370 2471 1408 in

1514 1433 1623 1469 varia
1654 1435 1860 1470 auctorum
1893 1431 2002 1480 loca,
2033 1432 2152 1470 Paris.
2180 1432 2295 1470 4544.
2327 1431 2388 1470 fol.
2409 1433 2471 1471 cui

1513 1493 1837 1543 castigationibus
1862 1494 1899 1530 in
1919 1492 2119 1532 Ciceronis
2142 1492 2391 1532 Hortensium
2407 1524 2418 1542 ,
2434 1498 2474 1531 et

1517 1554 1555 1593 in
1591 1553 1788 1593 Thesauro
1820 1553 1966 1593 Critieo
1998 1554 2163 1592 Gruteri
2191 1559 2297 1593 tomo
2329 1556 2363 1594 4.

1571 1617 1762 1657 Carmina
1793 1617 1897 1654 Inter
1922 1615 2092 1655 Delicias
2122 1618 2334 1655 Poetarum
2358 1616 2475 1656 Italo-

1516 1691 1608 1718 rum
1631 1683 1669 1718 et
1692 1678 1794 1717 inter
1818 1677 1993 1717 illustres
2019 1679 2155 1717 Poetas
2177 1677 2298 1718 Italos
2318 1683 2410 1718 tom.
2436 1679 2473 1719 2.

1573 1741 1592 1764 *
1622 1743 1704 1781 Non
1749 1745 1843 1780 ante
1889 1741 2040 1779 multos
2081 1741 2154 1780 hos
2183 1741 2268 1781 dies
2303 1742 2474 1781 occurrit

1524 1805 1617 1844 mihi
1649 1804 1806 1842 libellus
1842 1804 1901 1857 Jo.
1943 1804 2144 1854 Baptistae
2174 1804 2225 1842 Pii
2255 1803 2474 1842 Continens

1522 1866 1790 1906 adnotationes
1818 1867 1904 1904 eius
1933 1864 1972 1903 in
1995 1863 2199 1904 Sidonium
2229 1868 2266 1904 et
2292 1864 2333 1904 in
2352 1866 2476 1904 Pane-

1519 1929 1691 1981 9iricum
1722 1927 1947 1967 Minoriano
1978 1931 2016 1966 et
2041 1928 2183 1967 Socero
2212 1928 2297 1967 eius
2325 1927 2474 1967 dietum

1521 1993 1626 2043 typis
1668 1991 1831 2030 Venetis
1873 2002 1936 2029 an.
1984 1989 2099 2030 4498.
2130 2001 2324 2030 excusum
2374 1991 2476 2029 Haec

1520 2054 1694 2105 profecto
1723 2053 1842 2091 editio
1886 2057 1926 2091 et
1970 2053 2237 2091 Basileensem
2269 2052 2331 2092 hic
2359 2051 2478 2092 adno—

1520 2121 1643 2154 tatam
1674 2119 1803 2153 aetate
1847 2114 2062 2165 plurimum
2093 2118 2281 2165 superat,
2316 2113 2478 2153 indicat-

1521 2190 1598 2228 que
1641 2177 1882 2228 opusculum
1916 2177 1952 2214 in
1986 2177 2270 2227 panegyricum
2299 2188 2322 2215 a
2351 2176 2480 2215 Fabri-

1520 2242 1579 2279 cio
1610 2240 1672 2278 hic
1702 2240 1896 2278 omissum
1929 2239 2180 2288 Quamquam
2218 2249 2314 2277 vera
2344 2239 2479 2278 scribit

1522 2302 1821 2341 Bibliotecarius
1865 2300 1960 2338 dum
1992 2300 2043 2338 Pii
2075 2299 2350 2339 adnotationes
2378 2302 2479 2351 prio-

1523 2375 1587 2402 res
1617 2368 1656 2401 et
1681 2363 1919 2414 posteriores
1941 2361 2068 2401 editas
2093 2363 2251 2401 Parisiis
2276 2363 2390 2402 4544.
2414 2362 2482 2402 de-

1526 2428 1683 2477 signat,
1715 2425 1810 2464 baec
1841 2429 1976 2463 tamen
2006 2423 2255 2464 admittenda
2297 2427 2392 2464 sunt
2431 2423 2480 2464 de
2531 2413 2533 2476 j

1526 2488 1852 2528 annotationibus
1881 2487 2079 2538 prioribus
2122 2487 2240 2526 simul
2279 2491 2319 2526 et
2352 2491 2482 2538 poste-

1527 2551 1693 2590 rioribus
1722 2549 1976 2588 coniunctim.
2022 2549 2164 2587 Prioris
2193 2550 2298 2587 enim
2329 2549 2478 2599 absque
2531 2555 2533 2563 ⁴

1527 2612 1806 2665 posterioribus
1837 2614 1873 2650 in
1899 2612 2027 2650 lucem
2051 2610 2133 2662 jam
2158 2611 2370 2662 productae
2399 2611 2480 2650 fue-

1527 2680 1615 2714 rant
1646 2676 1818 2714 Venetiis
1849 2685 1924 2713 una
1949 2685 2040 2712 cum
2063 2673 2149 2712 aliis
2180 2674 2295 2712 viror.
2324 2674 2501 2712 Doctor.‘

1526 2739 1686 2788 scriptis
1716 2736 1789 2775 An.
1822 2735 1937 2775 4508.
1967 2736 2005 2773 in
2037 2735 2101 2773 fol.
2133 2734 2153 2758 *

1578 2801 1686 2839 PlUs
1709 2797 1928 2837 Lottlzerius
1949 2826 1956 2844 ‚
1973 2796 2108 2849 junior
2124 2808 2242 2847 quam
2263 2798 2327 2848 qui
2344 2798 2478 2836 referri

1523 2864 1545 2901 a
1570 2874 1631 2900 me
1654 2862 1795 2900 debeat
1814 2892 1824 2908 ‚
1845 2859 2148 2910 NeapolitanuS,
2170 2860 2384 2899 Monachus
2407 2861 2478 2901 Ca-

1524 2925 1696 2962 sinensis
1725 2928 1764 2961 et
1793 2935 1843 2961 ex
1873 2923 2003 2961 Priore
2033 2923 2071 2961 S.
2104 2923 2280 2961 Severini
2307 2923 2479 2972 Neapoli-

1522 2991 1613 3024 tano
1639 2987 1860 3036 Episcopus
1891 2985 1934 3023 A.
1958 2984 2072 3023 4576.
2105 2983 2321 3023 Fundanus
2341 2983 2479 3023 defun—

1521 3054 1610 3087 ctus
1640 3049 1774 3087 Casini
1803 3048 1853 3085 A.
1881 3047 1996 3086 4592.
2021 3045 2070 3084 de
2094 3057 2171 3096 quo
2196 3045 2374 3085 Placidus
2393 3044 2495 3085 Dia-'

1520 3123 1644 3150 conus
1667 3110 1715 3149 dc
1741 3111 1963 3149 illustribus
1995 3109 2280 3149 casinensibus
2303 3119 2385 3159 cap.
2411 3108 2475 3147 23.

1575 3173 1920 3213 PLACENslNUS
1949 3172 2073 3210 Italus
2100 3172 2171 3210 Jus
2200 3175 2413 3220 utrumque
2438 3171 2476 3207 in

1522 3238 1651 3274 Monte
1696 3236 1912 3286 pessulano
1955 3234 2116 3283 docuit,
2145 3233 2274 3272 clarus
2303 3232 2404 3270 circa
2431 3231 2477 3271 Λ.
2522 3246 2524 3252 ’

1525 3298 1641 3337 4200.
1658 3299 1896 3348 scripsitque
1922 3298 1958 3335 in
1984 3296 2190 3343 Codicem‚
2215 3299 2254 3332 et
2270 3294 2476 3335 Summam
2522 3306 2524 3332 a

1525 3360 1778 3400 Judiciorum.
1801 3359 1895 3398 Vide
1925 3358 2186 3397 Tritbemium
2215 3365 2299 3406 cap.
2333 3355 2424 3394 424.
