2566 4009
889 279 1280 320 MARTINL'S
2022 283 2074 322 35

98 353 137 392 V.
166 353 204 390 in
227 351 346 388 tomis
378 347 669 399 Conciliorum3
696 351 780 390 Una
809 350 857 390 ad
891 350 1046 390 Eduar-

97 413 193 454 dum
218 413 246 451 l.
273 413 416 462 Regem
435 409 598 460 Angliae
623 411 671 449 de
696 411 826 451 duello
848 413 950 450 inter
975 414 1045 451 Ca·

89 475 217 514 rolum
240 475 385 524 Regem
410 471 562 511 Siciliae
585 478 625 511 et
642 475 800 513 Petrum
818 474 1043 524 Aragonum

88 537 235 587 Regem
260 533 520 586 prohibendo,
544 536 664 574 etiam
689 535 791 587 apud
821 535 1044 586 Agiirrium

89 601 185 636 tom.
211 597 247 635 3.
270 596 424 635 Concil.
451 597 612 647 Hispan.
644 609 728 649 pag.
767 598 855 637 534.
886 599 1046 636 Proces-

85 670 157 699 sus
187 658 345 698 habitus
364 662 501 697 contra
525 660 670 708 Regem
697 660 869 705 Petrum,
896 660 933 697 in
968 660 1043 698 Da-

92 722 212 760 cherii
238 721 436 772 spicilegio
464 725 556 758 tom.
578 721 614 759 2.
642 732 726 771 pag.
753 721 841 759 649.
869 722 975 770 (tom.
1003 720 1040 759 3.

87 784 182 823 edit.
211 793 336 821 novae
361 793 447 832 pag.
472 783 561 820 684.
586 782 689 832 689.)
712 787 752 821 et
775 782 956 833 ejusdem
981 793 1044 821 ar-

84 846 265 898 gumenti
296 844 471 894 Epistola
490 843 596 895 apud
626 844 825 884 Andream
852 844 905 884 du
936 844 1038 884 Che-

84 919 156 948 sne
180 908 223 946 Τ.
249 907 279 945 V
323 918 398 945 rer.
424 907 663 945 Francorum
690 918 776 959 pag.
807 907 898 946 874.
922 907 1037 946 Plura

84 969 189 1020 apud
213 969 403 1008 Bzovium
435 968 481 1007 ad
518 967 596 1007 An.
631 968 746 1008 1281.
773 980 810 1007 11.
836 970 885 1008 X.
908 974 948 1008 et
971 970 1038 1008 XI.

83 1034 204 1080 atque
235 1029 327 1068 inde
352 1032 389 1067 in
416 1030 679 1069 Conciliorum
707 1032 824 1069 tomis
860 1036 905 1071 ut
933 1030 1037 1082 apud

84 1092 328 1131 Harduinum
355 1096 382 1130 t.
408 1092 475 1130 VII
491 1103 577 1143 pag.
602 1093 690 1130 889.
715 1093 916 1144 Epistulae
937 1093 1040 1132 XIII.

83 1153 188 1205 apud
214 1152 487 1203 Waddingum
513 1158 609 1191 tom.
641 1156 676 1192 1.
700 1155 831 1193 3111131.
857 1154 950 1193 Ord.
976 1155 1044 1193 Mi-

82 1227 165 1254 nor.
189 1214 237 1253 ad
257 1215 329 1253 An.
354 1215 468 1253 1281.
501 1215 616 1253 1285.
642 1220 683 1252 et
707 1216 744 1252 in
770 1216 1001 1266 appendice.

84 1276 88 1279 '
133 1275 391 1315 MARTINUS
414 1275 460 1313 V.
491 1276 593 1325 Papa
622 1276 671 1313 ab
694 1276 948 1316 Α111101417.
980 1281 1043 1319 11.

81 1339 178 1378 Νον.
220 1338 258 1375 111
288 1336 464 1375 Concilio
499 1337 797 1376 Constantiensi
833 1350 960 1389 usque
991 1340 1039 1379 ad

81 1411 145 1438 an.
185 1399 297 1438 1431.
339 1398 449 1436 Febr.
472 1398 537 1435 20,
567 1399 634 1448 qui
661 1399 696 1435 in
734 1400 929 1450 epitaphio
966 1413 1038 1440 suo

82 1464 302 1512 temporum
315 1470 480 1499 suorum
496 1458 668 1511 felicitas
684 1460 916 1510 appellatur.
936 1462 1040 1500 Gen-

85 1522 200 1561 tilitio
224 1523 383 1560 nomine
405 1526 521 1559 antea
545 1526 714 1560 vocatus
738 1521 817 1559 Odo
837 1521 1042 1562 Columna.

83 1585 140 1623 De
183 1582 360 1623 Concilio
397 1584 622 1622 Dortusano
662 1595 740 1633 quo
784 1585 972 1623 Tortosae
1002 1587 1040 1624 in

83 1646 270 1697 Hispania
296 1645 546 1684 Clementem
564 1646 664 1683 VIII.
686 1646 912 1696 antipapam
935 1648 1043 1686 abdi-

81 1719 173 1747 care
203 1719 272 1752 se,
302 1711 343 1745 et
379 1707 613 1745 Cardinales
642 1708 708 1757 qui
740 1719 832 1747 cum
864 1710 948 1759 ipso
984 1710 1039 1748 fe-

83 1774 221 1809 cerant
256 1781 470 1819 agnoscere
506 1780 549 1807 se
588 1773 628 1808 et
672 1769 883 1809 Schismati
928 1772 1042 1823 longo

84 1832 203 1870 finem
233 1833 434 1881 imponere
464 1832 618 1880 coegit,
641 1831 732 1869 vide
763 1833 952 1871 Bzovium
992 1833 1039 1872 ad

82 1894 157 1932 An.
195 1893 311 1932 1429.
344 1904 380 1930 n.
410 1891 473 1931 48.
506 1893 568 1930 82.
608 1894 836 1943 Agvirrium
868 1900 963 1933 tom.
1005 1897 1042 1934 3.

84 1955 230 1994 Concil.
262 1956 423 2004 Hispan.
453 1966 539 2005 pag.
571 1955 660 1993 648.
691 1961 766 1993 etc.
806 1956 906 2006 Ejus
950 1957 1044 2008 Epi-

85 2015 210 2056 stolae
235 2017 297 2055 IV.
321 2015 377 2054 ad
400 2015 649 2055 Uladislaum
671 2016 856 2057 Poloniae
876 2021 1017 2070 Reyem
1033 2050 1042 2068 ,

88 2079 126 2116 in
155 2079 214 2116 Jo.
244 2079 346 2117 Petri
377 2078 426 2128 de
457 2078 649 2129 Ludewig
682 2080 858 2130 reliquiis
903 2093 1043 2120 monu-

89 2145 314 2179 mentorum
345 2141 495 2178 vcteris
525 2142 611 2179 aevi
643 2145 737 2179 tom.
771 2142 811 2180 V.
845 2154 929 2193 pag.
963 2144 1040 2183 493

89 2201 178 2241 405.
209 2202 296 2240 408.
329 2202 419 2241 410.
448 2202 559 2240 Aliae
588 2204 766 2253 quinque
802 2204 858 2242 ad
896 2205 1040 2243 Heari-

86 2274 176 2302 cum
197 2265 338 2315 Reyem
376 2262 568 2314 Anyliae,
593 2276 678 2315 pag.
706 2266 796 2304 411.
828 2267 918 2305 413.
949 2268 1037 2305 414.

88 2326 176 2365 416.
205 2325 294 2366 417.
329 2327 413 2365 Una
440 2325 496 2364 ad
537 2327 756 2365 Henricum
801 2328 1042 2367 wintonien-

88 2397 170 2426 sem
198 2389 439 2438 Episcopum
469 2399 556 2439 pag.
597 2389 684 2427 420.
715 2395 755 2427 et
784 2390 839 2427 ad
879 2389 1043 2429 Valenti-

86 2459 180 2487 num
206 2449 441 2499 Episcopum
464 2460 549 2499 pag.
582 2451 671 2488 422.
700 2450 839 2489 Bullae
863 2452 961 2490 XVI.
1000 2454 1037 2489 in

88 2511 227 2549 Laertii
257 2510 472 2550 Cherubini
502 2511 690 2559 bullario,
722 2517 816 2551 tom.
850 2515 863 2552 1
899 2526 934 2564 p.
959 2515 1036 2553 309

93 2581 179 2621 seq.
209 2572 246 2608 in
277 2571 422 2620 quibus
451 2582 538 2621 pag.
563 2573 638 2611 333
659 2578 721 2612 est
745 2573 901 2612 indictio
927 2586 1043 2625 qene-

93 2631 195 2671 ralis
227 2631 394 2672 Concilii
427 2631 676 2672 Basileensis.
717 2635 852 2674 Plures
883 2637 1043 2686 Bullae,

84 2694 284 2745 Epistolae
314 2705 358 2733 ac
388 2695 707 2735 constitutiones
738 2698 775 2734 in
819 2698 1040 2737 Annalibus

78 2757 240 2804 Bzovii‚
270 2756 461 2807 Raynaldi
506 2762 583 2795 etc.
617 2763 657 2796 et
689 2760 724 2795 in
771 2760 1037 2798 Conciliorum

82 2819 225 2866 tomis,
248 2822 369 2868 atque
394 2819 433 2856 in
468 2819 680 2858 Hermanni
711 2821 759 2859 ab
783 2821 903 2859 llardt
927 2821 1038 2860 Actis

84 2879 246 2918 Concilii
277 2879 600 2919 constantiensis
625 2885 651 2919 t.
682 2884 716 2920 1.
745 2895 777 2933 p.
801 2884 863 2922 21.
886 2884 949 2921 23.
972 2885 1034 2922 25.

85 2945 179 2980 tom.
202 2941 248 2980 11.
271 2951 359 2992 pag.
378 2941 442 2980 21.
468 2946 562 2980 toul.
587 2943 647 2981 IV.
673 2955 758 2995 pag.
785 2945 902 2984 1500.
929 2948 1043 2985 1518.

84 3003 201 3043 1536.
231 3012 316 3052 seq.
348 3002 463 3041 1559.
493 3003 606 3042 1568.
634 3015 715 3056 seq.
734 3007 924 3046 Iacobum
947 3009 1044 3045 Len-

84 3064 168 3104 fant
215 3075 301 3115 pag.
348 3063 437 3102 737.
472 3062 562 3102 748.
606 3065 695 3105 749.
728 3068 819 3106 758.
847 3069 936 3107 766.
968 3074 1043 3108 eto.

84 3127 222 3168 Sermo
245 3126 293 3165 cle
315 3123 584 3164 translatione
606 3129 782 3178 corporis
806 3131 847 3169 S.
870 3131 1048 3170 Monicae

84 3188 129 3227 B.
163 3186 379 3240 Auyuslini
409 3186 573 3234 Matris,
609 3188 719 3226 Osca
749 3191 935 3241 Romam,
960 3193 1041 3231 edi-

136 3338 170 3375 11)
192 3338 274 3371 Vide
294 3340 374 3372 Lud.
389 3340 503 3374 Jacobi
523 3339 606 3371 Bibl.
627 3340 837 3372 pontificiam
865 3349 940 3381 pag.
964 3341 1039 3373 161.

80 3390 152 3422 480.

1118 356 1185 390 1115
1208 363 1241 401 a)
1274 353 1418 391 Romae
1451 353 1551 391 1587
1581 353 1730 392 editore
1761 351 1985 404 Augustino
2012 354 2070 391 Fi-

1121 415 1292 461 vizanio,
1323 419 1363 452 et
1393 426 1430 452 111
1463 415 1632 453 Historia
1655 414 1974 465 Augustiniana,
2003 415 2077 452 To-

1119 473 1225 512 losae
1248 474 1341 512 1641
1380 485 1467 524 pag.
1500 474 1588 512 473.
1613 486 1843 525 quanquam
1871 485 1948 511 non
1976 474 2077 512 mul-

1120 539 1204 573 tum
1239 535 1289 573 illi
1321 535 1509 573 tribuunt
1533 535 1631 574 Acta
1663 536 1843 574 Sanctor.
1873 540 1971 573 tom.
2012 536 2073 574 IV.

1119 596 1206 646 Maji
1237 608 1324 647 pag.
1355 597 1443 634 488.
1475 607 1559 646 seq.
1604 596 1848 648 Approbatio
1911 596 2075 648 reyulae

1119 657 1404 697 Monachorum
1427 657 1760 709 Hieronymianue
1778 660 2009 709 praemissa,
2035 660 2073 696 111

1116 719 1356 759 editionibus
1386 719 1561 769 Operum
1584 719 1622 757 S.
1654 721 1908 770 Hieronymi,
1941 725 1984 759 ut
2009 732 2078 759 no-

1118 782 1282 820 vissima
1312 783 1370 820 Jo.
1402 782 1633 820 Marcianaei
1665 786 1759 818 tom.
1792 783 1834 819 Υ.
1866 794 1953 833 pag.
1983 783 2074 822 351.

1117 845 1421 883 Testamentum
1453 848 1493 880 et
1523 843 1794 882 Ceremoniale
1825 844 1966 882 Curiae
2000 846 2075 883 Ro-

1116 917 1285 955 manae,
1315 904 1418 955 quod
1451 906 1648 943 Manuscr.
1679 905 1717 942 in
1743 904 1839 943 Bibl.
1865 906 2075 945 Barberina

1115 971 1311 1006 memorat
1341 966 1437 1006 Lud.
1467 966 1638 1005 Jacobus
1668 977 1752 1017 pag.
1787 966 1876 1006 161.

1169 1029 1251 1078 (201
1291 1031 1330 1068 B.
1362 1027 1620 1068 MARTINUS
1642 1028 1849 1067 Generalis
1871 1030 1977 1067 Prior
2002 1029 2079 1069 Ca-

1117 1090 1376 1130 maldulensis
1401 1102 1419 1129 3
1440 1090 1478 1128 S.
1501 1090 1718 1129 Romualdo
1743 1091 1881 1129 XVIII.
1900 1103 1933 1130 a.
1962 1092 2078 1131 1354.

1120 1154 1314 1192 Generale
1332 1152 1559 1203 Capitulum
1577 1152 1697 1203 apud.
1715 1152 1752 1190 S.
1778 1152 1969 1191 Eremum
1981 1153 2083 1191 cele-

1118 1216 1272 1263 bravit,
1313 1217 1350 1252 in
1399 1226 1476 1264 quo
1518 1216 1671 1265 primus
1709 1216 1776 1253 ΡΙ).
1813 1215 2081 1266 promulgavit

1125 1277 1447 1324 constitutiones,
1468 1275 1613 1326 quibus
1637 1278 1766 1315 omnis
1790 1288 1908 1315 verae
1933 1277 2083 1316 Coeno-

1117 1339 1258 1377 biticae
1306 1337 1575 1376 instituendae
1617 1339 1725 1377 vitae
1771 1340 1964 1377 rationem
1995 1343 2078 1376 tam

1123 1399 1251 1450 quoad
1278 1400 1419 1437 Divina
1437 1410 1556 1448 quam
1579 1399 1706 1448 quoad
1724 1411 1880 1438 mores:
1903 1400 2080 1449 quinque

1119 1461 1229 1500 libris
1253 1460 1489 1511 complexus
1519 1464 1592 1498 est.
1624 1460 1795 1498 Omnino
1831 1459 1937 1510 digni
1968 1461 2079 1498 nobis

1121 1522 1420 1572 videnturquos
1437 1521 1556 1561 11111115
1580 1520 1810 1560 Β11)110111.ἰ.
1829 1522 1874 1559 Vl
1891 1522 1993 1572 juris
2010 1534 2081 1572 pu-

1117 1584 1204 1623 blici
1225 1585 1448 1622 faciamus«
1471 1582 1527 1621 lta
1545 1584 1582 1620 in
1602 1583 1856 1621 Centifolium
1871 1582 2081 1622 Camaldu-

1118 1647 1228 1685 lense
1254 1651 1416 1684 auctore
1454 1644 1683 1695 Magnoaldo
1714 1644 1956 1695 Ziegelbaur.
1979 1645 2076 1682 Ven.

1118 1709 1288 1747 Albrizzi
1315 1707 1432 1747 1750.
1463 1707 1527 1745 fol.
1558 1718 1643 1758 pag.
1680 1706 1743 1745 39.
1784 1706 1910 1757 Hujus
1950 1706 2080 1756 operis

1119 1771 1212 1811 Cod.
1242 1771 1415 1809 chartac.
1443 1780 1548 1809 saec.
1576 1769 1683 1808 XIII.
1709 1768 1772 1806 fol.
1804 1769 1870 1818 qui
1900 1767 1982 1819 jam
2009 1768 2082 1807 Ca-

1118 1832 1379 1871 maldulensis
1424 1831 1607 1871 Coenobii
1648 1832 1721 1869 fuit
1753 1830 1842 1868 inde
1879 1830 2073 1868 Dominici

1117 1896 1174 1933 De
1198 1894 1366 1933 Vecchis
1396 1904 1516 1944 prope
1547 1905 1609 1931 me
1640 1897 1714 1930 est.
1746 1892 1893 1931 Prodiit
1916 1902 2012 1930 vero
2037 1892 2075 1929 in

1120 1956 1344 1995 Annalibus
1373 1955 1467 1993 Ord.
1498 1956 1569 1993 PP.
1598 1954 1795 1993 Mittarelli
1822 1958 1862 1992 et
1885 1952 2079 1991 Costado-

1121 2020 1157 2056 ni
1179 2024 1210 2055 t.
1234 2019 1283 2056 VI
1306 2030 1342 2068 p.
1359 2018 1421 2055 66.
1441 2028 1525 2067 seq.
1543 2016 1640 2055 Vide
1665 2017 1793 2068 Supra
1817 2015 2074 2056 CAMALDU-

1119 2079 1315 2119 LENSES
1339 2083 1369 2117 t.
1394 2081 1408 2118 1
1442 2079 1531 2117 301.
1552 2079 1561 2127 )

1171 2144 1216 2180 Β.
1244 2141 1501 2181 MARTINUS
1531 2140 1716 2179 Sabariae
1762 2143 1880 2179 natus
1911 2141 1948 2177 in
1979 2141 2077 2179 Pan-

1121 2205 1265 2252 nonia,
1306 2205 1530 2254 Episcopus
1568 2202 1617 2241 ab
1664 2214 1726 2241 an.
1765 2203 1854 2241 375.
1886 2203 1922 2239 111
1953 2202 2078 2242 Gallia

1123 2267 1385 2314 Turonensis,
1407 2266 1623 2304 defunctus
1653 2264 1784 2303 Attico
1814 2265 2077 2315 Caesarioque

1118 2328 1254 2369 COSS.
1285 2329 1321 2372 b)
1353 2329 1425 2367 An.
1457 2329 1534 2366 397
1566 2329 1633 2365 xl.
1679 2326 1892 2365 Novembr.
1935 2329 2078 2365 aetatis

1118 2392 1180 2430 81.
1235 2390 1480 2434 (1011105501,
1530 2389 1732 2427 doctrinae
1775 2393 1815 2426 et
1854 2390 2078 2427 sanctitatis

1119 2452 1235 2491 laude
1264 2452 1620 2490 celebratissimus.
1650 2449 1750 2499 Ejus
1780 2451 1905 2489 vitam
1931 2456 1970 2488 et
1995 2450 2079 2488 lau-

1119 2514 1190 2552 des
1220 2515 1417 2563 scripsere
1462 2513 1636 2562 prosario
1680 2522 1865 2549 sermone
1912 2511 2072 2560 quidem

1120 2575 1350 2613 SEVERUS
1379 2573 1575 2624 Sulpz‘tius
1621 2573 1908 2611 GREGORIUS
1954 2574 2078 2610 Turo-

1121 2637 1278 2683 nensis,
1310 2635 1577 2674 ALCUINUS.
1626 2639 1665 2671 et
1694 2633 1795 2672 ODO
1823 2633 1955 2672 Abbas
1984 2634 2078 2672 Clu-

1124 2698 1324 2736 niacensis
1353 2707 1536 2735 sermone
1569 2697 1605 2733 in
1653 2695 1798 2733 festum
1840 2695 1877 2733 S.
1922 2697 2076 2733 Martini

1120 2766 1215 2797 tom.
1246 2760 1291 2797 V.
1329 2759 1505 2797 thesauri
1551 2756 1834 2796 anecdotorum
1875 2757 2074 2796 Edmundi

1120 2822 1294 2860 Martene
1324 2831 1412 2871 pag.
1443 2820 1532 2859 618.
1578 2819 1763 2858 Carmine
1793 2823 1925 2857 autem
1961 2818 2078 2858 PAU-

1122 2883 1268 2922 LINUS
1311 2885 1402 2932 (non
1441 2882 1616 2920 Nolanus
1646 2885 1690 2919 ut
1720 2882 1884 2919 Baronio
1914 2892 2076 2931 persua-

1121 2957 1210 2984 sum
1242 2944 1288 2982 ad
1334 2943 1582 2993 Martyrolog.
1621 2943 1737 2981 Rom.
1767 2943 1833 2980 XI.
1864 2944 1974 2991 Nov)
2005 2942 2074 2981 sed

1123 3006 1396 3046 Petrocorius:
1428 3005 1660 3045 SlDOML'S
1699 3003 1942 3055 Apollinaris
1984 3004 2077 3043 Car-

1122 3070 1226 3107 mine
1271 3067 1374 3118 quod
1408 3067 1467 3106 IV.
1510 3068 1570 3106 18.
1610 3067 1734 3115 Epist.
1779 3066 1950 3113 legitur:
1986 3071 2072 3105 tnm

1125 3131 1335 3170 Venantius
1387 3130 1514 3167 FORT
1522 3128 1652 3167 UMT
1660 3128 1720 3166 L'S
1734 3158 1744 3175 ,
1791 3128 2077 3168 tiulssERTUS

1118 3192 1252 3231 Abbas
1282 3190 1610 3236 GemblacensiS,
1641 3188 1689 3227 de
1720 3188 1867 3238 quibus
1907 3190 2075 3240 singulis

1170 3341 1205 3379 b)
1223 3338 1342 3371 confer
1358 3340 1513 3371 carolum
1530 3339 1558 3371 le
1574 3339 1691 3371 Cointe
1711 3343 1792 3371 tom.
1812 3339 1962 3372 Lunnal.
1977 3343 2080 3372 Fran-

1118 3399 1186 3422 cor.
1214 3398 1290 3430 pag.
1308 3390 1381 3421 205.
1405 3399 1472 3430 seq.
