2517 4009
1038 235 1178 276 ODO

110 308 149 347 S.
178 307 299 347 Mauri
329 316 443 358 prosa
474 305 663 356 scriptam
706 306 822 345 aliam
870 318 944 346 non
976 319 1066 346 esse

107 370 155 409 ab
183 381 241 417 ea,
271 378 374 420 quae
399 366 482 417 jam
511 367 604 406 olim
635 373 727 406 aute
757 368 936 408 Odonem
980 381 1068 420 pro-

107 431 246 479 dierat,
276 431 376 470 forte
405 434 539 469 tamen
570 431 618 469 ab
640 430 711 469 boc
736 431 820 482 ipso
845 431 981 471 Odone
1008 443 1067 470 re-

106 494 314 532 censitam.
356 492 533 531 Alteram
580 504 674 531 vero
719 491 846 532 metro
877 495 1064 544 scriptam

106 555 219 594 facile
248 554 340 594 huic
376 555 448 605 ipsi
493 554 617 593 Odoni
663 555 782 594 tribui
822 566 940 607 posse
976 567 1068 595 cen-

105 620 207 655 sent.
225 616 385 655 Monent
404 617 565 667 insuper
594 629 642 657 ex
673 618 895 657 Mabillonio
927 619 963 656 in
994 619 1068 657 Ac-

104 678 157 718 tis
185 678 255 718 SS.
284 678 574 718 Benedictinor.
600 685 614 718 t
657 681 680 718 2
712 692 749 731 p.
781 680 870 720 596.
914 681 1066 719 calamo

103 739 283 780 eiusdem
313 740 461 781 Odonis
477 741 610 781 deberi
641 744 903 794 Responsoria
936 744 972 781 in
1000 743 1066 781 ho-

102 814 237 842 norem
258 803 296 842 S.
314 803 483 842 Barolini
514 806 628 854 primi
660 804 827 844 Abbatis
858 806 1067 844 Fossaten-

103 865 172 914 sis,
188 876 292 916 quae
321 865 414 904 olim
439 867 476 904 in
502 867 629 905 officio
660 867 751 906 festi
775 867 955 906 eiusdem
977 878 1066 905 san-

100 928 154 966 cti
184 927 290 979 apud
321 928 560 968 Coenobitas
592 929 680 968 illos
710 930 970 968 canebantur.
1003 930 1022 952 ³*

153 989 255 1028 ODO
283 991 508 1030 Canonicus
548 992 756 1042 Regularis
787 992 826 1031 S.
867 993 1060 1041 Victoris,

99 1055 140 1091 et
167 1053 301 1099 Prior,
330 1057 451 1103 atque
483 1052 573 1092 inde
603 1053 737 1093 Abbas
766 1055 808 1094 S.
841 1053 1061 1106 Genovefae

97 1115 332 1154 Parisiensis
355 1115 460 1153 diem
490 1115 585 1154 obiit
614 1115 729 1154 Anno
760 1116 875 1155 4466.
901 1128 990 1155 cum
1014 1117 1058 1155 Α.

101 1176 217 1216 4465.
244 1176 468 1228 Philippum
493 1176 721 1228 Augustum
743 1178 888 1228 Regem
910 1177 1059 1217 Galliac

97 1238 148 1278 de
178 1239 286 1278 fonte
314 1239 501 1289 baptismi
545 1242 823 1291 suscepisset,
858 1252 977 1291 quem
1009 1243 1060 1278 ri-

97 1305 183 1341 tum
214 1301 421 1340 veteribus
451 1304 724 1342 monumentis
753 1314 990 1353 expressum
1014 1303 1060 1341 li-

96 1368 162 1403 cet
191 1363 324 1402 videre
355 1365 393 1401 in
423 1366 586 1402 Joannis
629 1365 824 1417 Ciampini
869 1365 1058 1404 disserta-

97 1427 206 1466 tione
244 1427 395 1465 inserta
423 1428 560 1465 Museo
589 1428 787 1467 Minervae
816 1428 991 1466 Venetae
1029 1432 1056 1465 t.

98 1490 135 1528 2.
166 1500 254 1540 pag.
282 1488 346 1527 78.
392 1500 477 1540 seq.
505 1495 546 1529 et
580 1491 619 1528 in
663 1491 870 1529 Mabillonii
916 1492 1055 1528 itinere

97 1551 232 1591 Italico
260 1562 348 1602 pag.
376 1551 439 1590 73.
470 1551 570 1602 Ejus
597 1551 798 1604 Epistolae
819 1553 901 1590 VII.
926 1552 1054 1591 editae.

98 1614 122 1653 a
148 1612 339 1653 Dacherio
367 1617 463 1652 tom.
493 1615 530 1654 2.
563 1626 650 1666 pag.
681 1614 759 1654 535
791 1614 900 1664 (edit.
929 1626 1054 1652 novae

99 1680 194 1716 tom.
224 1687 311 1728 pag.
344 1676 446 1726 529.)
477 1679 685 1716 Sermones
714 1677 818 1716 VIII.
842 1678 1058 1716 Manuscri-

99 1740 156 1791 pti
180 1739 218 1778 in
245 1738 389 1779 Codice
413 1739 605 1779 Abbatiae
630 1741 670 1779 S.
691 1742 875 1779 Victoris.
901 1740 949 1778 de
973 1741 1058 1790 qui-

98 1801 176 1841 bus
203 1801 388 1842 Oudinus
417 1806 511 1841 tom.
543 1803 579 1841 2.
611 1814 695 1854 pag.
729 1803 845 1842 4256.

153 1862 363 1903 Gerardus
391 1863 587 1904 ODONlS.
618 1865 743 1916 Supra
769 1870 800 1903 t.
823 1865 858 1904 3.
883 1877 920 1916 p.
943 1865 1003 1904 44.

158 1925 261 1967 ODO
289 1926 424 1966 Abbas
446 1925 778 1981 Glannofoliensis
803 1928 842 1967 S.
867 1929 987 1968 Mauri
1009 1927 1058 1966 ad

101 1989 271 2041 Ligerim
302 1989 396 2029 Ord.
427 1990 573 2029 Bened.
603 1989 677 2029 An.
710 1991 798 2029 868.
830 1992 867 2029 in
892 1992 1057 2042 gratiam

100 2051 258 2092 Almodi
297 2052 385 2091 sive
424 2052 656 2102 Adelmodi,
685 2053 958 2093 Archidiaconi
989 2055 1060 2093 Ce-

101 2115 360 2154 nomanensis
390 2116 551 2166 scripsit
579 2115 797 2154 Historiam
835 2115 1061 2154 translatio-

103 2175 168 2216 nis
190 2177 232 2217 S.
257 2177 399 2218 Mauri
421 2177 588 2217 Abbatis
615 2177 690 2218 An.
720 2180 808 2218 584.
833 2181 974 2218 aetatis
998 2179 1063 2218 92.

101 2239 309 2287 defuncti,
338 2252 442 2291 quae
471 2241 578 2280 edita
608 2246 671 2280 est
700 2244 738 2279 in
766 2241 878 2281 Actis
899 2243 1062 2281 Sancto-

100 2313 191 2341 rum
227 2305 322 2341 tom.
357 2305 392 2343 4.
438 2304 615 2342 Januarii
648 2306 681 2353 a)
712 2306 797 2343 XV.
827 2317 911 2356 pag.
945 2305 1058 2344 4054.

102 2365 218 2405 4060.
247 2377 340 2405 cum
370 2366 432 2404 Jo.
458 2366 637 2405 Bollandi
684 2369 802 2406 notis.
841 2367 893 2406 Et
923 2368 959 2405 in
986 2369 1063 2406 Ma-

101 2428 251 2468 billonii
285 2429 373 2468 Sec.
403 2428 466 2467 IV.
497 2428 583 2467 Act.
614 2429 861 2468 Benedictin.
890 2434 1002 2480 parte
1026 2430 1061 2466 ⁶2.

102 2501 190 2542 pag.
221 2490 310 2530 465.
341 2490 614 2530 Conferendae
643 2492 763 2529 etiam
789 2491 941 2531 Claudii
962 2491 1062 2530 Cha-

104 2552 260 2591 stellain
291 2556 408 2590 notae
437 2551 485 2591 ad
516 2552 837 2602 Martyrologium
867 2554 978 2591 Rom.
1012 2554 1060 2591 45

102 2616 189 2654 Jan.
212 2613 278 2654 ubi
300 2618 504 2665 praeterea
533 2613 582 2652 de
612 2613 696 2652 Vita
717 2613 896 2664 ejusdem
928 2615 1062 2653 Mauri

105 2688 223 2728 quam
249 2678 271 2716 a
291 2676 488 2716 FAUSTO
512 2677 700 2727 scriptam
722 2682 762 2715 ct
784 2677 1060 2727 interpolatam

104 2741 153 2780 ab
181 2738 317 2779 Odone
347 2739 567 2778 memoravi
594 2750 713 2790 supra
740 2743 835 2777 tom.
862 2740 896 2777 2.
923 2751 960 2789 p.
983 2739 1060 2778 556

105 2807 146 2842 et
175 2802 472 2841 veracissimam
518 2802 691 2853 appellat
735 2803 810 2840 Leo
853 2801 1062 2840 Ostiensis.

106 2865 251 2904 Confer
274 2865 460 2904 Carolum
493 2864 528 2903 le
557 2865 697 2903 Cointe
728 2869 821 2903 tom.
857 2865 889 2902 4.
920 2864 1046 2902 Annal

107 2927 290 2966 Francor.
323 2938 410 2977 pag.
442 2927 532 2965 608.

161 2987 379 3027 Guilelmus
408 2988 523 3028 ODO.
553 2989 679 3038 Supra
711 2993 791 3026 tom
828 2990 863 3027 3.
885 3000 920 3039 p.
945 2987 1036 3027 448.

159 3048 335 3091 Jacobus
363 3050 464 3088 ODO
494 3051 578 3088 sive
608 3049 656 3088 de
686 3051 849 3090 ODDlS.
880 3052 1005 3101 Supra
1033 3055 1060 3088 t.

109 3115 172 3154 lV.
202 3125 286 3164 pag.
318 3113 406 3151 305.

163 3176 356 3228 Maqister
379 3174 480 3214 ODO
504 3174 605 3212 infra
625 3204 632 3221 ,
659 3172 738 3212 Odo
761 3173 931 3212 Sliirton.

163 3329 197 3369 a)
221 3331 289 3360 Non
315 3327 511 3364 Februarii,
536 3330 572 3356 ut
595 3333 752 3356 excusum
778 3326 809 3355 in
840 3327 941 3364 Longi
979 3324 1065 3355 Bibl.

103 3382 186 3413 nist.
211 3379 334 3411 Galliae
356 3386 456 3418 quam
474 3379 545 3410 vide
566 3385 597 3407 n.
615 3374 708 3405 5098,
735 3374 829 3406 5020.

2028 247 2095 287 451

1193 310 1294 349 ODO
1324 311 1579 363 interpolator
1608 314 1718 353 Vitae
1749 315 1786 354 S.
1817 315 1986 357 MAURI.
2019 320 2096 359 Su-

1143 384 1209 422 pra
1227 404 1237 420 ,
1271 373 1350 431 Octo
1381 373 1722 427 Glannosoliensis.

1194 435 1294 474 ODO
1323 448 1372 475 ex
1403 437 1554 477 Abbate
1584 439 1784 490 Belliprati
1810 442 1943 482 Abbas
1973 445 2100 484 Mori-

1141 497 1367 538 mundensis
1397 501 1433 537 in
1466 499 1634 539 dioecesi
1665 501 1816 542 Galliae
1849 506 2098 558 Lingonensi,

1140 561 1231 600 Ord.
1263 562 1430 601 Cisterc.
1456 562 1674 603 defunctus
1699 566 1771 604 An.
1801 568 1897 607 4464
1930 571 2099 609 testibus

1141 624 1458 664 Sammarthanis
1488 630 1580 664 tom.
1609 628 1670 665 Ν.
1702 640 1786 679 pag.
1810 630 1885 668 674
1912 631 1976 670 ubi
2001 643 2099 684 opu-

1139 688 1248 726 scula
1279 687 1369 739 ejus
1399 689 1593 740 quaedam
1620 692 1640 727 a
1666 691 1841 743 Philippo
1866 694 2039 743 Seguino
2058 697 2096 733 in

1138 750 1234 788 Bibl.
1265 751 1566 801 Manuscriptor.
1599 756 1794 792 recensita
1841 761 1992 794 notant.
2030 757 2097 795 llla

1140 817 1236 850 sunt
1279 818 1495 851 memorata
1527 815 1646 853 etiam
1695 816 1851 854 Viscbio
1883 829 1968 867 pag.
2006 818 2097 856 954.

1137 875 1232 912 Bibl.
1263 875 1448 914 Cisterc..
1493 875 1549 914 De
1588 877 1938 929 siyiiificationibus
1967 891 2099 918 nume-

1135 947 1291 974 rorum.
1322 936 1381 975 De
1405 949 1662 977 numerorum
1688 940 1844 991 fissuris.
1879 942 1932 978 De
1958 940 2093 980 liberis

1135 997 1479 1049 appellationibus.
1526 1001 1583 1039 De
1623 1003 1821 1053 mysteriis
1856 1003 2096 1054 siqui-arum.

1134 1059 1195 1098 De
1214 1060 1363 1112 reyulis
1384 1063 1692 1112 θεηεναιίοηυηι.
1726 1065 1780 1103 De
1809 1064 2091 1116 coynitionibus

1135 1127 1172 1160 et
1191 1123 1582 1175 interpretatiom'bus
1608 1137 1879 1164 numerorum.
1903 1128 1958 1165 De
1972 1128 2094 1178 siqni-

1129 1185 1380 1238 ficationibus
1409 1187 1584 1226 unitatis.
1611 1188 1666 1226 De
1685 1187 1942 1228 relationibus
1968 1194 2005 1228 et
2023 1202 2089 1228 ea-

1130 1260 1222 1287 rum
1249 1248 1464 1300 mysteriis.
1488 1250 1659 1289 Lelando
1688 1261 1772 1301 cap.
1804 1253 1891 1290 480.
1921 1265 1957 1302 p.
1987 1254 2077 1292 213.

1131 1311 1194 1350 hic
1223 1316 1286 1349 est
1315 1310 1685 1358 Muremundensis,
1708 1313 1771 1351 ubi
1798 1315 1917 1352 refert
1938 1314 2081 1353 librum

1131 1373 1218 1422 ejus
1248 1372 1296 1410 dc
1326 1372 1536 1424 analyticis
1583 1375 1775 1422 ternarii,
1812 1382 2014 1415 servatum
2045 1379 2081 1414 in

1130 1435 1226 1473 Bibl.
1257 1435 1493 1474 Coriniensi.
1525 1438 1611 1474 sive
1651 1437 1975 1475 Cirencestrensi.
2015 1441 2086 1478 Ba-

1128 1497 1214 1536 leus
1247 1498 1310 1535 lll.
1339 1498 1399 1536 49.
1432 1503 1634 1548 praeterea
1666 1498 1756 1537 huic
1784 1498 1907 1537 Odoni
1933 1501 2080 1547 tribuit,

1128 1559 1176 1597 de
1197 1570 1274 1609 quo
1291 1558 1543 1598 dubitaverat
1569 1560 1768 1600 Lelandus
1785 1591 1791 1603 .
1811 1561 1845 1608 b)
1871 1561 2080 1611 Dialoqum

1128 1620 1175 1659 (le
1195 1619 1383 1672 reliqione
1406 1621 1639 1661 Christiana
1675 1626 1713 1661 et
1732 1622 1926 1670 Judazca.
1960 1627 2085 1663 Leone

1130 1689 1170 1721 et
1185 1683 1320 1723 Odone
1346 1685 1721 1724 interlocutoribus:
1745 1691 1945 1737 praeterea
1970 1686 2091 1726 Chro-

1129 1745 1245 1784 nicon.
1273 1747 1377 1796 quod
1411 1747 1561 1786 rectius
1593 1748 1768 1787 refertur
1796 1747 1843 1787 ad
1892 1747 2091 1788 Othonem

1131 1809 1449 1858 Frisingensem:
1468 1814 1587 1859 atque
1603 1809 1803 1861 analytica
1820 1822 2092 1860 numerorum,

1133 1882 1235 1920 quae
1265 1871 1286 1908 a
1315 1871 1444 1909 libello
1474 1870 1521 1909 dc
1553 1871 1676 1910 triade.
1707 1874 1791 1910 sive
1830 1875 2000 1911 ternario
2032 1874 2089 1911 di·

1134 1932 1344 1983 stinguens
1371 1933 1541 1972 lacobus
1571 1934 1696 1973 Faber
1726 1936 1843 1985 praef.
1874 1935 1920 1973 ad
1959 1937 2092 1975 Eucli-

1133 1993 1237 2042 dem,
1257 1994 1434 2034 Odonem
1456 1995 1561 2034 hunc
1575 1995 1895 2035 Mathematicum
1919 2000 2089 2047 peritum

1135 2056 1320 2096 celebrat.
1351 2058 1466 2096 Liber
1495 2057 1540 2096 de
1573 2057 1700 2097 tribus
1728 2057 1969 2097 hierarchiis
1990 2059 2093 2098 etde

1135 2116 1265 2156 tribus
1286 2117 1481 2169 yraclibus
1506 2118 1655 2171 quibus
1676 2132 1751 2172 per
1774 2132 1841 2159 eas
1860 2126 2091 2173 pervenitur

1137 2180 1188 2219 ad
1209 2180 1411 2220 Salutem:
1442 2187 1481 2219 et
1527 2181 1783 2220 Encliiridion
1813 2195 1881 2223 seu
1914 2183 2093 2234 dialoyus

1136 2242 1239 2281 inter
1268 2243 1505 2293 Mayistrunz
1535 2248 1574 2282 et
1611 2243 1847 2295 discipulum
1889 2257 1975 2283 cum
2024 2245 2095 2284 Mi-

1137 2305 1291 2356 crol090
1319 2309 1421 2344 artis
1452 2306 1628 2344 Musices
1646 2338 1655 2353 ,
1685 2308 1950 2357 Manuscripta
1990 2313 2091 2345 testo

1136 2368 1316 2414 Labbeo,
1356 2367 1501 2417 quibus
1530 2367 1629 2406 adde
1672 2372 1882 2406 tractatum
1909 2368 1956 2406 de
1980 2372 2088 2406 tran-

1136 2428 1301 2468 slatione
1334 2427 1599 2480 reliquiarum
1629 2430 1668 2467 S.
1699 2429 1899 2467 Benedicti
1932 2430 1977 2467 ad
2012 2442 2091 2468 nio-

1136 2493 1356 2530 nasterium
1390 2492 1648 2530 Floriacense.
1683 2492 1723 2529 ln
1756 2492 2087 2530 B.1·'‹=iloriCata-

1135 2554 1221 2602 logo
1251 2553 1510 2603 Manuscript.
1543 2553 1637 2590 Bibl.
1664 2553 1845 2591 Paulinae
1870 2553 2086 2603 Lipsiensis

1136 2626 1220 2664 pag.
1257 2616 1345 2653 464.
1389 2618 1632 2652 memoratur
1660 2613 1742 2651 Odo
1783 2616 2085 2653 Morimutensis.

1135 2677 1255 2715 abbas
1270 2675 1316 2714 de
1333 2675 1504 2714 transitu
1529 2675 1740 2714 Bernardi.
1763 2676 1868 2726 &pud
1891 2677 2084 2715 Labbeum

1139 2750 1222 2788 pag.
1249 2739 1339 2776 208.
1366 2738 1459 2776 Bibl.
1478 2739 1732 2789 Manuscript.
1757 2740 1961 2777 Sermones
1983 2739 2084 2775 ‹ido-

1137 2801 1197 2838 nis
1225 2800 1272 2838 de
1303 2800 1573 2849 Morimundo,
1605 2800 1695 2838 Ord.
1739 2802 1902 2838 Cisterc.
1934 2801 1990 2838 Ex
2024 2801 2084 2838 liis

1137 2863 1314 2901 nonnulli
1340 2863 1442 2900 obvii
1477 2864 1512 2900 in
1545 2863 1765 2901 combofisii
1800 2862 1878 2901 Bibl
1922 2863 2085 2900 Courio-

1139 2926 1301 2964 natoria.

1187 2986 1290 3025 Ono
1319 2987 1508 3026 Musteus.
1531 2989 1655 3037 Supra
1678 2988 1716 3024 S.
1745 2986 1824 3024 (ido
1850 2984 2085 3024 Clum‘acen-

1134 3049 1189 3087 sis
1207 3078 1214 3091 ,
1235 3054 1274 3086 ot
1304 3048 1643 3087 morimundensis.

1187 3109 1288 3149 01³0
1310 3123 1357 3148 ex
1385 3113 1550 3149 Cantore
1578 3112 1808 3148 Biturirensi
1844 3108 2084 3147 parisiensis

1136 3173 1374 3221 Episcopus,
1400 3173 1447 3209 ab
1469 3172 1512 3210 Α.
1539 3173 1660 3212 1107,
1685 3171 1730 3209 ad
1763 3172 1873 3210 ¹208.
1895 3170 2085 3221 cldequo

1189 3321 1222 3351 bl
1246 3323 1346 3360 Supra
1371 3329 1444 3360 prin.
1468 3321 1539 3352 -53-2.
1567 3324 1598 3351 in
1623 3321 1735 3351 odone
1766 3321 1866 3353 turcl.

1194 3372 1223 3405 υἷ’
1254 3371 1418 3401 «ibericus-
1445 3379 1517 3409 pag.
1542 3370 1614 3402 147.
1639 3372 1749 3402 (thrnn
