2566 4009
904 261 1320 303 MAu'rlNUS
2073 270 2123 309 37

114 334 321 375 destinatio
350 345 518 386 sequens
551 338 789 386 praesumat
809 365 816 384 ‚
837 335 968 375 dicens
991 347 999 372 :
1021 333 1071 372 de

113 402 269 438 caetero
309 408 425 436 nemo
457 396 550 434 mihi
591 399 784 437 molestus
815 399 891 437 sit:
921 398 964 447 a)
993 397 1073 447 qu

113 459 229 500 credo
259 460 299 499 in
336 459 541 499 Christum
578 463 616 498 et
656 460 758 500 hunc
803 460 1074 512 crucifiaeum,·

111 522 206 575 quia
227 534 316 562 cum
339 521 546 572 confitetur
562 521 690 573 filium
719 522 899 570 hominis,
920 521 1074 571 confite-

112 588 180 624 tur
203 589 241 626 et
261 584 456 636 Spiritum
479 585 696 632 Sanctum;
726 585 830 633 Quia
848 587 868 624 e.
908 583 1071 635 Spiritu

111 649 255 687 Sancto
278 650 316 686 et
333 646 466 686 Maria
481 645 636 697 viryine
655 646 854 685 Mediator
876 646 1070 685 nascitur.

112 710 212 750 Cum
236 709 443 760 confitetur
462 708 796 760 primoqenz'tum‚
824 720 982 748 necesse
1011 713 1072 748 est

111 771 158 810 de
183 770 380 822 unigenito
404 770 476 822 qui
504 770 767 809 testimonium
800 771 926 819 (licat,
946 782 1069 808 unum

110 838 149 873 et
165 832 291 873 solum
312 833 396 872 sine
419 832 570 883 oriyine
594 844 678 872 esse
696 865 705 881 ‚
729 846 769 872 ιη
790 833 948 872 tertiam
979 844 1072 884 per-

112 907 250 935 sonam
271 897 430 934 Patrem
451 895 656 946 confitetur
673 895 882 934 eoeistentis
904 895 1072 934 Divinae

107 960 293 1004 naturae,
317 958 453 1003 Lucis,
483 957 684 1008 Spiritus,
714 961 760 996 ut
787 957 890 1005 disci,
921 957 993 1009 qui
1012 968 1072 995 se-

108 1019 280 1059 cundum
297 1022 486 1058 naturam
504 1051 512 1068 ‚
533 1023 578 1057 ut
596 1030 723 1072 supra
744 1018 840 1058 disci
857 1051 866 1067 ,
889 1023 948 1058 est
967 1029 1071 1057 unus

107 1082 146 1121 in
161 1080 331 1129 duobus,
354 1084 392 1119 et
409 1085 576 1133 uterque
599 1081 640 1120 in
660 1081 831 1133 idipsum
849 1094 861 1129 ,·
885 1083 1007 1120 Pater
1030 1081 1071 1118 in

112 1143 242 1193 Filio,
278 1144 309 1181 F
312 1142 404 1182 ilius
435 1143 474 1181 in
505 1145 652 1190 Patre,
683 1145 805 1183 Pater
845 1143 884 1182 in
917 1143 1072 1194 Spiritu

105 1206 250 1245 Sancto
265 1236 276 1254 ,
302 1216 426 1243 unum
446 1204 486 1242 in
506 1206 654 1244 Sancta
681 1205 862 1245 Ecclesza
880 1235 887 1254 ,
908 1216 1012 1243 nunc
1035 1207 1073 1243 et

105 1267 146 1305 in
175 1265 418 1305 immortalia
446 1265 583 1305 secula
611 1267 863 1316 seeutorum,
888 1267 1025 1306 Amen.

160 1328 416 1368 MARTINUS
461 1327 622 1378 Abbas‚
653 1329 749 1368 Ord.
793 1331 932 1368 Minor.
961 1330 1069 1368 ,luris

107 1392 266 1441 peritus
303 1391 484 1442 aequalis
534 1396 656 1442 atque
701 1393 889 1431 aemulus
922 1391 1071 1430 Azonis

104 1454 207 1492 circa
224 1464 288 1492 an.
307 1454 422 1492 4200.
441 1454 539 1492 Eius
557 1464 753 1492 summam
769 1451 1070 1505 Alphabeticam

107 1516 215 1554 Juris
245 1515 380 1554 laudat
410 1515 663 1566 Waddingns
692 1528 780 1567 pag.
812 1516 903 1555 250.

160 1576 420 1616 MARTINUS
447 1576 674 1628 Alphonsus
703 1577 750 1616 de
795 1578 927 1628 Melo,
960 1580 1073 1618 Lusi-

109 1643 230 1678 tanus
258 1640 363 1678 circa
393 1651 456 1678 an.
481 1641 598 1679 4383.
629 1640 871 1688 defunctos,
900 1641 1071 1691 scriptor

104 1701 304 1741 Historioe
328 1701 397 1740 sui
418 1703 615 1754 temporis¹
634 1702 733 1742 Vide
749 1705 830 1743 Nic,
848 1703 1067 1742 Antonium

107 1766 178 1804 IX.
198 1764 234 1803 7.
256 1765 356 1804 Bibl.
381 1766 467 1804 Vet.
495 1767 692 1816 Hispanae
718 1767 754 1817 §-
785 1767 875 1806 332.

161 1827 417 1867 MARTINUS
445 1827 659 1879 Alphmsi,
679 1829 964 1875 Cordubensis,
991 1828 1070 1868 Au-

113 1892 436 1943 gustini-anorum
453 1891 635 1930 Vicarius
651 1892 860 1930 Generalis
882 1893 919 1930 in
941 1894 1077 1943 Hispa—

111 1955 202 1999 nia,
230 1953 364 1992 clarus
401 1954 507 1992 circa
545 1965 608 1992 an.
642 1955 758 1993 4470.
789 1955 888 1993 Eius
926 1956 1073 2005 scripta

107 2015 211 2066 apud
241 2015 466 2066 Philippum
499 2016 678 2055 Elssium
705 2019 792 2068 pag.
830 2017 919 2056 470.
957 2029 1074 2056 enco—

105 2079 274 2116 miastici
313 2077 625 2129 Augustiniani:
651 2084 692 2117 et
722 2081 804 2118 Nic.
844 2080 1066 2118 Antonium

105 2145 200 2179 tom.
224 2141 261 2180 2.
287 2141 383 2179 Bibl.
403 2146 484 2179 vet.
510 2142 674 2192 Hispan.
699 2154 785 2193 pag.
812 2143 905 2182 201.
931 2143 979 2180 In
996 2144 1070 2181 He-

105 2213 336 2252 acaemeron.
357 2204 402 2241 In
423 2202 624 2254 Epistolas
648 2203 767 2243 Pauli
780 2206 1069 2244 Comrnentarii

105 2269 146 2303 et
186 2265 463 2311 Quaestiones.
508 2266 556 2304 In
590 2265 872 2318 Apocalypsin.
913 2267 1069 2318 Loyica.

106 2325 371 2378 Philosophia.
394 2329 447 2367 Et
468 2329 682 2378 Hispanico
703 2359 712 2378 ,
736 2330 792 2367 De
810 2340 1010 2381 prospera
1035 2333 1073 2368 et

104 2388 280 2427 adversa
310 2388 489 2441 fortuna.
528 2391 681 2429 Hortus
719 2390 910 2430 nobilium
946 2392 1071 2443 Viryi-

108 2461 202 2489 num
227 2451 274 2489 ad
301 2451 512 2490 lsabellam
536 2453 742 2502 Reginam.
768 2454 824 2491 De
849 2452 965 2492 laude
987 2456 1072 2506 Ver-

102 2511 282 2563 9initatis
307 2511 354 2551 ad
381 2513 536 2563 puellas
561 2514 781 2564 religiosas.

158 2573 415 2613 MARTINUS
443 2573 656 2614 Alvevicus
680 2577 766 2614 sive
792 2576 841 2615 de
865 2576 1071 2617 Alveioiclc

104 2636 437 2676 Northumbriae:
469 2636 643 2675 Lelando
668 2648 752 2687 cap.
781 2638 871 2677 325.
895 2638 1068 2677 Alauno-

102 2697 289 2745 vz'canus,
317 2696 473 2749 Anglus
493 2698 586 2736 Ord.
612 2699 747 2737 Minor.
779 2699 998 2739 defunctus
1023 2701 1067 2740 Λ.

109 2760 227 2800 4336.
258 2761 420 2810 scripsit
441 2759 564 2811 flores
590 2764 810 2813 temporum
834 2763 921 2801 sive
947 2762 1070 2803 Chro—

102 2821 241 2870 micon,
271 2821 376 2872 quod
410 2827 453 2861 ut
481 2824 503 2861 a
533 2824 699 2861 Martino
744 2824 884 2862 Polono
928 2824 1070 2864 distin-

104 2888 271 2934 guatur,
297 2884 466 2923 Martini
485 2885 695 2924 Minoritae
720 2886 755 2933 b)
773 2887 961 2937 appellari
978 2899 1071 2926 con-

107 2945 268 2983 suevit:
301 2945 372 2984 hoc
403 2947 452 2985 ab
482 2948 592 2985 initio
623 2948 746 2986 seculi
779 2950 865 2986 sive
895 2949 944 2987 ab
973 2951 1067 2988 orbe

104 3005 264 3046 condito
313 3008 396 3057 ipse
427 3009 481 3046 ait
511 3020 553 3048 se
582 3000 721 3048 auctor
752 3010 990 3061 produxisse
1019 3013 1067 3051 ad

104 3068 150 3107 Α.
178 3068 296 3109 4290.
321 3070 475 3119 primus
495 3070 618 3109 edidit
645 3072 706 3110 vel
729 3072 904 3111 edidisse
930 3085 973 3113 sc
998 3086 1070 3125 pu-

105 3131 224 3179 tavit,
247 3129 464 3169 editionem
490 3133 597 3170 enim
625 3133 855 3174 Ulmensem
881 3137 927 3173 Α.
954 3137 1067 3175 4486.

105 3192 261 3232 Oudino
291 3197 388 3230 tom.
418 3193 440 3230 3
472 3205 557 3243 pag.
585 3193 674 3232 910.
702 3201 963 3236 memoratam
991 3211 1066 3237 non

160 3342 194 3382 a)
213 3343 318 3374 Galat.
337 3343 368 3374 6.
390 3343 440 3374 16.

165 3394 201 3433 b)
225 3395 270 3424 De
293 3392 422 3424 duobus
463 3395 696 3434 manuscriptis
714 3397 875 3436 Lipsiensi
894 3401 923 3428 ct
949 3399 1073 3430 Boroli—

1154 336 1286 373 innuit
1311 346 1354 373 se
1381 336 1586 385 vididisse)
1611 340 1672 377 .lo.
1696 340 1893 390 Georgius
1918 341 2122 380 licem-dus

1155 400 1250 434 tom.
1277 399 1290 436 4
1324 399 1508 448 Corporis
1531 406 1772 450 scriptorum
1791 403 1910 441 medii
1927 404 2014 442 aevi
2034 415 2121 455 pag.

1154 458 1269 498 4551.
1302 459 1433 498 addita
1465 472 1550 510 pag.
1584 464 1698 502 4634.
1728 464 1778 504 ed
1827 466 1945 504 4640.
1992 469 2121 505 conti-

1151 522 1342 559 nuatione
1373 522 1631 562 HERMANM
1663 526 1756 564 Ord.
1784 526 1822 565 S·
1847 526 2034 567 Guilelmi
2060 530 2123 567 Ja-

1149 584 1344 631 nuensis,
1375 583 1424 621 de
1450 596 1528 635 qua
1559 596 1680 636 supra
1725 593 1819 627 tom.
1865 590 1901 629 3.
1948 602 1984 641 p.
2030 590 2120 629 2:23.

1145 643 1315 683 Caetera
1345 647 1500 683 Martini
1531 647 1712 687 Alvevici
1743 652 1890 702 scripta
1921 652 2026 703 apud
2047 654 2118 691 Ba-

1144 706 1251 746 leum
1285 708 1327 746 V.
1359 709 1421 747 26.
1454 710 1630 748 Pitscum
1664 722 1748 762 pag.
1778 714 1865 752 432.
1910 717 1949 752 et
2001 713 2122 752 Wad-

1145 767 1310 820 dingum
1345 781 1429 820 pag.
1462 771 1552 810 2151.
1577 776 1701 810 sunt:
1730 773 2055 814 Commentarius
2078 776 2120 813 in

1146 830 1211 868 IV.
1245 830 1368 870 libros
1398 832 1720 879 Sententiarum,
1753 839 1793 873 et
1818 836 2116 888 Disputationes

1152 893 1183 930 T
1180 893 1406 945 lieoloqicae
1435 906 1484 933 ac
1511 895 1819 947 Pliilosopliz'cae.

1199 957 1456 996 MARTINUS
1466 957 1728 1009 Azpilcueta,i
1742 961 1827 999 nfra
1838 961 1901 1000 NA
1910 962 2039 1000 VARR
2048 963 2120 1002 US.

1199 1019 1455 1058 MARTINUS
1485 1019 1530 1059 tle
1561 1019 1701 1060 boscho
1729 1021 1913 1060 Gvalteri
1931 1023 2024 1062 Ord.
2052 1025 2121 1062 Mi-

1146 1092 1287 1119 norum
1319 1083 1615 1122 Turonensium
1652 1084 1908 1124 Guardinaus
1939 1086 2041 1123 circa
2072 1086 2117 1124 Α.

1145 1144 1261 1182 4445.
1295 1144 1458 1193 scripsit
1488 1144 1612 1183 vitam
1642 1145 1800 1184 Mariae
1835 1145 1883 1184 cle
1918 1146 2121 1186 Mailliaco

1144 1204 1261 1256 cujus
1290 1216 1312 1243 a
1342 1206 1673 1246 Confessionibus
1699 1209 1824 1245 sacris
1857 1208 2002 1257 fuerat,
2035 1210 2121 1248 edi-

1145 1270 1225 1305 tam
1257 1278 1347 1305 cum
1381 1270 1486 1306 notis
1517 1270 1553 1306 in
1580 1269 1692 1308 Actis
1713 1270 1891 1308 Sanc-tor.
1919 1275 1944 1308 t.
1973 1273 1994 1310 3
2019 1273 2119 1310 Mar-

1146 1330 1185 1365 tii
1217 1330 1280 1366 28.
1313 1341 1398 1380 pag.
1432 1330 1619 1368 737-747.

1199 1392 1457 1430 MAssTnx'US
1503 1393 1781 1432 Bracarensis.
1821 1395 1926 1434 Infra
1975 1395 2121 1435 Marti-

1146 1463 1222 1491 nus
1251 1453 1495 1493 Dumiensis.

1201 1514 1461 1556 MARTINUS
1495 1516 1760 1556 Carsulanus,
1788 1519 1917 1569 Snpra
1952 1525 2045 1558 tom¹
2094 1524 2107 1560 4

1146 1589 1237 1628 pag.
1269 1578 1359 1618 327.

1199 1640 1454 1681 MARTINUS
1478 1641 1524 1680 de
1551 1641 1661 1681 Clivo
1686 1643 1772 1681 sive
1791 1642 1944 1682 Clivius
1961 1644 2116 1696 Anglus

1143 1703 1360 1742 Monachus
1389 1703 1482 1742 Ord.
1502 1704 1648 1742 Bened.
1676 1705 1964 1744 Cantuarensis
1981 1709 2116 1746 seculo

1144 1765 1228 1803 XV.
1258 1764 1375 1814 cujus
1393 1765 1486 1804 nihil
1506 1771 1664 1817 praeter
1682 1767 1949 1807 Homiliarum
1966 1768 2117 1808 librum

1150 1829 1173 1865 a
1203 1828 1320 1866 Baleo
1351 1829 1436 1867 Xll.
1469 1829 1532 1868 24.
1559 1833 1599 1866 et
1630 1830 1760 1868 Pitseo
1805 1841 1890 1881 pag.
1937 1831 2027 1870 887.
2070 1845 2119 1871 ex

1149 1889 1295 1928 Nicolai
1326 1892 1498 1941 Brigami
1543 1892 1826 1930 venationibus
1869 1904 2004 1932 rerum
2038 1906 2120 1934 me-

1149 1952 1401 1991 morabilium
1436 1955 1645 1992 memorari
1680 1954 1808 1992 video.

1200 2015 1456 2054 MARTlNUS
1489 2014 1686 2068 Corbejus
1715 2019 1802 2056 sive
1832 2017 1880 2056 de
1927 2017 2120 2058 Corbenis

1146 2077 1368 2116 Tolosanus
1386 2107 1394 2126 ,
1415 2077 1756 2129 Augustini-anus,
1782 2080 1928 2119 charus
1955 2083 2121 2120 Bernar-

1145 2138 1194 2176 do
1224 2139 1274 2177 de
1304 2141 1541 2191 Rossergio‚
1573 2142 1884 2193 Archiepiscopo
1921 2144 2116 2182 Tolosano

1145 2202 1249 2240 circa
1280 2203 1354 2240 An.
1389 2204 1505 2242 4452.
1534 2204 1633 2254 Ejus
1663 2207 1810 2255 scripta
1830 2219 1838 2243 :
1862 2207 2118 2245 Commenta-

1146 2265 1191 2301 rii
1223 2266 1260 2302 in
1295 2265 1505 2304 Canticum
1539 2267 1796 2306 Canticorum
1827 2272 1864 2306 et
1892 2269 1931 2306 in
1961 2269 2117 2319 Episto-

1148 2324 1227 2363 lam
1254 2326 1374 2365 Pauli
1399 2327 1454 2366 aa
1481 2331 1689 2368 Romanos.
1725 2331 1771 2368 In
1802 2331 2003 2369 Canonem
2050 2333 2118 2369 Bi-

1148 2386 1304 2427 blicum.
1330 2391 1377 2428 In
1402 2391 1466 2429 IV.
1495 2389 1617 2429 libros
1641 2393 1951 2431 Sententiarum.
1970 2395 2024 2432 De
2041 2394 2118 2445 fide

1148 2451 1364 2491 Catliolica.
1398 2454 1452 2491 De
1483 2465 1640 2492 summa
1671 2454 1872 2492 Trinitate.
1898 2455 1945 2492 In
1974 2457 2119 2494 Decre-

1147 2512 1211 2550 tal.
1244 2513 1290 2552 de
1321 2513 1584 2553 celebratione
1625 2516 1857 2554 illissarum.
1907 2518 2117 2556 Sermones

1144 2575 1191 2612 ad
1223 2576 1376 2614 clerum
1404 2578 1696 2627 populumque.
1743 2580 2030 2616 (Iommcntarii
2076 2579 2116 2617 in

1145 2637 1330 2687 Loqicam
1354 2641 1391 2676 et
1410 2638 1626 2689 Pliysicam
1650 2638 1896 2687 Aristotelis,
1913 2638 2115 2692 librosque

1145 2698 1191 2737 sle
1214 2699 1370 2738 Anima.
1395 2702 1528 2751 Super
1551 2705 1681 2739 artem
1706 2705 1877 2739 veterem
1895 2702 2117 2750 (Gramma-

1144 2763 1262 2800 ticam
1296 2762 1390 2801 AElii
1424 2764 1592 2811 Donati.)
1627 2763 1723 2801 Vide
1752 2764 1916 2814 Philippi
1937 2765 2118 2803 Flsiien-

1144 2826 1423 2864 comiasticum
1456 2826 1795 2875 Augustinianum
1829 2838 1914 2876 pag.
1947 2828 2034 2865 469.

1197 2886 1454 2926 MAssTlNUS
1487 2887 1762 2926 Cremonensis
1786 2889 1918 2935 letus,
1947 2890 2117 2940 scriptor

1142 2950 1370 2999 glossarum
1405 2951 1440 2986 in
1489 2950 1596 2999 leges
1641 2950 1821 2994 Civilis,
1853 2950 2114 2990 adversarius

1144 3012 1375 3050 BULGARI.
1396 3012 1540 3049 Confer
1567 3013 1739 3049 Diariuin
1766 3011 2012 3050 eruditorum
2041 3014 2116 3051 lta-

1146 3074 1219 3111 liae
1250 3079 1343 3111 tom.
1378 3075 1426 3112 X.
1457 3086 1531 3124 pag
1578 3074 1666 3111 272.
1698 3075 1946 3124 propinquus
1969 3074 2115 3114 JoAN-

1146 3137 1225 3175 MS
1254 3136 1439 3174 Bossiani
1461 3138 1546 3172 sive
1573 3135 1762 3173 Bassiani
1786 3137 1888 3173 circa
1923 3137 1967 3175 Α.
2000 3139 2112 3176 11ἲί8.

1144 3198 1192 3235 dc
1223 3210 1300 3248 quo
1332 3209 1452 3248 supra
1486 3203 1578 3235 toln.
1613 3199 1644 3234 l..
1678 3210 1763 3248 pag.
1796 3197 1885 3236 327.

1148 3350 1240 3379 ncnsi
1266 3347 1340 3378 vide
1360 3349 1501 3378 massoni
1528 3349 1604 3379 hist.
1624 3350 1782 3380 (triticam
1808 3352 1897 3391 Reip.
1929 3351 2114 3382 littorariae

1155 3397 1278 3428 Gallice
1307 3396 1431 3428 editam
1452 3400 1540 3429 ’[οῐη.
1563 3401 1585 3428 x
1619 3407 1690 3440 pag.
1712 3399 1780 3431 12¹8.
