2566 4009
941 225 1340 266 MANASSES
2088 226 2134 263 13

205 299 382 352 Epistola
397 300 452 339 ad
471 298 708 351 Greyorium
729 300 857 339 VILin
874 298 1102 337 tomisCon-

149 362 269 401 cilior.
290 363 428 401 Labbei
444 363 541 412 X.p.
560 362 650 400 362.
665 358 1100 410 HarduiniV1.p.l569

148 427 223 462 etc.
239 424 576 475 confer.Gregorii
594 423 928 461 V11.lib.sextum
947 421 1052 471 Epa
1065 421 1099 459 3.

199 485 466 525 MANASSES
509 486 744 524 Svessorum
789 484 875 521 sive
925 483 1102 522 Svessio-

145 546 280 584 nensis
302 547 523 597 Episcopus
547 546 595 584 ab
616 545 691 584 An.
710 546 811 585 4403
826 543 872 582 ad
894 544 1010 583 4408.
1034 555 1103 583 cu-

141 605 209 657 jus
238 607 488 646 donationem
514 607 716 646 Ecclesiae
755 607 995 644 monasterio
1029 607 1102 644 No-

145 670 348 720 vigentino
374 669 515 708 factam
541 668 662 708 edidit
686 668 904 707 Dacherius
930 669 1033 706 notis
1052 669 1099 707 ad

143 730 379 770 Guibertum
404 730 713 780 Novigentinum
736 741 822 780 pag.
849 730 938 768 625.
961 741 1045 780 seq.

197 791 390 831 Antonius
409 790 778 840 MANGlNEi.LUS,
803 802 923 842 supra
944 795 1037 830 tom.
1065 795 1100 831 4.

144 865 230 905 pag.
257 855 346 892 449.

197 914 425 953 Dominicus
440 913 696 954 MANCINUS
713 918 871 965 praeter
895 920 1033 966 poema
1058 914 1105 953 de

138 977 326 1028 passione
346 975 510 1014 Domini
531 976 749 1015 Trithemio
772 988 856 1028 cap.
895 978 986 1017 955.
1022 978 1105 1016 lau-

142 1038 279 1077 datum
296 1069 306 1087 ,
327 1039 487 1089 scripsit
503 1038 585 1089 Jam
605 1049 727 1077 senex
754 1043 794 1077 et
816 1039 1011 1078 Friderico
1036 1040 1105 1078 Se-

142 1102 310 1139 verinati
330 1129 337 1146 ‚
361 1101 557 1150 Episcopo
582 1101 831 1139 Malleacensi
862 1101 1013 1139 dicatos
1047 1103 1105 1139 Li-

142 1163 249 1212 psiae
278 1163 378 1200 4546
402 1161 526 1199 edidit
550 1162 683 1211 elegos
708 1160 754 1199 cle
774 1166 950 1212 quatuor
971 1162 1105 1201 Virtu-

143 1222 272 1271 tibus,
298 1227 337 1261 et
356 1223 505 1276 Officiis
528 1222 583 1261 ad
612 1222 705 1262 bene
744 1222 929 1275 beateque
972 1235 1104 1263 viven-

141 1284 234 1324 dum
254 1283 571 1336 pertinentibus:
595 1290 685 1335 post
702 1286 892 1335 repetitas
909 1286 1103 1324 editiones

141 1347 259 1385 Basil.
282 1347 398 1386 4543.
419 1345 558 1385 Antw.
586 1345 702 1385 4559.
725 1346 859 1385 recudi
881 1348 1038 1385 curavit
1061 1348 1103 1384 V.

142 1409 184 1448 C.
210 1410 461 1448 Hermannus
481 1407 530 1446 ab
555 1407 679 1446 Hardt
701 1408 918 1446 Helmstad.
942 1409 1036 1447 4694
1067 1408 1101 1445 8.

143 1469 354 1520 subjuncta
378 1470 587 1509 MARTINI
622 1471 902 1509 Braccarensis
937 1470 1103 1509 formula

143 1533 334 1572 honestae
352 1532 619 1571 Vitae.*Eius
637 1536 834 1571 tractatus
848 1532 896 1570 de
919 1534 1105 1583 passione

143 1596 297 1634 Domini
324 1596 490 1634 metrice
513 1594 716 1645 descripta
747 1597 862 1634 cuius
887 1599 928 1633 et
952 1595 1107 1633 Trithe-

145 1651 256 1697 mius*
267 1657 556 1708 meminit,plus
566 1658 653 1696 vice
665 1658 835 1708 simplici
848 1657 976 1696 lucem
994 1668 1109 1708 aspe-

145 1719 221 1768 xit,
238 1719 383 1770 prodiit
401 1720 508 1757 enim
532 1720 570 1756 in
590 1718 626 1757 li.
645 1719 798 1770 absque
815 1720 912 1768 loco,
930 1724 970 1758 et
988 1731 1105 1768 anno,

144 1781 371 1831 iterumque
390 1781 427 1818 in
447 1781 470 1818 8
490 1780 643 1830 absque
669 1781 753 1819 loco
778 1785 818 1820 et
835 1792 954 1829 anno,
977 1792 1022 1820 ac
1042 1781 1109 1819 de-

145 1854 255 1881 mum
269 1854 448 1881 unacum
461 1844 692 1893 Hieronymi
706 1843 904 1882 Vallensis
923 1844 1110 1882 aliorum-

145 1915 223 1954 que
239 1905 364 1943 sacris
380 1905 636 1955 poematibus
657 1906 696 1943 in
724 1906 785 1944 42.
804 1905 969 1945 Antuer.
990 1906 1108 1945 4548.

201 1965 420 2006 Guilelmus
436 1965 786 2007 MANDAGOTUS
802 1969 888 2006 sive
911 1968 959 2006 de
983 1968 1110 2007 ΜΛΝ-

144 2027 364 2068 DAGOTO.
389 2029 516 2079 Supra
541 2033 640 2066 tom.
665 2031 702 2078 3,
727 2041 814 2080 pag.
842 2031 931 2069 444.

196 2091 368 2129 loannes
391 2089 439 2129 de
462 2091 802 2140 MANDEVILLA,
830 2096 856 2130 t.
883 2093 933 2131 IV
951 2104 989 2143 p.
1020 2093 1109 2131 385.

198 2152 298 2201 (495
318 2154 416 2192 Eius
441 2164 546 2204 opus
576 2154 711 2193 Italice
735 2165 878 2193 cusum
903 2155 1110 2193 Mediolani

147 2213 262 2253 4Ιι80.
285 2213 460 2265 Boloyna
489 2216 592 2254 4488
624 2216 738 2255 4497.
767 2218 891 2256 Venet.
912 2218 1029 2257 4494.
1047 2215 1110 2254 Fi-

143 2286 266 2314 renze
295 2276 497 2327 Moryiani
515 2278 619 2317 4492
636 2278 674 2316 in
702 2279 723 2316 4
746 2283 786 2317 et
811 2280 897 2318 Ven.
924 2279 1035 2319 4567.
1055 2280 1106 2326 8.)

194 2338 366 2377 Joannes
390 2339 752 2379 MANDWITHUS.
780 2345 808 2379 t.
832 2342 893 2380 IV.
921 2354 958 2392 p.
985 2342 1076 2380 336.

194 2399 547 2440 MANEGAUDUS
562 2433 574 2450 ,
599 2401 861 2453 Maneyala'us
881 2433 888 2451 ,
914 2403 1111 2454 Maneyol-

144 2459 220 2500 dus
242 2461 291 2499 de
316 2472 394 2511 quo
418 2462 655 2513 Anonymus
692 2465 932 2504 Mellicensis
955 2477 987 2504 c.
1015 2468 1103 2506 405.

146 2521 410 2573 Maneqoldus
437 2523 682 2575 Presbyter,
709 2525 990 2565 modernorum
1027 2538 1111 2565 ma-

142 2583 270 2634 yi'ster
292 2584 606 2635 mayistrorum,
628 2590 819 2625 strenuus
843 2592 1023 2626 assertor
1046 2600 1112 2627 ve-

143 2645 278 2684 ritatis
300 2644 404 2698 fuit,
430 2659 456 2685 a
471 2659 552 2699 qua
576 2659 646 2686 nec
666 2648 877 2699 promissis
899 2659 968 2687 nec
992 2649 1110 2688 minis

144 2707 390 2746 schismatici
409 2709 526 2759 Reyis
547 2709 582 2759 a)
605 2710 714 2761 flecti
731 2711 869 2762 potuit.
902 2711 1004 2760 Quin
1035 2711 1109 2749 imo

146 2770 187 2808 in
214 2769 456 2810 dissensione
492 2770 563 2809 illa
597 2783 700 2823 quae
737 2773 839 2811 inter
876 2774 1108 2825 (iregorium

146 2833 228 2870 Vll.
249 2837 290 2870 et
329 2834 543 2873 ilenricum
568 2835 629 2873 IV.
657 2839 804 2874 eoeorla
825 2835 929 2888 ficit,
949 2848 1026 2888 pro
1052 2840 1111 2874 tu-

148 2893 248 2932 enda
263 2894 428 2943 justitia
452 2894 655 2935 laboravit
691 2908 816 2949 usque
848 2898 903 2936 ad
939 2897 1110 2937 vincula.

149 2955 301 2994 Eaestat
321 2955 376 2994 ad
398 2968 485 2995 eum
510 2958 663 3009 scripta
693 2959 892 3010 quaedam
923 2960 1113 2999 eoehorla-

149 3017 312 3056 torialV
316 3017 431 3057 ONIS
440 3019 627 3072 Episcopi
642 3022 900 3061 Carnotensis
918 3021 1109 3074 Epistola,

148 3079 465 3131 (quadragesima
486 3082 841 3133 interlvonianas.)
858 3085 932 3123 Hic
954 3090 1110 3124 textum

149 3143 291 3181 Esaiae
315 3141 532 3194 Prophetae
558 3144 812 3195 paqinalibus
834 3145 1029 3185 clausulis
1054 3146 1113 3184 di-

148 3204 306 3244 stinoeit.
325 3205 456 3256 Super
476 3206 718 3245 Matthaeum
740 3219 835 3246 vero
853 3207 1009 3258 ylossas
1025 3220 1113 3247 con-

201 3345 233 3385 a)
259 3348 308 3377 lta
334 3350 430 3378 vocat
454 3347 553 3378 homo
588 3348 694 3386 Papae
711 3370 720 3385 ,
751 3348 930 3381 Heni-icum
962 3350 1010 3380 tv.
1030 3352 1113 3388 imp.

1178 300 1312 334 tinuas
1335 293 1488 334 scribit.
1518 292 1666 334 Scribit
1689 303 1843 345 quoque
1872 304 1993 346 super
2033 296 2136 334 Psal-

1177 359 1349 406 terium,
1375 368 1473 408 opus
1497 355 1920 408 praestantissimum,
1946 369 2067 410 super
2083 362 2138 396 to-

1171 419 1336 470 pazium
1362 423 1400 457 et
1417 429 1565 456 aurum
1588 416 1781 469 obryzum
1800 417 2034 469 pretiosum.
2060 421 2138 458 llu-

1172 481 1240 530 jus
1265 486 1308 520 ut
1333 480 1492 519 videtur
1507 481 1743 530 opusculum
1767 491 1836 530 pro
1851 479 2038 531 Gregorio
2058 482 2138 519 Vll.

1176 543 1245 582 sed
1268 542 1350 592 jam
1375 543 1565 581 defuncto
1590 547 1630 579 et
1656 547 1744 592 post
1768 553 1829 580 an.
1857 542 1957 581 4080
1983 547 2074 581 ante
2093 544 2138 581 Α.

1178 605 1272 644 4404
1321 605 1515 654 scriptum
1573 602 1769 642 adversus
1825 603 2141 655 Wolffelmarum

1177 667 1457 706 Coloniensem
1484 664 1606 703 edidit
1632 666 1935 705 laudatissimus
1970 668 2142 706 Murato-

1177 729 1259 767 rius
1286 733 1391 766 tomo
1415 731 1556 777 quarto
1581 726 1866 766 anecdotorum
1894 729 2139 775 Latinorum,

1178 791 1327 829 Patavii
1351 790 1452 828 4743
1480 789 1514 826 4.
1537 789 1646 834 Quae
1667 793 1801 826 autem
1828 793 1966 828 contra
1987 790 2142 841 Episto-

1178 852 1256 891 lam
1289 850 1487 892 Wenerici
1509 851 1753 900 scripturum
1773 861 1815 888 se
1839 853 2045 901 promittit„
2071 864 2141 891 nu-

1179 925 1320 964 squam
1346 917 1526 952 exstant.
1551 911 1661 951 Haud
1685 911 1803 950 dubie
1844 913 1946 951 idem
1985 915 2144 953 MAMI-

1179 975 1381 1015 GUNDUS
1405 979 1479 1021 est,
1507 986 1627 1025 quem
1654 976 1846 1013 ilenricus
1863 975 2143 1014 Gandavensis

1179 1051 1263 1089 cap.
1281 1039 1344 1077 28.
1365 1038 1424 1076 ait
1438 1037 1586 1087 inqenii
1598 1037 1665 1075 sui
1683 1041 1934 1076 monumenta
1956 1038 1995 1076 in
2016 1051 2139 1090 empo-

1179 1101 1318 1141 sitione
1343 1100 1592 1138 Psalrnorum
1619 1104 1659 1137 et
1697 1099 1967 1149 Epistolarum
2010 1101 2142 1147 Pauli,

1172 1168 1346 1215 posteris
1375 1161 1599 1213 reliquisse.
1626 1162 1725 1199 Huic
1757 1162 2001 1212 Manegoldo.
2040 1164 2144 1201 Teu-

1179 1227 1261 1263 toni
1301 1225 1419 1263 tribui
1453 1236 1475 1262 a
1512 1224 1719 1262 nonnullis
1754 1225 2073 1263 Commentarios
2104 1227 2140 1261 in

1183 1287 1376 1333 Psalmos,
1395 1286 1580 1325 Coloniae
1607 1286 1709 1324 4536
1727 1286 1788 1323 fol.
1813 1285 1954 1332 editos,
1975 1287 2143 1324 Miraeus

1180 1361 1229 1387 ex
1259 1350 1314 1386 Jo.
1346 1347 1498 1386 Molano
1530 1349 1752 1394 annotavit,
1775 1358 1876 1397 quos
1901 1352 2034 1386 tamen
2059 1348 2144 1386 RE-

1178 1410 1310 1449 MIGII
1335 1409 1676 1448 Autisiodorensis
1705 1410 1890 1460 Episcopi
1925 1421 2015 1447 esse
2039 1421 2145 1448 com-

1181 1473 1316 1512 munis
1336 1475 1399 1509 est.
1423 1471 1644 1521 persuasio.
1664 1472 1888 1510 Verisimile
1913 1472 2032 1510 etiam
2055 1472 2144 1510 Cla-

1181 1535 1338 1574 rissimo
1377 1533 1589 1571 Muratorio
1623 1533 1754 1570 visum
1785 1532 1833 1570 de
1864 1531 2001 1570 eodem
2035 1544 2144 1571 men-

1182 1600 1331 1636 tionem
1360 1596 1443 1634 fieri
1468 1597 1504 1633 in
1531 1595 1742 1633 Ptolemaei
1771 1596 1964 1633 Lucensis
1988 1594 2150 1632 Annali-

1182 1661 1258 1700 bus
1283 1658 1331 1698 ad
1354 1659 1427 1697 An.
1456 1657 1572 1696 4090.
1602 1658 1678 1695 Per
1702 1655 1804 1695 iclem
1826 1660 1978 1707 tempus
2010 1655 2151 1706 floruit

1183 1725 1223 1764 in
1251 1719 1440 1760 Teutonia
1476 1719 1641 1770 quidam
1678 1718 1962 1771 Philosophus,
1993 1718 2061 1756 cui
2083 1730 2150 1756 no-

1183 1797 1272 1826 men
1296 1782 1680 1825 MENEGALDUS,
1704 1782 1820 1832 cujus
1847 1793 1955 1819 umor
1988 1787 2025 1819 et
2043 1779 2151 1832 filiae

1185 1849 1227 1888 in
1256 1843 1508 1896 Philosophia
1530 1843 1696 1896 fuerunt
1715 1843 2014 1895 permaaeimae.
2046 1843 2154 1881 Ano-

1186 1920 1335 1962 nymus
1360 1906 1466 1958 apud
1491 1906 1694 1945 Andream
1717 1906 1769 1944 du
1792 1906 1949 1945 Chesne.
1974 1909 2070 1942 tom·
2088 1905 2149 1942 lV.

1185 1973 1234 2012 de
1265 1972 1385 2010 rebus
1418 1971 1601 2007 Francor.
1628 1979 1714 2019 pag.
1759 1967 1823 2006 89.
1862 1968 1944 2006 Hoc
1981 1971 2152 2017 tempore

1188 2033 1324 2075 tamin
1340 2030 1487 2070 Divina
1505 2041 1629 2080 quam
1648 2029 1688 2067 in
1704 2028 1880 2067 humana
1899 2027 2152 2080 Philosophia

1184 2097 1413 2148 floruerunt
1433 2091 1690 2145 Lanfrancus
1717 2091 2034 2131 Cantuarz‘orum
2058 2090 2153 2141 Epi-

1187 2169 1348 2210 scopus,
1385 2154 1510 2194 Guiclo
1544 2152 1862 2205 Lanyobardus,
1901 2153 2152 2193 MAffiGAU-

1185 2220 1284 2260 DUS
1324 2219 1594 2266 Teutonicus,
1634 2218 1770 2255 Bruno
1810 2216 2011 2256 Remensis
2034 2246 2041 2262 ,
2080 2227 2148 2267 qui

1180 2287 1320 2336 postea
1343 2281 1467 2320 vitam
1505 2279 1630 2318 duxit
1666 2279 1924 2318 eremiticam.
1960 2280 2052 2317 Fuit
2090 2277 2151 2315 hic

1183 2347 1371 2396 Magister
1395 2341 1740 2382 MANEGOLDUS
1765 2341 1811 2380 de
1846 2339 2069 2380 Lutenbach
2097 2341 2154 2377 in-

1187 2412 1248 2446 ter
1271 2408 1419 2457 primos
1440 2405 1665 2443 Canonicos
1691 2408 1731 2441 et
1752 2404 2006 2453 Praepositus
2027 2404 2153 2441 Cano-

1192 2470 1371 2507 nicorum
1399 2466 1652 2517 Regularium
1680 2463 2002 2503 Murbncensium
2023 2465 2060 2500 in
2088 2463 2154 2501 Al-

1190 2531 1302 2575 satia,
1330 2528 1378 2566 de
1404 2539 1482 2577 quo
1508 2526 1748 2565 Bertholdus
1773 2525 2096 2564 Constanticnsis
2114 2525 2151 2560 in

1185 2590 1404 2641 appendice
1430 2589 1478 2627 ad
1505 2590 1779 2627 Hermannum
1817 2588 2076 2625 Contractnm
2101 2585 2151 2624 ad

1187 2664 1250 2690 an.
1279 2651 1380 2689 4093
1407 2656 1447 2688 et
1472 2651 1574 2689 4098
1597 2654 1637 2687 et
1661 2649 1812 2686 Auctor
1839 2649 2014 2686 incertus
2034 2647 2080 2684 ad
2104 2647 2151 2684 A.

1187 2712 1302 2752 4090·
1329 2712 1432 2763 apud
1463 2711 1679 2749 Urstisium
1707 2714 1788 2748 tom
1824 2710 1859 2748 2.
1882 2721 1967 2759 pag.
1995 2709 2058 2747 83.
2091 2710 2152 2747 Di-

1186 2785 1331 2812 versus
1363 2774 1460 2813 adeo
1484 2775 1506 2812 a
1530 2773 1686 2811 duobus
1716 2771 1895 2821 ejusdem
1935 2772 2149 2821 temporis,

1186 2837 1500 2877 MANEGOLDO
1517 2834 1670 2874 Abbate
1695 2836 1734 2873 S.
1759 2833 1921 2884 Georqii
1943 2834 1978 2870 in
2004 2834 2150 2871 Svevia

1186 2911 1305 2950 quem
1333 2901 1354 2938 a
1379 2898 1580 2937 Monacbis
1620 2899 1704 2936 suis
1741 2898 1915 2935 occisum
1959 2895 1992 2943 b)
2029 2896 2149 2934 refert

1189 2962 1292 3000 idem
1312 2961 1553 3000 Bcrtholdus
1578 2960 1625 2998 ad
1652 2971 1713 2998 an.
1746 2958 1857 2997 4400.
1880 2962 1919 2995 et
1945 2959 1964 2995 ii
1990 2956 2151 2996 MANE-

1187 3025 1358 3064 GOLDO
1382 3020 1739 3063 Raitenburchensi
1762 3021 1916 3057 Decano
1936 3049 1943 3064 ,
1969 3018 2085 3067 cujus
2108 3020 2151 3057 li-

1188 3086 1302 3125 brum
1329 3098 1397 3136 pro
1421 3085 1652 3123 defensione
1678 3083 1856 3131 Gregorii
1886 3083 1963 3120 Vll.
1993 3094 2152 3132 compo-

1188 3149 1310 3186 situm
1339 3149 1422 3197 ipso
1447 3146 1576 3184 adhuc
1602 3147 1764 3182 vivcutc
1784 3174 1790 3190 ,
1814 3148 1947 3182 lamen
1982 3145 2030 3183 ab
2065 3146 2148 3195 ipso

1190 3221 1265 3247 uon
1287 3208 1547 3259 approbatum
1568 3211 1761 3244 memorat
1781 3206 2017 3247 Gerlacliius
2037 3218 2149 3257 prac-

1241 3350 1275 3387 b)
1301 3353 1380 3380 Acta
1406 3352 1558 3381 sanctor.
1586 3353 1666 3380 tom.
1689 3348 1720 3380 5.
1746 3349 1907 3381 Februar.
1930 3357 2004 3390 pag.
2034 3348 2089 3380 52.
