2533 4009
1419 282 1449 320 ll

903 330 1294 442 CYRIAGI
1354 363 1970 435 ANCONITANI

1090 484 1366 527 EPlSTOLAE
1389 516 1398 533 ,
1431 483 1494 522 ET
1525 476 1805 519 OPUSCULA.

728 626 789 665 ..td
817 627 1003 664 loannem
1039 619 1314 671 Palaeoloyum
1348 620 1493 658 Diuum
1523 613 1771 664 Αιιρῑιείιιηι,
1807 608 1947 660 Pium,
1981 610 2173 659 Felicem,

1145 674 1407 726 Byzantinum
1440 670 1748 719 Imperatorum.

1159 773 1383 807 cx'tttactts
1408 767 1558 804 ANCON
1568 766 1746 799 numus,

469 927 499 967 {1
524 887 696 966 Postea
717 939 835 978 quam
854 939 899 966 ex
922 924 1028 964 ltalia
1044 955 1053 970 ,
1071 924 1329 963 Sanctissima
1349 923 1411 961 illa
1487 918 1527 952 θῑ
1556 911 1823 951 Οθθῑίῖθῦῐθῐθδ
1853 911 2054 962 Principes
2077 913 2246 963 Legatus
2267 917 2333 953 tua
2354 925 2440 966 pro-

470 996 625 1040 peracta
649 990 821 1029 fidelium
851 992 1018 1037 unione,
1044 1000 1132 1027 sum
1160 1000 1220 1026 ma
1248 988 1302 1025 tui
1320 998 1410 1025 cum

471 1053 584 1091 laude
605 1054 835 1091 concessisti
861 1049 1050 1090 ωελυάινε
1067 1046 1322 1096 ’lucaman
1339 1051 1416 1088 Ma-

466 1115 652 1166 jestatem
672 1115 935 1154 felicissimam
957 1121 1064 1154 tuam
1092 1116 1333 1165 Byzantiana
1360 1114 1417 1150 in-

468 1177 571 1226 clyta
605 1179 685 1227 ipsa
711 1183 775 1216 tua
803 1179 839 1215 in
879 1179 1020 1228 Regia,
1052 1179 1226 1216 revisere
1258 1175 1415 1217 multis,

468 1240 701 1289 eximiisque
732 1239 992 1278 suadentibus
1024 1241 1174 1278 meritis
1218 1237 1416 1276 desidera-

468 1299 581 1341 bam.
611 1301 943 1340 excolendissime
975 1304 1173 1353 Princeps.
1207 1302 1353 1340 Verum
1380 1302 1418 1336 et

466 1363 496 1399 si
528 1362 711 1401 occiduas
741 1362 788 1402 ad
820 1369 952 1414 partes
983 1375 1044 1402 me
1078 1364 1256 1402 conferre
1291 1362 1418 1401 omni·

471 1423 583 1462 mode
615 1425 844 1464 maluissem
862 1453 871 1469 ,
903 1430 946 1464 ut
975 1425 1078 1476 quod
1105 1426 1153 1464 de
1181 1436 1286 1463 more
1311 1429 1420 1474 upta-

469 1484 571 1531 bam,
587 1487 619 1524 si
637 1487 728 1536 quid
747 1487 884 1526 iisdem
905 1488 1099 1527 nobilibus
1117 1488 1223 1533 locis,
1243 1494 1417 1524 nostram

469 1546 515 1585 ad
534 1546 637 1586 diem
660 1551 872 1588 vetustatis
896 1550 1057 1600 dignum
1084 1554 1266 1596 extaret,
1290 1550 1418 1599 inspe-

469 1612 694 1657 ctaremus,
727 1622 803 1648 non
849 1611 998 1662 absque
1030 1618 1067 1650 te
1098 1613 1269 1662 primum
1309 1611 1419 1657 viso,

473 1672 604 1708 tuisve
636 1671 812 1711 felicibus
841 1675 1029 1724 auspiciis
1060 1675 1161 1712 inter
1199 1676 1326 1723 ipsum
1358 1683 1421 1710 ca-

471 1737 580 1781 ptare
610 1735 811 1773 constitui.
842 1736 994 1775 lnterea
1022 1747 1140 1778 vero,
1170 1747 1260 1774 cum
1288 1734 1421 1773 {dibus

472 1794 771 1844 Septembribus
814 1799 989 1844 exactis,
1019 1798 1248 1848 Alphonsus
1279 1797 1341 1835 ille
1375 1795 1422 1833 lli

474 1866 651 1906 spanuS,
682 1864 722 1896 et
754 1860 927 1909 inclytus
957 1859 1155 1898 Ausoniae
1192 1861 1298 1906 Rex,
1329 1860 1423 1896 inito

473 1928 564 1956 cum
598 1920 782 1959 l‘ontiiicc
812 1921 989 1971 Eugenio
1020 1921 1201 1967 foedere,
1249 1926 1423 1959 nostram

475 1981 513 2018 in
546 1982 725 2020 Picenam
751 1984 994 2022 Provinciam
1017 1995 1106 2022 cum
1133 1984 1254 2033 copiis
1278 1982 1426 2021 adven-

478 2047 628 2090 tasset,
660 2049 700 2081 et
729 2056 815 2082 eam
849 2045 1047 2084 Ecclesiae
1078 2047 1214 2096 potiori
1246 2058 1292 2084 ex
1317 2050 1425 2096 parte

479 2103 651 2143 deditam
685 2108 950 2151 restituiiseh
983 2107 1076 2146 dum
1107 2107 1300 2147 Asculum
1340 2120 1426 2159 prc-

482 2173 623 2214 meret,
648 2180 695 2206 ex
722 2170 880 2208 Ancona
909 2172 1031 2208 Patria
1054 2170 1099 2208 ad
1126 2183 1215 2209 euni
1241 2183 1315 2210 una
1337 2183 1427 2210 cum

481 2229 524 2266 D.
553 2230 665 2268 Card.
698 2231 877 2270 Firmano
905 2233 1042 2272 eadem
1071 2235 1105 2270 in
1131 2235 1305 2284 provinci
1332 2234 1429 2272 l‘on-

481 2292 595 2330 titicia
623 2297 816 2342 potestate
841 2296 981 2343 Legato
1007 2297 1082 2347 (Ξ),
1115 2309 1176 2335 me
1202 2309 1320 2347 quam
1347 2299 1430 2337 avi-

481 2353 644 2392 dissime
673 2357 833 2395 contuli.
872 2356 940 2396 L'bi
985 2370 1075 2397 cum
1121 2359 1282 2398 brevem
1328 2360 1429 2399 hanc

483 2415 589 2455 hisce
621 2417 730 2456 vobis
761 2422 1036 2459 transmissam
1084 2424 1300 2461 orationem
1346 2424 1431 2462 suis

481 2489 610 2517 coram
632 2481 874 2532 Principibus
891 2484 1018 2534 Regiis
1035 2484 1070 2521 in
1091 2487 1256 2522 tentaris
1276 2485 1433 2524 habuis-

483 2551 591 2584 sem.
621 2553 664 2580 ac
695 2543 784 2582 inde
813 2545 885 2583 alia
917 2547 1018 2583 inter
1048 2546 1162 2597 digna
1201 2549 1352 2596 relatu,
1383 2549 1431 2587 de

485 2603 631 2653 ingenti
664 2606 890 2645 i‘annonum
925 2609 960 2646 in
992 2609 1141 2647 'Furcas
1173 2616 1306 2659 motu,
1353 2612 1431 2650 exi-

487 2667 562 2704 mia
591 2677 681 2705 cum
713 2667 905 2708 Cardinali
937 2671 975 2709 S.
1005 2671 1142 2723 Angeli
1176 2673 1316 2721 laude,
1354 2674 1435 2724 ple-

489 2740 610 2779 raque
631 2728 746 2776 digna
764 2733 938 2770 oratione
961 2734 1080 2773 relata
1104 2736 1299 2783 fuissent,
1327 2747 1436 2774 sum-

489 2802 550 2828 me
580 2790 818 2830 desideranti
859 2796 1018 2845 gloriam
1055 2798 1232 2848 principi,
1256 2810 1323 2848 pro
1347 2799 1436 2836 viri-

488 2855 561 2893 bus
591 2855 756 2894 suadere
785 2857 981 2903 conabar,
1013 2865 1054 2898 ut
1079 2860 1124 2898 ad
1148 2860 1435 2911 quiescendum

490 2916 666 2966 ltaliam,
697 2924 736 2956 et
766 2930 894 2970 ipsum
932 2923 1123 2971 optimum
1168 2929 1318 2974 patrem
1366 2924 1437 2962 hac

493 2980 528 3017 in
561 2983 809 3020 sanctissima
831 2985 1084 3035 expeditiune
1107 2987 1352 3026 lavitandum
1373 2998 1439 3025 no-

494 3042 607 3080 bilem
640 3044 843 3084 intendere
873 3048 1047 3086 animum
1081 3049 1300 3088 maluisset.
1344 3050 1439 3088 Sua-

495 3111 598 3142 serat
615 3110 654 3142 et
671 3106 839 3157 idipsum
861 3109 931 3147 sibi
952 3111 1219 3160 Byzantianus
1239 3112 1300 3150 ille
1318 3113 1441 3150 Theo-

496 3165 614 3204 dorus
644 3170 903 3209 Charis-tenus
933 3175 1114 3223 egregius
1144 3175 1284 3212 Orator
1321 3180 1440 3223 tuus,

498 3229 561 3276 qui
592 3232 857 3277 superioribus
895 3233 1033 3274 diebus
1076 3248 1121 3274 ex
1165 3237 1300 3274 eadem
1348 3237 1442 3275 urbo

500 3291 601 3338 regia
632 3296 696 3329 tua
728 3293 827 3333 hanc
852 3296 899 3334 ob
919 3308 1001 3335 rem
1029 3299 1151 3347 ipsam
1177 3299 1225 3337 ad
1253 3300 1442 3347 Venetos,

556 3371 599 3409 (l)
623 3372 749 3411 scripta
774 3386 827 3406 aii.
857 3379 945 3409 ΝΗ.

1490 975 1663 1014 videntia
1704 976 1851 1014 missus
1894 974 2055 1013 adierat.
2099 975 2170 1015 Cui
2212 975 2339 1016 bonus
2376 978 2440 1018 ille

1489 1040 1597 1086 Rex,
1629 1037 1803 1088 mihique
1834 1048 1910 1075 non
1941 1037 2112 1077 alienum
2134 1038 2182 1077 ab
2205 1037 2276 1078 hac
2299 1049 2340 1078 re
2360 1040 2443 1078 ani-

1492 1112 1598 1140 mum
1632 1104 1876 1147 ostentarat,
1906 1101 1999 1150 quin
2032 1104 2072 1138 et
2101 1111 2259 1139 summo
2288 1100 2443 1141 deside-

1493 1164 1548 1201 rio
1579 1175 1660 1201 rem
1693 1164 1818 1213 ipsam
1849 1162 2059 1211 affectare,
2090 1163 2316 1214 auxiliaque,
2346 1164 2445 1202 inte-

1494 1226 1564 1263 rim
1596 1225 1810 1272 daturum,
1841 1225 2049 1276 classeque
2070 1226 2136 1264 tibi
2159 1227 2444 1277 opitulaturum

1494 1298 1561 1337 pro
1592 1298 1706 1338 posse
1725 1317 1734 1333 ‚
1758 1293 1798 1327 et
1828 1299 1848 1326 e
1881 1288 2106 1327 Balearibus
2127 1299 2253 1339 usque
2278 1288 2444 1336 Insulis,

1494 1361 1542 1387 ex
1566 1350 1800 1401 libyssaque
1827 1350 2099 1401 pollicebatur.
2124 1351 2205 1401 Ego
2225 1355 2446 1401 praeterea,

1499 1421 1588 1450 cum
1624 1411 1712 1449 inde
1745 1416 1831 1462 post
1863 1410 1956 1450 idus
1987 1411 2169 1451 octobres
2212 1413 2447 1460 cessissem,

1494 1477 1533 1511 et
1561 1473 1610 1512 ob
1642 1474 1675 1511 id
1708 1476 1835 1524 ipsum
1854 1503 1864 1520 ‚
1895 1479 1934 1512 et
1964 1475 2018 1512 tui
2046 1475 2296 1525 potissimum
2321 1475 2446 1525 gratia

1495 1537 1731 1586 Byzantium
1757 1542 1921 1586 petens,
1956 1536 2198 1586 Rhagusium
2217 1564 2227 1580 ,
2252 1536 2447 1587 Illyricam

1495 1597 1680 1648 Epidauri
1702 1598 1904 1637 Coloniam
1928 1627 1935 1645 ,
1957 1597 2210 1637 divertissem
2233 1610 2242 1648 3
2265 1600 2452 1638 continuo

1497 1659 1635 1698 iisdem
1668 1662 1763 1710 ipsis
1793 1661 1841 1698 de
1880 1660 1998 1699 rebus
2043 1672 2169 1711 nuper
2212 1660 2260 1699 ab
2303 1660 2453 1710 inclyto

1498 1723 1728 1760 Pannonum
1755 1723 1856 1773 Rege
1881 1722 2060 1761 Ladislao
2078 1723 2115 1760 in
2138 1721 2326 1761 barbaros
2351 1722 2451 1760 bene

1498 1787 1620 1833 gestis
1665 1784 1799 1822 felices
1842 1784 2062 1823 adventare,
2107 1785 2267 1823 nuntios
2312 1783 2453 1832 video,

1501 1859 1576 1885 non
1608 1849 1747 1897 exigua
1792 1859 1882 1887 cum
1929 1847 2108 1897 ejusdem
2141 1847 2384 1896 Cardinalis,
2414 1851 2454 1886 et

1500 1910 1653 1948 Coniati
1684 1911 1770 1948 ,lani
1803 1911 2004 1948 fortissimi
2038 1909 2152 1949 Ducis
2183 1909 2325 1959 laude,
2361 1920 2456 1960 quo-

1502 1983 1588 2010 rum
1615 1977 1744 2011 certas
1783 1972 1956 2011 vidimus
1993 1973 2287 2023 Ragusaeorum
2319 1971 2364 2011 ad
2396 1983 2457 2010 or-

1501 2035 1633 2073 dinem
1665 2035 1878 2085 epistolas,
1914 2041 1954 2073 et
1992 2035 2089 2074 alias
2133 2034 2179 2074 ad
2228 2033 2455 2074 Pontificem

1504 2098 1660 2148 ipsum,
1713 2101 1749 2135 et
1793 2102 1972 2136 caeteros
2017 2099 2054 2135 in
2099 2098 2208 2136 Italia
2259 2097 2457 2148 principes

1504 2160 1850 2211 providentissime
1882 2162 2025 2199 missas
2062 2161 2321 2208 inspeximus.
2362 2157 2460 2205 Qui-

1505 2223 1578 2262 bus
1608 2228 1647 2260 et
1678 2234 1748 2260 nos
1793 2224 1928 2272 utique
1973 2221 2216 2273 principibus
2259 2221 2332 2260 hac
2377 2221 2459 2272 ipsa

1504 2285 1552 2324 de
1582 2286 1789 2324 subitanea
1819 2286 2079 2324 Barbarorum
2127 2284 2332 2323 invasione
2376 2283 2460 2321 lite-

1506 2359 1569 2386 ras
1599 2349 1808 2398 plerasque
1838 2359 1882 2385 ex
1919 2347 2073 2397 Illyrico
2102 2346 2299 2385 dedimus.
2333 2345 2381 2384 Ut
2411 2356 2459 2383 ex

1507 2411 1553 2448 iis
1581 2409 1753 2460 denique
1784 2409 1921 2458 bonis,
1952 2411 2106 2459 piisque
2135 2409 2286 2459 caeptis
2318 2407 2461 2456 rebus,

1506 2476 1546 2510 et
1582 2476 1662 2510 tam
1695 2471 1967 2510 laudatissime
2008 2471 2150 2517 motis,
2196 2473 2383 2508 moveant
2424 2473 2464 2508 et

1506 2546 1548 2573 se
1578 2534 1738 2572 demum
1772 2533 1854 2572 itali
1887 2533 2238 2583 praecelentissimi
2283 2533 2461 2570 Potenta-

1508 2601 1596 2644 tue,
1628 2601 1668 2635 et
1699 2597 1845 2635 lleroes
1874 2595 1992 2634 Clari.
2029 2594 2247 2633 Cohibcant
2289 2592 2462 2644 denique

1511 2660 1572 2698 illa
1603 2671 1723 2698 saeva
1757 2659 1982 2697 Latinorum
2017 2658 2187 2696 invicem
2220 2655 2364 2707 praelia
2385 2683 2395 2701 ‚
2426 2660 2466 2694 et

1510 2721 1742 2760 detestanda
1776 2721 1876 2760 bella
1921 2720 2076 2769 nullos,
2121 2718 2281 2767 hercle,
2327 2718 2466 2756 trium-

1512 2786 1609 2836 phos
1641 2785 1832 2823 habitura.
1864 2782 2092 2832 Pudeatque
2122 2793 2170 2820 ex
2201 2781 2247 2819 iis
2277 2781 2463 2831 penitus,

1512 2856 1560 2895 ab
1589 2857 1766 2894 externis
1797 2855 1997 2893 Parthicae
2026 2852 2289 2903 expeditionis
2310 2850 2468 2902 tropha-

1513 2921 1570 2957 eis
1615 2919 1785 2969 palmam
1830 2918 2055 2968 surripere;
2100 2917 2195 2966 quin
2239 2918 2279 2953 ct
2320 2914 2352 2952 si
2397 2912 2468 2952 hos

1514 2982 1672 3020 tandem
1704 2981 1832 3031 aliqua
1866 2983 1999 3018 movet
2038 2979 2194 3029 pietatis
2232 2977 2386 3028 imago,
2429 2975 2466 3013 in

1515 3051 1595 3084 tam
1619 3050 1753 3083 truces
1769 3042 2055 3081 Christicolum
2075 3044 2278 3078 voratores
2294 3035 2470 3077 animad-

1519 3107 1753 3145 vertendum
1784 3109 1940 3144 curent.
1968 3104 2050 3154 Ego
2079 3102 2226 3141 etenim
2257 3111 2347 3140 cum
2379 3097 2470 3137 inde

1515 3170 1562 3209 ad
1592 3174 1775 3220 caeptum
1808 3165 2076 3219 peragendum
2109 3165 2182 3202 iter
2225 3162 2467 3202 cessissem:

1517 3234 1693 3282 Ragusae
1730 3226 1914 3269 Civitatis
1953 3227 2177 3277 Principes,
2221 3229 2262 3264 et
2302 3223 2471 3263 Celsitu-

1517 3295 1596 3334 dini
1627 3299 1718 3334 tuae
1747 3291 1979 3332 dicatissimi
2013 3289 2085 3327 viri
2115 3288 2269 3326 litteras
2310 3283 2386 3323 fide
2414 3281 2471 3322 di·

1589 3376 1638 3414 (2)
1660 3373 1834 3404 Dominio«)
1857 3369 2048 3410 capranica.
