2533 4009
469 173 544 209 514

464 242 601 276 Jacobi
632 236 798 281 majoris
824 235 865 268 iu
887 220 1080 266 suburbio
1101 226 1410 272 Herbipolitano

467 296 674 329 Scotorum
704 282 993 323 coeuobiarclia
1033 279 1100 314 VI.
1132 279 1205 314 Vir
1250 281 1342 325 pius
1372 279 1413 315 et

471 356 670 393 literatus,
702 351 747 384 ut
778 348 878 382 libro
913 344 971 379 18.
1005 341 1216 377 Historiae·
1242 340 1411 376 Scoticae

470 416 589 452 refert
612 412 787 447 Thomas
818 406 1101 451 Dempsterus,
1131 404 1299 449 scripsit
1327 404 1415 449 Hy·-

469 484 576 511 muos
597 475 640 509 in
670 470 831 507 lacedem
863 467 1071 514 Dce'parae
1092 465 1291 512 rirye'nz’s,
1314 465 1417 501 obiit

468 550 502 574 a.
535 536 649 572 1217.
680 531 930 578 Hippolytus
960 529 1207 564 Marraccius
1239 528 1280 562 in
1310 526 1413 562 Bibl.

472 600 650 634 Mariana
680 595 788 630 tomo
821 592 870 627 11.
901 602 938 638 p.
974 590 1062 626 187.

520 654 905 699 TELESI’HORL’S,
921 654 1164 699 Episcopus,
1180 650 1413 694 Romanus,

465 721 718 764 'l‘huriensis,
750 719 843 764 (non
874 715 1120 760 carmelita,
1151 715 1196 749 ut
1227 713 1413 757 ridicule,

465 785 562 822 Lud.
593 784 768 820 Jacobus
799 792 836 827 p.
868 778 976 824 217.)
1010 779 1118 815 sedit
1149 788 1184 814 a.
1220 777 1412 813 142-154.

463 847 666 893 Epistola,
699 853 787 890 quie
819 843 898 888 ipsi
939 840 1163 885 tribuitur,
1205 840 1248 874 in
1289 840 1415 875 tomis

464 908 737 944 conciliorum
770 906 868 940 tom.
902 902 928 937 I.
961 902 1160 938 Harduini
1190 911 1228 947 p.
1271 901 1334 937 91.
1374 901 1416 936 et

464 970 659 1016 Epistolis
691 967 947 1010 Pontificum,
979 965 1043 1000 est
1073 963 1349 1009 supposititia.

514 1031 627 1067 Adde
675 1029 835 1065 Oldoini
890 1027 1139 1063 Athen-„eum
1181 1026 1414 1061 Romanum

462 1105 559 1141 pag.
594 1093 682 1129 6⁸24.

515 1154 887 1191 TELESPHORL‘S
916 1153 1127 1197 Eremita,
1158 1151 1199 1187 et
1235 1151 1413 1197 Presby-

464 1220 543 1261 ter,
573 1219 708 1264 patria
739 1216 1027 1254 Consentinus.
1058 1214 1196 1250 floruit
1225 1224 1261 1250 a.
1296 1214 1412 1251 1368.

467 1282 511 1317 ut
543 1281 681 1318 exstat
702 1281 744 1316 in
770 1279 850 1315 MS.
891 1277 1151 1322 Taurinensi,
1170 1276 1278 1313 teste
1299 1277 1416 1312 Mon-

462 1344 681 1380 tefalconio
710 1343 812 1378 Bibl.
843 1340 955 1376 MSS.
987 1349 1024 1384 p.
1059 1339 1175 1374 1401.
1206 1338 1248 1374 et
1288 1338 1415 1374 tradit

463 1407 642 1452 Toppius
673 1407 715 1442 in
746 1405 849 1440 Bibl.
880 1402 1150 1448 Neapolitana
1189 1410 1284 1447 pag.
1324 1401 1414 1439 287.

462 1469 567 1514 quod
595 1468 744 1504 rectius
774 1467 864 1510 est,
895 1473 1018 1510 quam
1059 1463 1165 1509 quod
1207 1463 1416 1500 Rusticia-

465 1541 567 1576 nus,
599 1531 648 1566 (18
679 1538 756 1577 quo
797 1537 946 1574 supra,
988 1537 1024 1563 a.
1062 1527 1178 1563 1486.
1217 1528 1414 1563 claruisse

463 1593 587 1628 dicit:
620 1601 714 1628 nam
746 1601 780 1626 a.
816 1590 931 1626 1480.
963 1590 1121 1624 nullum
1163 1590 1342 1633 amplius
1371 1590 1412 1625 in

466 1656 650 1690 Ecclesia
681 1654 864 1689 Romana
885 1651 1068 1688 schisma
1089 1650 1282 1686 obtinuit.
1306 1651 1415 1686 Scri-

462 1719 546 1764 psit
577 1718 624 1754 de
654 1717 858 1753 decetionc
890 1715 1132 1761 inimicitis,
1163 1715 1210 1750 de
1241 1713 1416 1760 fatearis

464 1779 678 1816 Ecclesiae
720 1776 1014 1814 schismatibus
1037 1804 1046 1821 ,
1078 1777 1413 1822 Eoeplicationem

461 1841 769 1889 Apocalypseos,
802 1840 848 1876 de
874 1838 1035 1885 istaqnis
1056 1838 1413 1885 tribulationibus.

465 1905 502 1939 et
533 1902 580 1938 de
594 1903 705 1938 stata
727 1901 959 1944 Ecclesiae,
981 1901 1043 1936 ecl
1065 1900 1111 1936 cle
1132 1901 1274 1936 causis
1287 1911 1414 1947 prae-

463 1965 595 2001 sentis
637 1964 733 1999 tanc
781 1962 1056 2005 Schismatls,
1097 1970 1146 1997 ex
1177 1961 1415 2010 Joachimo,

470 2026 629 2072 Cyrillo
660 2034 700 2061 ec
732 2026 843 2060 aliis.
876 2024 1020 2060 Exstat
1051 2026 1130 2059 Ms.
1151 2025 1341 2071 Lugduni
1374 2029 1414 2063 in

466 2090 567 2124 Bibl.
599 2087 816 2123 societatis
846 2088 944 2123 Jesu
974 2097 1065 2122 cum
1097 2088 1247 2133 figuris
1289 2100 1413 2126 manu

466 2150 662 2193 exaratis,
694 2149 799 2184 teste
831 2148 929 2183 Lud.
961 2149 1112 2185 Jacobo
1142 2160 1165 2184 a
1196 2150 1233 2185 S.
1266 2150 1411 2187 Carolo

468 2211 566 2247 Bibl.
605 2210 818 2245 Pontificia
859 2220 897 2255 p.
942 2211 1032 2245 441.
1074 2211 1187 2247 Adde
1230 2212 1333 2249 Elize
1365 2214 1412 2250 de

466 2273 613 2308 Amato
643 2272 981 2318 Pautopologiam
1014 2272 1225 2310 Calabram
1257 2286 1294 2321 p.
1321 2276 1411 2312 134.

467 2333 783 2379 l'apebrochium
828 2335 926 2370 tom.
970 2334 1058 2369 vn.
1100 2336 1197 2381 Maji
1240 2348 1277 2383 p.
1324 2338 1411 2375 125.

464 2396 664 2432 (sumnum
700 2395 767 2430 111.
799 2406 835 2442 p.
870 2397 987 2433 2217.

520 2459 532 2474 ’
555 2459 792 2504 Legendum
807 2460 1108 2506 Thclosphorus
1126 2473 1134 2480 ·
1160 2464 1313 2502 vixisse
1329 2465 1410 2502 uti·

464 2531 538 2567 que
570 2522 699 2566 potuit
730 2531 793 2556 an.
823 2522 935 2558 1308.
961 2523 1005 2557 ut
1021 2532 1070 2559 ex
1085 2490 1410 2564 TaurinensiBi-

462 2591 664 2627 bliotlicca
696 2593 802 2627 eruit
831 2592 1170 2629 Moiitfauconius.
1194 2594 1303 2641 Opus
1323 2598 1410 2633 eius

465 2653 701 2688 inscribitur
731 2663 809 2689 non
841 2655 1005 2699 quidem
1036 2655 1083 2691 cle
1115 2656 1321 2695 devotione
1343 2668 1410 2696 re-

464 2715 645 2760 liye'onis‘,
677 2715 747 2751 secl
788 2715 835 2751 cle
877 2716 1038 2762 maynis
1068 2709 1410 2758 tribulationibus

464 2779 506 2813 ia
529 2778 720 2824 proximo
736 2777 925 2823 fatearis,
946 2779 1211 2825 compilatam
1243 2791 1267 2817 a
1297 2783 1410 2820 docto

463 2843 497 2877 et
513 2842 647 2878 dcccco
660 2842 905 2888 presbytero
920 2842 1122 2880 heremita
1143 2844 1411 2893 Tllelosplioro

467 2904 661 2940 Casentia
681 2905 928 2941 Provinciae
959 2903 1181 2942 Calabriae
1196 2907 1315 2944 Liber
1330 2910 1409 2946 iste

463 2967 638 3001 noudum
677 2967 825 3012 prodiit
855 2967 925 3003 sed
967 2968 1054 3003 cius
1094 2970 1271 3014 epitome
1313 2981 1410 3008 con-

464 3027 556 3061 ssata
587 3038 608 3061 a
642 3029 877 3064 Rustic-iano
907 3029 1007 3065 Italo
1029 3030 1122 3067 Ord.
1155 3033 1406 3071 Przvdicato-

466 3098 551 3122 rum
582 3098 644 3122 an.
680 3090 793 3125 1480.
828 3091 929 3126 Vide
963 3093 1005 3127 Y.
1039 3094 1225 3131 ltljs'rlc
1241 3096 1405 3134 1ANL'S.

516 3149 821 3187 'l'liLIESINL‘S
863 3153 1007 3190 Helias
1055 3158 1116 3192 vel
1169 3159 1409 3208 Telesinus,

469 3208 699 3255 izritannus,
715 3212 1000 3261 Philosophus,
1018 3217 1170 3255 ithetor
1184 3223 1225 3257 ct
1246 3222 1408 3261 Mathe-

471 3270 638 3305 maticus
672 3274 846 3317 insignis
876 3278 981 3313 circa
1011 3290 1046 3314 a.
1079 3282 1168 3316 540.
1202 3284 1347 3322 Latino
1369 3289 1407 3324 et

1269 154 1637 191 TELESPHORUS

1485 223 1720 261 Britannico
1734 231 1923 260 sermone
1939 224 2157 270 scripsisse
2178 223 2329 260 dicitur
2343 223 2448 262 Acta

1487 287 1610 332 Reqis
1638 283 1846 330 Artlcnri,
1890 286 2167 324 Vaticinalem
2197 287 2448 332 historiam,

1493 347 1702 385 Vaticinia
1733 348 1773 384 et
1807 346 2023 386 Carmina.
2055 350 2262 386 Lelandus
2302 359 2337 386 c.
2378 349 2444 386 24.

1488 410 1649 446 Bal-aeus
1681 409 1848 446 Centur.
1881 410 1911 445 Ι.
1943 411 2008 448 54.
2040 413 2204 449 Pitseus
2234 421 2268 448 c.
2299 410 2364 449 47.

1543 471 1838 518 TERALDUS,
1868 475 2007 510 nescio
2029 476 2138 521 quis,
2159 475 2270 512 circa
2289 484 2448 512 anuum

1493 535 1608 572 1000.
1642 534 1816 580 Scripsit
1845 536 2081 582 Epistolam
2110 538 2162 574 ad
2199 537 2445 583 (tuicionem,

1489 607 1568 634 car
1598 599 1644 635 in
1662 596 1982 644 festivitatibus
2014 598 2100 645 SS,
2121 599 2250 637 Pauli
2270 600 2310 638 et
2337 600 2448 637 Lau-

1488 661 1619 698 rentii
1647 661 1851 697 cer-sicali
1880 661 2120 708 antiphonis
2149 663 2442 706 innectantur,

1489 732 1578 768 quie
1620 722 1734 759 edita
1775 721 1840 759 est
1882 723 1925 758 in
1966 722 2147 760 Martene
2191 722 2235 760 et
2274 722 2446 760 Durand

1491 785 1698 822 Thesauro
1726 794 1831 821 novo
1871 785 2176 822 Anecdotorum
2206 784 2238 821 Ι.
2268 795 2309 832 p.
2353 785 2446 823 120.

1488 847 1736 883 Monachum
1767 847 2077 884 Floriacensem
2107 847 2238 885 fuisse
2279 848 2449 894 conjicit

1488 911 1595 946 Hist.
1626 911 1814 947 literaria
1844 910 1990 947 Galliae
2009 911 2113 947 tom.
2134 910 2204 946 VI.
2227 920 2268 957 p.
2291 910 2387 958 555,
2411 912 2448 948 6.

1527 973 1913 1020 TERENTIANUS,
1927 974 2093 1010 Maurus
2107 983 2140 1009 s.
2156 973 2254 1011 Afer
2265 973 2450 1021 natione,

1489 1037 1614 1081 vulgo
1657 1035 2054 1082 Carthaginiensem
2106 1035 2250 1073 dicunt
2279 1064 2289 1084 ,
2342 1037 2449 1084 quod

1488 1098 1620 1145 negat
1649 1099 1918 1146 Tanaquillus
1946 1098 2078 1136 Faber
2117 1099 2167 1136 ad
2207 1099 2448 1146 Longinum

1490 1160 1589 1213 περὶ
1619 1157 1742 1213 ὕῲὸς
1773 1172 1807 1199 c.
1838 1162 1868 1197 I.
1899 1161 2095 1199 Aetatem
2119 1170 2172 1198 ex
2201 1170 2249 1199 eo
2275 1161 2450 1208 judices,

1488 1227 1596 1272 quod
1637 1225 1901 1273 Augustinus
1944 1225 1996 1261 ad
2035 1224 2174 1271 ipsum
2217 1224 2446 1272 provocat,

1488 1288 1596 1326 teste
1625 1288 1817 1335 Baptista
1845 1288 1915 1324 Pio
1946 1287 2286 1326 annotationibus
2307 1287 2449 1335 poste-

1489 1353 1669 1390 rioribus
1698 1362 1732 1389 c.
1767 1351 1856 1389 154.
1888 1351 1930 1388 et
1959 1351 2174 1388 Ennodius
2194 1351 2328 1398 Epist.
2357 1350 2448 1386 V11.

1489 1415 1554 1452 29.
1585 1415 1829 1453 observante
1859 1414 2060 1451 Fabricio.

1544 1478 1718 1515 Carmen
1749 1478 1839 1523 eJ'us
1861 1477 1909 1514 de
1931 1477 2088 1522 literis,
2109 1476 2301 1524 syllabis,
2324 1476 2448 1524 pedi-

1488 1539 1560 1576 bas
1592 1541 1630 1577 et
1659 1541 1810 1578 metris
1839 1540 1998 1585 primus
2027 1539 2223 1585 produxit
2243 1539 2450 1586 Georgius

1488 1603 1656 1648 Merula,
1691 1602 1838 1639 deinde
1869 1601 2022 1648 prodiit
2051 1601 2241 1639 Venetiis
2283 1612 2356 1648 per
2385 1602 2446 1638 Jo.

1489 1664 1728 1710 Tacuinum,
1762 1664 1880 1701 1503.
1912 1665 1949 1700 4.
1980 1673 2032 1701 ex
2060 1663 2340 1710 castigatione
2361 1665 2447 1701 Jac.

1487 1727 1663 1773 Micylli,
1693 1727 1882 1763 Francos.
1917 1727 2035 1765 1532.
2077 1737 2172 1764 cum
2213 1727 2446 1764 comment.

1489 1790 1651 1826 Vilierii
1679 1790 1852 1826 Parisiis
1881 1790 1990 1837 apud
2025 1790 2237 1827 Simonem
2280 1789 2447 1827 coline-

1488 1863 1557 1888 um
1583 1881 1592 1898 ,
1623 1854 1659 1888 4.
1703 1853 1746 1888 in
1789 1852 1920 1899 Opere
1965 1852 2213 1900 Poetarum,
2253 1851 2296 1890 et
2335 1852 2446 1890 inter

1490 1914 1793 1951 Grammaticos
1833 1916 1963 1952 Heliae
2004 1915 2190 1952 Putschii
2232 1925 2270 1962 p.
2324 1914 2445 1952 2383.

1491 1978 1605 2014 Adde
1635 1978 1815 2014 Fabricii
1844 1977 1948 2015 Bibl.
1992 1977 2185 2014 Latinam
2227 1977 2294 2012 IV.
2336 1976 2374 2014 ¹7.
2405 1987 2444 2023 p.

1487 2041 1577 2077 794.
1610 2039 1702 2077 595.
1733 2040 1921 2076 Omissus
1952 2039 2017 2076 est
2046 2040 2089 2075 in
2128 2039 2306 2075 historia
2345 2039 2447 2075 Poe-

1487 2104 1623 2139 tarum
1655 2103 1782 2139 medii
1812 2103 1892 2139 {evi
1922 2102 2190 2148 Leyseriana.

1541 2165 1805 2210 TERIDIUS,
1837 2166 1901 2202 vel
1939 2165 2183 2212 Tetradias,
2206 2166 2343 2212 patria
2364 2165 2444 2202 Ca-

1485 2229 1732 2275 bilonensis,
1765 2228 1936 2265 Caesarii
1964 2228 2225 2265 Arelatensis
2254 2237 2381 2274 nepos
2406 2228 2449 2265 et

1486 2291 1712 2328 monachus
1741 2291 1981 2328 Lerinensis
2020 2291 2128 2327 circa
2157 2300 2312 2327 annum
2353 2290 2445 2328 541.

1486 2353 1588 2399 Ejus
1622 2354 1688 2389 est
1729 2354 1889 2401 Reqala
1931 2353 2227 2391 monachornm
2266 2353 2446 2392 Caesario

1484 2415 1671 2452 dictante
1699 2416 1870 2463 scripta,
1901 2417 1944 2453 in
1973 2416 2077 2454 Bibl.
2108 2417 2280 2454 Patrum
2311 2418 2447 2454 maxi—

1484 2489 1552 2514 ma
1581 2479 1680 2515 tom.
1712 2480 1824 2515 VIII.
1857 2490 1896 2527 p.
1931 2480 2024 2518 873.
2055 2481 2169 2518 Adde
2190 2481 2445 2518 Ludovicum

1482 2542 1680 2578 Jacobum
1711 2543 1758 2579 (18
1790 2544 1923 2580 doctis
1954 2543 2300 2581 Cabilonensibus
2333 2554 2373 2590 p.
2406 2544 2441 2580 6.

1535 2605 1743 2642 sio-notans
1774 2605 2021 2653 TERRENI,
2066 2605 2202 2653 patria
2243 2606 2444 2643 Ruscino-

1484 2669 1626 2703 nensis
1651 2696 1661 2713 ,
1702 2668 1968 2706 Decretorum
2023 2669 2173 2705 Doctor
2198 2696 2208 2716 ‚
2248 2668 2443 2706 Ecclesiae

1485 2730 1676 2767 Elnensis
1709 2731 1907 2778 Sacrista‚
1937 2732 2149 2768 Avenione
2171 2740 2207 2767 a.
2232 2729 2350 2768 1373.
2369 2730 2443 2766 Jus

1483 2792 1745 2829 pontificium
1775 2794 1930 2840 docuit,
1959 2795 2030 2831 ubi
2071 2803 2230 2840 quoque
2272 2792 2444 2830 Tracta·-

1483 2855 1573 2890 tum
1604 2855 1652 2892 cle
1681 2857 1883 2902 mysterio
1914 2857 2066 2894 missae
2097 2858 2137 2894 et
2165 2856 2282 2894 boris
2320 2865 2445 2894 cano-

1483 2917 1606 2962 nicis,
1629 2927 1702 2953 nec
1723 2927 1803 2954 non
1822 2918 2088 2960 Quaestiones
2108 2918 2310 2956 Avenione
2329 2927 2440 2955 com—

1476 2979 1640 3025 pilatas
1672 2981 1851 3026 scripsit.
1884 2981 2115 3028 Utrumque
2146 2990 2250 3027 opus
2270 2980 2354 3017 MS.
2375 2981 2458 3018 est⁴

1483 3043 1523 3077 in
1555 3042 1657 3078 Bibl.
1696 3043 1943 3080 Coibertma.
1988 3043 2171 3080 Oudinus
2212 3044 2326 3081 tomo
2367 3043 2439 3080 III.

1485 3114 1580 3150 pag·
1617 3106 1732 3141 1140.

1538 3167 1760 3203 TERTIUS
1790 3169 2025 3206 Danzianas
2064 3168 2315 3206 Vissenacus
2356 3169 2416 3206 De

1482 3229 1748 3276 emolitanae,
1777 3230 1910 3267 edidit
1940 3230 2110 3267 Librum
2141 3231 2189 3268 de
2208 3231 2346 3268 victas
2367 3239 2441 3267 ra-

1484 3291 1606 3337 tione,
1649 3293 1840 3331 medendi
1882 3293 2022 3338 niodo,
2047 3293 2329 3340 parentivae,
2371 3291 2436 3329 1ιὶ-
