2517 4009
909 226 1302 266 RUPERTUs·

160 303 197 341 3.
227 302 312 341 Vita
330 302 370 341 S.
394 298 596 350 Euyem'ae
627 298 715 348 Virq
755 308 803 336 ac
837 297 1065 349 Martyris,

106 374 226 413 quam
242 351 293 402 ex
315 361 468 401 Graeco
487 371 508 399 a
534 360 675 398 Rulino
696 370 853 399 versam
875 361 1068 398 recentio-

107 435 172 464 res
194 423 356 475 quidam
379 421 529 461 nullius
550 422 699 461 veteris
741 421 899 461 Codicis
924 421 1066 461 autbo-

106 486 222 525 ritate
244 484 425 536 persuasi
439 484 700 533 scripserunt.
727 483 841 522 Edita
864 487 926 522 est
949 494 970 522 a
995 484 1069 522 Ro-

106 545 286 592 sweido,
310 549 467 596 etcum
493 545 581 583 eius
603 546 707 584 notis
728 555 880 583 recusa.

158 608 193 646 4.
222 605 393 646 Libellus
412 605 459 645 de
479 605 556 657 fide
583 618 603 645 a
628 605 743 646 Card.
784 605 938 644 Norisio
971 606 1064 645 olim

104 680 127 708 e
146 669 361 716 Vaticano,
386 673 427 707 et
449 680 468 707 3
495 668 686 707 Garnerio
710 679 760 706 ex
798 667 1069 707 Bellovacensi

103 729 248 769 Codice
262 729 481 780 productus
504 729 579 769 sub
597 731 653 768 Ru
667 730 733 769 lini
752 730 910 768 nomine
929 740 1071 779 quam-

55 798 58 802 ’
104 802 223 843 quam
247 791 310 830 ille
334 791 496 842 quidem
538 791 728 830 Rufinum
759 790 1069 830 Aquileiensem

103 854 384 905 praescripslt;
410 853 510 892 alter
535 852 722 892 Rufinum
753 853 988 902 Hieronymi
1015 852 1074 895 di-

102 914 300 965 scipulum
319 927 329 963 3
351 914 421 954 sed
446 925 468 953 3
493 914 635 953 Rufino
654 918 790 952 nostro
819 914 989 953 alienam
1008 924 1073 951 es·

105 986 149 1015 se
173 976 502 1027 scriptiunculam
536 975 760 1015 Vallarsius
783 974 1002 1014 contendit.

157 1039 194 1076 5.
215 1036 350 1088 Rufini
370 1035 609 1089 Presbyteri
630 1035 876 1075 Provinciae
904 1033 1070 1074 Palesti-

102 1111 178 1139 nae
202 1097 302 1138 liber
324 1098 372 1137 de
392 1097 469 1149 fide
506 1109 526 1137 a
573 1097 784 1137 Sirmondo
813 1097 905 1136 olim
931 1097 1070 1147 vulga-

101 1167 181 1209 tus,
202 1167 242 1200 et
259 1171 366 1200 nunc
385 1162 528 1199 iterum
548 1169 716 1198 recusus
732 1158 878 1197 additis
894 1169 941 1197 ex
959 1158 1066 1197 MSS.

101 1222 313 1264 Codicibus
337 1221 599 1260 variantibus.
625 1219 646 1241 *ξ

156 1284 375 1324 RUFINUS
406 1280 623 1328 Flendus,
657 1279 782 1319 Poeta
818 1279 1039 1319 Britannus
1059 1311 1068 1326 ,

103 1345 276 1386 illustris
303 1344 397 1389 vir,
424 1353 571 1394 yenere
601 1352 650 1380 ac
678 1353 800 1381 varia
814 1353 953 1379 rerum
975 1352 1069 1381 eru-

101 1407 245 1447 ditione
264 1404 441 1457 pollens,
486 1415 542 1442 eoe
587 1401 668 1442 illis
713 1402 922 1441 Britannis
963 1412 1068 1442 umis

103 1472 217 1518 erat,
246 1467 319 1520 qui
344 1477 434 1506 cum
465 1466 646 1507 Caesare
681 1463 865 1503 Maoeimo
913 1463 954 1502 in
994 1463 1070 1502 Ar-

100 1530 294 1571 morieam
322 1527 449 1568 classe
484 1527 655 1581 trajecit.
692 1527 785 1565 Post
810 1529 1068 1576 comparatas

101 1591 223 1633 multo
253 1590 398 1631 sudore
426 1590 640 1636 scientias,
678 1587 913 1628 Theodosius
958 1586 1070 1627 illum

97 1666 204 1707 prae
230 1652 349 1703 aliis,
377 1651 554 1692 Arcadio
575 1650 724 1704 juveni
741 1649 872 1689 adhuc
898 1653 1070 1690 tutorem

102 1715 306 1757 constituit
309 1743 436 1755 .....
452 1714 526 1755 Hic
542 1713 608 1754 ille
626 1713 792 1766 Rufinus
816 1717 930 1761 erat,
949 1724 1068 1765 quem

106 1778 152 1819 C.
171 1777 419 1819 Claudianus
435 1777 560 1818 Poeta
575 1775 731 1817 duobus
756 1774 872 1815 libris
901 1775 1070 1814 insecta·
1106 1804 1109 1809 .

107 1845 171 1882 tus
198 1844 259 1881 est
295 1839 563 1880 acerbissime.
599 1838 704 1879 Unde
732 1842 873 1877 contra
904 1837 1068 1877 eundem

108 1902 378 1944 Claudianum
407 1902 468 1941 hic
492 1901 658 1954 scripsit
672 1901 978 1952 Epiqrammata
1002 1901 1068 1940 28.

107 1965 173 2005 Ad
202 1964 456 2004 Theodosium
501 1965 785 2015 Imperatorem
828 1961 893 2001 lib.
938 1963 968 2001 I.
1013 1963 1070 2001 De

109 2027 192 2067 oris
219 2026 458 2074 maritimis,
490 2024 556 2064 lib.
589 2027 618 2063 Ι.
644 2029 684 2063 et
703 2024 787 2063 alia
817 2024 878 2063 his
920 2024 1068 2064 similia

103 2079 240 2142 plura.
271 2086 433 2128 Claruit
475 2099 578 2126 auno
623 2085 778 2127 Christi
820 2087 909 2126 4⁴4.
958 2085 1066 2125 Haec

106 2151 276 2191 Balaeus
304 2151 468 2191 Centur.
498 2151 526 2188 l⁴
560 2149 622 2188 42.
653 2149 718 2199 qui
753 2148 800 2187 ad
833 2150 892 2186 Jo.
925 2149 1066 2198 Cuspi-

106 2213 213 2252 niani
243 2213 355 2252 Vitas
397 2213 616 2252 Caesarum
661 2215 866 2262 provocat.
908 2212 1067 2249 Pitseus

108 2276 146 2313 in
176 2273 309 2314 Indice
337 2275 470 2325 operis
498 2275 560 2313 sui
584 2273 634 2312 de
656 2274 880 2313 illustribus
902 2272 1067 2323 Angliae

107 2336 367 2386 scriptoribus
397 2335 532 2386 Rufini
557 2334 713 2374 Floridi
743 2345 888 2373 nomen
918 2334 1065 2381 habet,

107 2400 149 2435 et
176 2396 272 2435 anni
303 2397 345 2436 44
358 2397 393 2434 4.
425 2407 639 2435 numerum
669 2395 830 2446 adjicit,
860 2395 930 2435 sed
968 2395 1065 2435 nihil

107 2457 158 2498 de
186 2458 260 2497 hoc
280 2457 434 2497 Rufino.

162 2519 211 2559 Ut
239 2530 382 2559 verum
412 2519 539 2558 fatear
560 2548 570 2566 ‚
596 2519 812 2569 pleraque.
857 2530 960 2569 quae
1004 2519 1068 2558 hic

108 2581 330 2632 adscripsi,
359 2581 458 2620 falsa
488 2583 597 2627 sunt.
627 2578 788 2618 Floridi
815 2591 958 2618 nomen
995 2581 1068 2630 ipsi

112 2655 231 2684 nemo
259 2642 418 2695 adjecit.
446 2643 664 2682 Britannus
682 2643 841 2680 natione
863 2652 938 2679 non
969 2641 1069 2689 fuit,

110 2704 180 2744 sed
209 2705 508 2753 Gallus,teste
556 2703 708 2741 Zosimo
745 2707 784 2741 et
829 2703 967 2742 Suida.
1013 2704 1069 2741 De

110 2767 298 2807 facultate
326 2766 548 2805 carminum
597 2763 897 2814 pangendorum
943 2765 1068 2804 altum

109 2834 172 2868 est
199 2827 303 2879 apud
334 2837 477 2866 omnes
505 2826 722 2865 silentium.
753 2825 805 2864 Et
825 2826 892 2875 qui
917 2829 1071 2876 poterat

108 2888 326 2930 Claudiano
346 2887 599 2939 respondere,
618 2897 743 2937 quum
762 2885 930 2925 Carmen
949 2887 1071 2937 hujus

111 2953 150 2990 in
180 2950 368 2990 Rufinum
400 2961 478 2988 non
510 2950 583 2988 nisi
627 2952 716 2999 post
752 2948 950 2986 infelicem
983 2948 1071 2999 ejus

110 3016 280 3050 mortem
309 3011 545 3050 confectum
575 3009 666 3049 sit?

163 3072 380 3112 RUFlNUS
402 3071 572 3122 Scifius,
593 3072 680 3110 aliis
700 3071 855 3123 Si'pius,
872 3071 1072 3120 Assisias,

110 3146 158 3174 ex
203 3132 429 3173 Comitibus
472 3133 706 3181 Saxirubei,
751 3134 1073 3183 consanguineus

111 3198 150 3235 S.
179 3195 346 3239 Clarae,
376 3193 598 3244 discipulus
629 3195 667 3233 S.
699 3195 896 3233 Francisci
918 3223 929 3240 ‚
977 3195 1073 3233 obiit

112 3258 148 3296 d.
177 3258 239 3297 44.
264 3257 360 3295 Νον.
388 3254 501 3295 4270.
529 3254 628 3294 Cum
653 3256 740 3295 aliis
764 3255 920 3295 duobus
958 3257 1074 3294 sociis

112 3321 154 3358 S.
182 3319 379 3358 Francisci
400 3347 407 3366 ,
438 3317 589 3367 Angelo
615 3317 779 3356 {teatino
804 3322 843 3354 et
861 3319 987 3355 Leone
1004 3318 1075 3356 As-

2034 226 2104 268 431

1141 298 1278 336 sisiato
1307 298 1482 336 confecit
1527 296 1745 348 Leyemlam
1774 299 1861 336 sive
1907 297 2030 336 Vitam
2075 303 2110 335 et

1139 357 1339 398 miracula
1357 359 1396 398 S.
1412 359 1634 398 Franezsci.
1645 358 1898 409 Waddingus
1906 358 1954 397 de
1966 360 2048 398 Scri
2055 365 2108 410 pt.

1140 419 1236 458 Ord.
1263 421 1456 458 Minorum
1489 432 1523 470 p.
1556 421 1644 460 342.
1675 420 1850 460 Jacobilli
1882 420 1981 460 Bibl.
2013 422 2104 460 Um-

1145 482 1253 520 briae
1295 493 1382 532 pag.
1425 481 1516 520 243.
1550 483 1690 521 Willot
1730 482 1912 522 Athenae
1939 482 2107 523 sodalitii

1143 544 1398 582 Franciscani
1431 555 1466 594 p.
1498 544 1586 582 320.

1199 605 1363 644 RUFUS
1392 605 1535 644 Festus
1560 604 1762 645 Avienus:
1810 606 1902 646 vide
1944 606 1993 645 dc
2036 607 2108 646 hoc

1142 666 1366 705 Fabricium
1402 667 1498 705 Bibl.
1534 668 1694 706 Latinae
1726 667 1793 706 ΙΙΙ.
1825 671 1889 708 44.

1199 729 1349 767 Seoetus
1380 728 1567 774 RUFUS,
1597 730 1663 778 qui
1694 729 1952 770 Breviarium
1977 731 2107 780 dedit,

1144 788 1283 828 eodem
1313 791 1441 840 capite
1471 801 1490 828 a
1523 790 1697 829 Fabricio
1728 792 1749 842 ξ
1782 793 1816 830 7.
1851 798 2106 833 memoratur.

1145 850 1259 890 Addo
1289 857 1445 891 tantum
1477 851 1674 890 editiones
1718 853 1867 904 aliquot
1910 857 2107 906 antiquio-

1147 923 1235 959 res,
1261 924 1311 951 ex
1341 913 1490 963 quibus
1520 913 1745 961 constabit,
1777 927 1896 964 quam
1915 919 2022 955 varie
2041 928 2108 955 no-

1148 986 1238 1013 men
1269 974 1357 1026 ejus
1388 979 1429 1013 et
1461 974 1603 1014 titulus
1633 975 1718 1014 libri
1750 977 1959 1016 scribatur.
1997 979 2112 1018 Sioeti

1143 1036 1261 1087 Rufi.
1292 1037 1365 1074 viri
1391 1037 1512 1076 Cons.
1543 1038 1777 1077 Valentiano
1815 1039 1915 1090 Aug.
1959 1039 2007 1078 de
2052 1041 2109 1078 hi-

1142 1101 1260 1138 storia
1293 1100 1465 1139 Romana
1496 1100 1684 1149 libellus,
1715 1101 1859 1140 Romae
1888 1095 2006 1152 apudx
2026 1102 2108 1141 Eu-

1142 1160 1320 1199 cliarium
1352 1161 1480 1200 Silber
1499 1193 1510 1210 ,
1543 1162 1657 1201 4494.
1691 1163 1725 1200 4.
1755 1162 1859 1215 Ruffi
1887 1163 2008 1202 Seoetz·
2032 1164 2107 1202 Ge-

1142 1225 1293 1261 storum
1317 1223 1588 1262 Romanorum
1615 1223 1712 1262 liber
1731 1255 1741 1272 ,
1766 1225 1912 1263 Romae
1933 1237 2002 1275 per
2021 1226 2108 1264 Ste-

1142 1284 1317 1333 phanum
1350 1285 1473 1324 Plank
1496 1314 1504 1332 ‚
1535 1285 1652 1324 ⁴492.
1679 1287 1719 1331 4.
1750 1286 1869 1325 Seaeti
1889 1286 1995 1340 Ruffi
2017 1288 2107 1338 Epi-

1147 1350 1254 1383 tome
1283 1345 1332 1383 de
1364 1347 1534 1385 Historia
1562 1346 1760 1393 Romana,
1793 1349 1912 1386 Paris.
1942 1361 2013 1399 per
2041 1350 2108 1387 Mi-

1143 1405 1320 1444 cliaelem
1350 1407 1619 1446 vascosanum
1655 1409 1770 1448 4543.
1802 1406 1838 1448 li.
1870 1411 1957 1462 Rufi
2002 1410 2110 1449 Festi

1145 1467 1394 1506 Breviarium
1413 1479 1547 1507 rerum
1565 1473 1771 1519 gestarum
1787 1473 2105 1522 populiRomani,

1147 1529 1268 1567 Paris.
1286 1540 1347 1580 ap.
1362 1531 1601 1570 Mamertum
1625 1533 1875 1572 Patissonum
1898 1534 2013 1573 4588.
2030 1535 2067 1572 8.

1195 1590 1283 1640 Rufi
1315 1592 1440 1631 Fonti
1464 1594 1714 1634 Breviarium
1754 1599 1795 1634 et
1828 1596 2108 1646 inscriptiones

1145 1653 1302 1703 aliquae
1329 1655 1519 1705 antiquae
1544 1655 1591 1694 ad
1615 1656 1895 1706 aquaeductus
1910 1659 2111 1708 pertinen-

1144 1719 1231 1762 tes,
1262 1720 1302 1753 et
1333 1715 1547 1767 descriptio
1579 1718 1689 1756 urbis
1718 1718 1945 1767 Romanae,
1977 1720 2050 1759 MS.
2070 1722 2107 1757 in

1142 1777 1240 1816 Bibl.
1272 1778 1499 1817 Cardinalis
1529 1780 1729 1819 Ottoboni.
1762 1782 1878 1819 Bern.
1910 1780 1959 1821 de
2003 1783 2111 1820 Mon-

1151 1841 1316 1880 tfaucon
1351 1840 1450 1879 Bibl.
1482 1841 1816 1881 Bibliothecarum
1832 1843 1939 1882 MSS.
1967 1844 2110 1893 ρ.489.

1201 1903 1393 1951 RUFUS,
1424 1905 1541 1943 Poeta
1572 1904 1694 1943 seculi
1725 1905 1883 1943 circiter
1926 1906 2012 1943 ΧΗ.
2043 1907 2109 1955 qui

1142 1963 1189 2002 de
1219 1963 1341 2003 rebus
1386 1963 1616 2005 Curialium
1663 1967 1850 2017 scripsit,
1881 1973 1920 2005 et
1964 1978 1985 2005 a
2016 1969 2111 2006 Mat-

1144 2026 1260 2065 thaeo
1302 2026 1596 2067 vindocinense
1635 2029 1834 2068 refutatus
1879 2030 1963 2068 fuit.
2001 2029 2110 2068 Haec

1141 2088 1259 2128 docet
1289 2089 1534 2129 Scholiastes
1558 2090 1724 2130 Ebrardi
1743 2092 2028 2131 Bethuniensis
2043 2103 2109 2130 su-

1138 2162 1208 2201 pra
1237 2163 1257 2191 a
1287 2152 1430 2190 Nostro
1457 2152 1658 2192 adductus
1694 2158 1801 2192 tomo
1846 2153 1890 2192 ll.
1936 2166 1970 2204 p.
2015 2153 2106 2193 [286.

1139 2213 1206 2261 qui
1231 2216 1368 2251 tamen
1393 2243 1400 2262 ,
1430 2224 1522 2252 cum
1554 2213 1602 2252 de
1646 2215 1842 2254 Matthaeo
1872 2217 1978 2267 agit,
2010 2221 2035 2254 t.
2066 2217 2110 2255 V.

1141 2273 1205 2312 53.
1237 2272 1323 2312 hoc.
1353 2285 1454 2324 opus
1484 2276 1570 2314 eius
1600 2287 1677 2313 non
1711 2282 1914 2316 memorat.

1194 2335 1474 2375 RUGGERUS
1491 2336 1524 2373 F
1525 2334 1714 2385 ulciensis,
1726 2349 1764 2375 v,
1777 2348 1895 2388 supra
1906 2340 2111 2390 Roqerius.

1193 2396 1466 2436 RUPERTUS
1496 2398 1560 2436 vel
1591 2400 1711 2436 etiam
1738 2397 1934 2438 Robertus
1953 2400 2110 2447 Abbas,

1141 2459 1303 2509 scripsit
1333 2458 1566 2498 Historiam
1596 2459 1859 2512 eoepeclitionis
1888 2461 2114 2514 Hierosoly-

1140 2520 1311 2560 mitanae
1342 2520 1420 2559 sub
1454 2521 1612 2559 Urbano
1643 2522 1689 2559 ll.
1719 2533 1821 2571 quae
1850 2522 1926 2561 MS.
1969 2529 2031 2560 est
2072 2525 2110 2562 in

1143 2581 1329 2620 Biblioth.
1347 2582 1569 2621 Cardinalis
1588 2582 1788 2621 Ottoboni.
1815 2585 1927 2622 Bern.
1943 2583 1990 2621 de
2007 2586 2111 2624 Mon·

1144 2643 1309 2681 tfaucon
1341 2643 1438 2681 Bibl.
1469 2643 1567 2682 Bibl.
1597 2644 1707 2683 MSS.
1736 2657 1771 2695 p.
1802 2646 1890 2684 489.

1198 2702 1311 2742 Alius
1341 2704 1606 2743 RUPERTUS
1624 2705 1757 2744 Abbas
1776 2736 1784 2754 ,
1801 2706 1940 2757 cusjus
1961 2709 2111 2748 Stimu-

1146 2764 1228 2803 lum
1259 2764 1472 2804 charitatis
1504 2766 1543 2804 in
1569 2767 1705 2806 Jesum
1736 2767 1940 2808 Christum
1963 2772 1999 2808 in
2029 2772 2109 2810 Bibl

1144 2827 1330 2866 Vaticana
1364 2827 1528 2867 obvium
1560 2829 1709 2878 profert
1741 2828 1844 2869 idem
1870 2832 2111 2871 Montfauco-

1146 2888 1236 2926 nius
1264 2899 1300 2937 p.
1327 2888 1388 2927 99.

1198 2949 1489 2993 RUPERTUS.
1520 2953 1740 2992 monachus
1769 2955 1811 2993 S.
1834 2953 1985 2994 Albani
1999 2958 2105 3007 apud

1144 3011 1414 3060 moguntiam,
1445 3013 1604 3052 scholae
1636 3014 1776 3053 ibidem
1810 3018 1978 3066 praefuit
2006 3020 2108 3058 circa

1145 3082 1179 3110 a.
1210 3072 1299 3110 892.
1328 3073 1455 3112 Vitam
1477 3075 1516 3113 S.
1542 3073 1690 3115 Albam·
1704 3078 1866 3116 metrice
1883 3079 2110 3131 descripsit.

1148 3134 1204 3172 lta
1234 3135 1479 3175 Trithemius
1496 3138 1532 3174 in
1549 3136 1693 3176 Chron.
1713 3139 1994 3192 llirsaugiensi.
2011 3144 2107 3183 Dan.

1148 3206 1243 3233 vero
1276 3197 1564 3247 l'apebroehius
1594 3200 1631 3236 in
1661 3197 1773 3239 Actis
1803 3202 1980 3244 Sanctor.
2010 3211 2103 3244 tom.

1150 3254 1211 3294 lv.
1244 3258 1348 3296 Junii
1381 3270 1415 3308 p.
1439 3259 1502 3297 89.
1537 3259 1651 3310 longe
1692 3262 1888 3310 juniorem
1933 3277 2104 3316 pronun-

1152 3318 1253 3365 viat,
1285 3320 1350 3367 qui
1383 3321 1516 3360 seculo
1547 3323 1651 3360 Xlll.
1697 3325 1772 3362 vel.
1814 3328 1932 3365 otiam
1975 3330 2103 3367 serius·
