2517 4009
888 243 1294 285 RAVENNAs

83 314 310 367 jucturam,
342 317 385 351 ut
415 311 540 359 solet,
572 312 669 349 satis
691 311 881 351 audacem
908 314 1048 360 adfert,

86 389 207 428 quam
239 375 405 427 propriis
436 374 562 424 ipsius
599 374 731 412 verbis
772 376 1046 424 proferemus:

88 437 254 478 Interim
282 435 384 475 addo
415 446 507 486 eqo,
541 447 596 474 eec
624 434 778 474 solicita
817 437 1045 487 primorum

84 499 279 551 Anonymi
304 496 522 550 foliorum,
553 497 634 546 (hic
665 497 778 536 deest
807 498 1045 548 evolutione,

85 561 150 600 vel
182 560 310 599 simile
336 559 445 610 quid)
470 557 639 598 dilucide
659 571 858 611 apparere
874 574 886 608 ,·
911 562 983 612 qui
1003 561 1049 600 il-

82 622 163 662 lum
191 621 425 673 descripsit,
471 621 684 672 eaeemplar
718 633 821 672 prae
863 622 1046 662 manibus

80 688 196 724 'vetus
225 681 433 727 habuisse,
465 683 581 735 cujus
608 683 742 734 prima
771 683 869 735 folia
901 683 1046 724 dilace-

81 750 175 785 rata
204 750 243 785 et
262 745 490 797 promiscue
527 745 693 795 disjecta
720 745 901 799 fuerunt.
929 747 973 784 In
998 747 1046 785 iis

81 807 182 850 enim
205 807 325 855 locis,
354 819 459 858 quae
481 807 528 846 de
551 808 630 846 situ
665 807 861 846 Paradisi
896 813 1043 859 aqunt,

81 869 300 909 commiocta
324 873 363 908 et
374 869 542 922 confusa
558 873 651 908 sunt
665 881 820 908 summa
846 869 955 919 imis,
976 883 1046 908 an-

82 931 298 971 tecedentia
333 930 684 984 consequentibus,
706 944 931 984 versusque
955 944 1045 972 ver-

79 991 204 1032 sibus.
232 993 333 1033 Cum
360 993 484 1046 iqitur
511 993 708 1033 librarius
735 1006 811 1032 non
845 994 1045 1046 potuisset

78 1054 238 1106 sinqula
268 1056 308 1093 in
338 1055 517 1094 ordinem
545 1055 777 1094 naturalem
808 1060 1042 1104 restituere,

77 1116 270 1166 schedas,
302 1121 347 1156 ut
373 1116 659 1167 obveniebant,
706 1119 762 1157 ita
803 1118 1040 1170 descripsit,

76 1183 124 1218 ut
149 1178 282 1218 nullus
310 1190 450 1218 sensus
480 1190 630 1230 sanus,
655 1180 692 1218 si
719 1185 843 1230 prout
872 1181 1041 1231 jacent,

75 1245 315 1289 sumantur,
346 1253 402 1280 eac
426 1241 609 1280 diseurso
639 1240 838 1292 Anonymi
859 1239 1047 1291 eoesculpi

68 1303 205 1353 possit.-
237 1305 361 1341 Locus
386 1306 477 1341 tune
503 1302 582 1354 ipsi
603 1307 720 1350 erat,
743 1315 769 1340 a
794 1301 953 1340 lectione
975 1301 1043 1340 At-

75 1363 237 1402 hanasii
251 1363 432 1415 Junioris
461 1364 635 1413 recenti,
673 1363 828 1413 verba,
859 1375 963 1415 quae
1000 1365 1040 1403 S.

75 1424 290 1464 Athanasii
315 1437 401 1464 esse
421 1424 619 1477 putabat,
650 1426 694 1464 de
722 1425 919 1464 Paradiso
941 1425 1044 1464 inse-

75 1487 212 1536 rendi,
243 1499 473 1539 quanquam
490 1519 500 1536 ,
521 1487 594 1527 ubi
609 1487 678 1527 illa
695 1488 885 1531 inseruit,
901 1500 1041 1539 super-

72 1561 203 1589 vacua
225 1553 376 1599 essent,
402 1562 527 1602 neque
565 1552 654 1590 cum
690 1549 1039 1590 antecendentibus

78 1615 117 1650 et
131 1611 386 1664 sequentibus
397 1613 576 1664 periodis
600 1612 870 1663 cohaererent,
886 1616 930 1651 ut
948 1612 1041 1652 soli-

77 1674 153 1713 cite
167 1673 418 1727 Anonymum
437 1675 658 1726 inspicienti
674 1675 713 1714 in
724 1674 938 1728 propatulo
953 1675 1039 1714 erit.

128 1737 221 1775 Post
247 1737 344 1775 baec
381 1738 584 1777 Eccardus
621 1739 817 1788 insignem
865 1737 1039 1788 aliquem

75 1799 112 1836 in
143 1798 241 1837 libro
257 1799 384 1850 primo
402 1800 650 1838 Ravennatis
672 1800 1039 1850 transipositionem

75 1860 262 1909 molitur,
291 1865 331 1899 et
361 1861 481 1900 verba
514 1873 583 1912 pro
613 1862 742 1901 lubitu
773 1874 823 1900 ex
849 1866 1042 1901 contextu

76 1923 251 1961 auctoris
281 1924 318 1960 in
351 1923 472 1962 aliurn
502 1923 632 1963 locum
667 1923 844 1974 trajicit,
876 1924 912 1962 id
939 1925 1042 1974 quod

76 1988 139 2022 est
165 1988 303 2023 contra
332 1995 577 2024 consensum
602 1986 793 2024 librorum
815 1997 937 2024 manu
953 1997 1046 2024 exa—

75 2050 265 2086 ratorum,
298 2049 513 2098 Postquam
546 2048 665 2099 igitur
714 2048 826 2086 locus
870 2047 1044 2086 Athana-

74 2109 119 2146 sii
148 2107 302 2158 eje-c'tus
332 2115 420 2157 est,
449 2109 568 2148 dubia
593 2114 731 2150 contra
757 2110 940 2150 seculum
961 2111 1040 2148 Vll.

73 2181 239 2221 prorsus
261 2177 526 2212 evanuerunt.
558 2172 702 2211 Probat
732 2185 828 2211 vero
859 2185 908 2210 ex
941 2173 1044 2211 Scri-

74 2233 282 2283 ptoribus,
313 2242 415 2284 quos
447 2235 552 2273 ultra
583 2235 766 2274 seculum
799 2235 881 2273 Vll.
913 2234 1044 2272 nullos

73 2295 194 2333 citat:
224 2299 312 2334 tum
338 2308 388 2334 ex
421 2297 542 2347 rebus
570 2299 722 2348 gestis,
754 2308 857 2347 quae
879 2297 982 2335 ultra
1003 2297 1045 2334 il-

74 2356 109 2394 la
141 2360 320 2406 tempora
351 2369 516 2407 prorsus
549 2359 654 2397 nulla
688 2363 895 2397 memorat.
913 2359 964 2397 Et
983 2359 1045 2396 hie

77 2416 284 2456 fatendum
323 2422 424 2466 est,
470 2420 695 2458 Eccardum
743 2421 1046 2459 observationes

10 2520 13 2521 ⁷
75 2490 240 2530 prorsus
270 2481 476 2531 egregias,
506 2492 555 2518 ex
599 2481 761 2520 historia
809 2483 915 2520 illius
956 2483 1044 2520 aevi

76 2542 247 2593 petitas,
277 2541 461 2589 adferre,
491 2548 531 2581 et
562 2544 685 2581 simul
717 2544 898 2582 seculum
924 2554 1043 2581 suum

77 2604 227 2641 auctori
260 2603 438 2654 probare.
468 2605 547 2643 Eas
578 2604 719 2643 harum
753 2616 887 2645 rerum
918 2606 1045 2643 curio-

78 2676 149 2703 sus
179 2665 228 2703 ab
258 2666 342 2716 ipso
375 2670 493 2715 petat.

132 2726 293 2766 Tertius
322 2727 494 2778 denique
526 2729 766 2766 sententiam
799 2727 905 2766 dicat
930 2729 972 2767 V.
999 2729 1040 2767 C.

79 2789 222 2828 Petrus
268 2791 574 2840 Wesselingius.
623 2792 660 2828 ls
711 2791 746 2827 in
792 2789 1042 2828 dedicatione

79 2850 376 2890 dissertationis
406 2851 454 2890 de.
483 2852 728 2890 Judaeornm
759 2852 1041 2899 Areliontibus,

79 2912 402 2952 dissertationem
439 2913 487 2952 de
532 2906 737 2953 fraudibus
781 2919 820 2953 et
862 2915 1038 2961 artibus,

81 2976 281 3024 Anonymi
313 2976 435 3013 nostri
467 2987 510 3014 se
541 2976 710 3028 adjicere
737 2977 911 3015 voluisse
935 2977 1040 3025 dicit,

83 3036 150 3074 sed
182 3047 202 3074 a
234 3037 494 3088 typographis
526 3037 775 3088 impeditum.
819 3039 941 3088 lgitnr
979 3050 1043 3077 oc-

137 3159 172 3197 a)
196 3160 269 3191 Lib.
297 3162 354 3192 ΙΙΙ.
378 3162 456 3200 (lap.
479 3163 510 3193 2.
533 3165 566 3193 et
588 3163 622 3194 5.

140 3210 175 3248 b)
194 3211 266 3242 Lib.
291 3213 344 3242 lv.
367 3212 448 3251 Cap.
474 3212 506 3243 5.
529 3212 559 3243 5.
583 3213 612 3242 (3.
642 3213 672 3243 7.

138 3260 170 3297 c)
196 3259 269 3292 lbid
295 3261 374 3301 Cap.
398 3261 431 3294 8.
454 3261 486 3292 9.
517 3261 566 3294 10.
595 3261 646 3293 14.

137 3309 172 3349 d)
189 3310 270 3342 Vide
294 3312 473 3343 sornandis
499 3314 558 3343 Get
584 3313 662 3354 Cap.
679 3313 707 3344 25.
725 3313 777 3344 ⁶2⁶2.
794 3313 847 3346 56.
866 3316 898 3344 et
917 3315 1047 3346 Raven.

83 3360 118 3391 L.
143 3360 193 3392 lv.
218 3361 296 3400 Cap.
321 3360 352 3393 5.
380 3360 428 3392 14.
454 3361 484 3393 9.

2009 257 2087 297 359

1125 318 1283 356 casione
1329 319 1447 367 libri,
1491 321 1556 370 qui
1604 323 1812 362 Historiam
1856 325 2084 366 Naturalem

1125 380 1353 428 provinciae
1378 381 1645 422 Narbonensis
1674 386 1881 436 continet,
1910 387 2006 426 dicit
2042 401 2085 428 se

1122 441 1158 477 in
1191 451 1259 479 eas
1288 443 1548 492 cogitationes
1578 444 1817 496 devenisse,
1836 448 2084 498 Castorium,

1122 513 1241 551 quem
1275 503 1513 554 Anonymus
1545 512 1680 546 noster
1708 510 1829 558 citat,
1856 516 1926 550 aut
1957 513 2086 552 Tabu-

1124 563 1202 601 latn
1237 566 1585 616 Peutingerianam
1617 574 1656 607 et
1687 571 1958 621 itinerarium,
1980 575 2084 624 quod

1123 625 1198 663 sub
1228 626 1416 664 Antonini
1450 631 1608 668 nominc
1630 631 1796 681 prodiit,
1822 633 2085 686 descripsisse

1121 691 1161 724 et
1189 688 1456 738 compilasse,
1488 696 1556 729 aut
1587 703 1631 730 ea
1664 696 1812 733 veteris
1838 698 1926 734 aevi
1948 709 2089 737 monu-

1123 753 1256 787 menta
1293 761 1341 787 ex
1387 750 1555 789 Castorii
1598 754 1911 796 Commentariis
1957 760 2083 798 videri

1122 812 1342 861 composita
1371 817 1492 863 atque
1523 814 1689 866 digesta.
1722 819 1869 857 Deinde
1901 827 2087 860 auctores

1123 873 1251 922 ipsum
1284 872 1449 913 finxisse
1481 876 1619 924 docet,
1655 878 1689 916 id
1721 881 1825 930 quod
1858 894 1906 920 ex
1954 884 2086 923 verbis

1122 935 1277 985 ipsius,
1307 948 1409 987 quae
1440 938 1648 989 adscribo,
1682 943 1856 992 patebit:
1889 946 1998 993 Quae
2044 946 2084 984 in

1125 995 1295 1049 AEqypto
1325 1002 1444 1050 atque
1466 999 1632 1051 Africae
1655 1002 1863 1043 civitatum
1892 1007 2086 1046 recensio-

1119 1068 1166 1096 ne
1195 1070 1250 1097 eac
1281 1060 1479 1110 Lolliano,
1514 1063 1782 1104 Romanorum
1802 1099 1812 1114 ,
1843 1072 1886 1106 ut
1928 1070 2008 1116 ait,
2051 1072 2088 1118 a)

1127 1120 1451 1173 Cosmographo,
1481 1124 1642 1176 adfert,
1674 1139 1721 1165 ea
1750 1139 1837 1167 cum
1863 1129 2087 1182 pulvisculo

1119 1192 1173 1220 ecc
1197 1182 1307 1232 picta
1341 1183 1511 1234 Tabula,
1545 1189 1815 1239 cujuscemodi
1841 1196 1899 1231 est
1929 1193 2086 1232 Peutin-

1119 1243 1316 1292 qeriana,
1348 1245 1522 1286 abstulit.
1556 1250 1732 1290 Indidem
1777 1258 1813 1291 et
1854 1266 1900 1292 ea
1944 1259 2085 1294 mutua

1117 1305 1262 1343 sumsit
1280 1336 1286 1350 ,
1317 1318 1419 1357 quae
1452 1310 1609 1349 Libanio
1628 1312 1667 1349 in
1686 1314 1863 1365 Bospori,
1885 1315 2084 1368 Scythiae,

1125 1366 1297 1404 Moesiae
1325 1368 1536 1421 utriusque
1567 1376 1606 1410 et
1637 1374 1828 1415 Thraciae
1857 1377 2086 1431 descriptio-

1119 1438 1166 1464 ne
1196 1428 1232 1476 b)
1264 1434 1425 1481 accepta
1454 1432 1601 1470 retulit.
1635 1435 1714 1473 ,Vec
1742 1436 1867 1476 alium
1898 1439 1966 1478 illa
2009 1453 2083 1479 au-

1115 1493 1263 1527 ctorem
1292 1498 1537 1542 aqnoscunt,
1568 1506 1670 1545 quae
1702 1496 1739 1534 in
1771 1499 1918 1549 Epir-o,
1969 1502 2081 1540 Pela-

1109 1551 1229 1601 9onia
1244 1584 1254 1601 ,
1281 1552 1511 1592 Macedonia
1532 1559 1570 1594 et
1588 1556 1760 1596 Graecia
1781 1561 1816 1609 c)
1843 1562 2078 1606 Aristarchi,

1121 1617 1159 1651 et
1187 1613 1226 1651 in
1253 1615 1375 1654 Dacia
1387 1615 1524 1666 prima
1549 1622 1586 1656 et
1608 1614 1783 1658 secunda
1808 1622 1975 1661 Sardatii
2001 1637 2087 1665 esse

1111 1675 1387 1727 perhibentur.
1421 1680 1465 1717 In
1494 1692 1541 1718 ea
1570 1681 1764 1732 quidem,
1811 1697 1858 1723 ne
1900 1684 2089 1737 fallaciae

1115 1742 1350 1787 eoestarent,
1383 1740 1539 1781 addidit
1567 1743 1734 1783 subinde
1759 1745 1897 1798 aliqua
1923 1760 1979 1788 ea:
2001 1751 2091 1788 Jor—

1117 1799 1262 1839 nandis
1292 1800 1422 1841 Rebus
1453 1804 1489 1852 d)
1535 1805 1704 1855 Geticis,
1752 1808 1817 1847 vel
1860 1811 1917 1849 sic
1963 1815 2092 1852 tamen

1119 1858 1326 1902 manifesto
1357 1864 1638 1917 deprehensus.
1675 1869 1766 1908 Vide
1797 1871 1907 1910 modo
1937 1872 1984 1911 de
2015 1876 2092 1913 Ma-

1121 1925 1252 1973 ximo,
1283 1928 1411 1966 Marco
1443 1930 1566 1976 Miro,
1609 1931 1881 1983 Athanarido,
1926 1934 2091 1975 urbibu-

1119 1996 1218 2037 sque
1250 1999 1328 2038 per
1358 1988 1535 2042 Illyrici,
1582 1994 1835 2044 Pannoniae,
1868 1997 2105 2038 Dalmatiae

1129 2048 1315 2089 Valeriae
1338 2083 1345 2090 .
1378 2052 1694 2107 Germaniaeque
1718 2059 1751 2105 e)
1763 2058 2008 2109 provincias,
2029 2062 2056 2099 A
2066 2061 2092 2100 l-

1120 2114 1206 2150 tera
1237 2113 1291 2151 ita
1322 2114 1422 2153 vmihi
1433 2120 1543 2155 certa
1558 2117 1798 2169 videbatur,
1824 2125 1869 2160 ut
1884 2123 1984 2162 nihil
2001 2136 2094 2175 pos-

1119 2178 1180 2211 set
1207 2186 1350 2226 supra.
1385 2179 1534 2229 Ecquis
1565 2183 1666 2220 enim
1684 2194 1863 2235 unquam
1879 2185 2002 2237 fando
2027 2199 2093 2225 ac-

1123 2236 1254 2286 cepit,
1281 2239 1580 2280 Penthesileam
1606 2247 1643 2281 et
1658 2246 1897 2295 Marpesium
1917 2247 1964 2285 de
1990 2248 2094 2288 Cau-

1120 2297 1242 2335 casiis
1271 2299 1469 2341 montibus
1499 2307 1537 2340 et
1563 2303 1811 2344 Amazonum
1841 2307 1932 2346 sede
1978 2310 2092 2348 Com-

1122 2360 1322 2399 mentaria
1354 2363 1379 2410 f)
1410 2362 1654 2415 reli'qwsse?
1685 2368 1821 2417 Hylam
1849 2370 1883 2417 g)
1908 2370 2092 2409 Macedo—

1128 2433 1222 2459 num
1253 2427 1296 2461 et
1332 2425 1632 2466 Rooeolanorum
1654 2460 1663 2475 ,
1711 2430 1928 2469 Pirithoum
1975 2431 2093 2471 Asiae

1121 2484 1288 2523 minoris
1319 2481 1441 2526 urbes
1471 2489 1632 2541 scriptis
1656 2491 1741 2530 suis
1772 2491 1812 2539 h)
1844 2491 2092 2533 illustrasse?

1119 2545 1259 2584 Ausim
1289 2550 1429 2598 quovis
1455 2550 1620 2600 pianore
1650 2553 1913 2598 contendere,
1939 2557 2090 2594 Rauen<

1121 2612 1250 2645 natvm
1280 2621 1335 2647 ez*
1364 2609 1606 2650 Penthesilea
1633 2617 1668 2651 et
1684 2614 1911 2666 Marpesia,
1934 2615 2092 2656 nobilis-

1121 2669 1233 2708 simis
1265 2671 1513 2711 Amazonum
1536 2706 1545 2721 ,
1578 2679 1697 2726 atque
1727 2688 1782 2714 ea:
1807 2676 1911 2728 Hyla
1940 2679 2089 2717 Hercu-

1121 2730 1169 2769 lis
1194 2735 1231 2769 et
1253 2732 1426 2770 Pirithoo
1462 2735 1598 2774 leesei
1623 2737 1749 2775 amico
1769 2738 1836 2777 hos
1859 2738 1970 2778 nobis
1993 2741 2090 2779 Gen<

1115 2793 1289 2844 qraphos
1314 2807 1560 2846 procreasse.
1596 2799 1731 2838 Ceteri
1770 2801 1855 2851 ejus
1899 2807 2085 2842 auctores

1118 2856 1191 2893 etsi
1216 2855 1339 2905 plura
1371 2857 1495 2897 literis
1524 2861 1838 2912 consiynarnnt,
1879 2863 1981 2902 nihil
2024 2868 2072 2902 tav

1119 2928 1205 2955 men
1236 2930 1404 2967 eorum,
1437 2933 1539 2973 quae
1571 2922 1798 2975 Anonymus
1843 2925 2087 2977 impudenter

1117 2979 1304 3018 mentitur
1320 3012 1328 3027 ,
1364 2983 1567 3023 Libanium
1587 2985 1644 3022 ait
1659 2985 1894 3035 Onoqoriam
1912 2987 1965 3026 ad
1982 2987 2082 3026 Pon—

1119 3041 1237 3079 ticum
1265 3054 1376 3081 utare
1402 3045 1421 3084 i'j‘
1443 3046 1652 3096 scriptione
1673 3046 1858 3088 subtilius
1882 3049 2087 3090 declaras-

1174 3166 1205 3200 v)
1228 3167 1400 3197 Ravenna<
1424 3169 1457 3198 1,.
1483 3169 1534 3199 lv.
1557 3170 1638 3209 (lap.
1667 3169 1712 3201 lss‘».
1740 3168 1786 3200 16.
1817 3170 1865 3201 10.
1886 3172 1940 3203 20.
1962 3172 2015 3203 -2-2.
2035 3173 2092 3204 24.

1175 3214 1200 3249 i')
1225 3213 1294 3245 ibid
1325 3217 1410 3255 Cap.
1431 3216 1465 3247 Δ.

1173 3263 1208 3303 g)
1234 3264 1303 3295 ibid
1326 3265 1406 3304 cap.
1435 3265 1466 3297 9.
1496 3266 1542 3298 ll.

1177 3312 1212 3349 li)
1238 3313 1305 3344 Lib.
1333 3316 1371 3344 ΙΙ,
1396 3315 1475 3355 Cap.
1505 3315 1550 3348 16,

1183 3362 1206 3399 i)
1227 3362 1296 3394 Lib.
1326 3365 1378 3394 lv.
1403 3367 1482 3404 (lap.
1506 3367 1537 3397 ι).
