2533 4009
459 240 533 278 tot

452 307 623 346 elmi-ilus
654 296 941 341 Burdiciiivnsis
999 294 1072 331 ibid
1106 306 1139 343 [J.
1165 294 1253 333 325.
1279 296 1404 333 Giral-

451 369 487 406 di
518 362 769 406 Gurubi-ensis
790 356 966 406 Epistola
997 354 1044 392 dc
1075 354 1257 393 laudibus
1300 356 1405 394 illius

451 432 577 466 exstat
612 421 752 460 ibidem
779 430 814 467 p.
848 415 935 453 ΒΜ.

505 487 653 533 Scripta
691 480 778 527 ejus
821 481 915 515 sunt
961 475 1280 525 quamplurima,
1333 476 1401 513 scd

453 547 661 586 maxim-ain
695 544 845 590 partein
879 537 1054 582 inedita,
1085 547 1254 586 quorum
1295 537 1408 575 Cata-

452 612 582 656 loguin
608 601 813 640 contexuit
843 600 960 637 llcnr.
978 597 1220 636 whartonus
1242 597 1403 648 Angliac

451 671 588 706 Sacrae
621 669 713 700 tom.
745 661 790 698 ll.
823 672 856 710 p.
891 660 980 697 344.
1014 671 1084 697 nos
1115 660 1169 697 ab
1195 659 1312 697 editis
1353 661 1409 697 in-

449 729 668 778 cipiemus,
702 724 882 762 Caveum
911 725 1050 760 secuti·

506 790 536 825 1.
567 784 766 838 Opuscula
796 784 927 822 varia.
955 785 1092 822 Venct.
1122 784 1235 822 1514.

505 850 540 886 2.
577 845 856 898 Compendiuni
877 845 1080 897 Splinercie
1103 844 1250 882 mundi.
1272 845 1412 883 venei.

449 910 558 949 1508.
590 911 639 947 al·
673 907 786 948 1518.

500 974 535 1010 3.
570 971 770 1010 Commeat
800 970 837 1007 in
868 967 989 1006 libros
1021 967 1292 1006 Pestici-iorum
1316 967 1408 1005 Ari-

445 1033 607 1072 stntelis.
639 1033 777 1070 Vcnct.
810 1030 922 1069 vlfitl't.
961 1029 1072 1067 13337.
1109 1030 1220 1068 1552.

499 1096 534 1132 4.
569 1095 851 1132 Testamentum
883 1091 969 1128 XII.
1009 1089 1345 1129 Putrtareltarum
1385 1103 1404 1129 e

447 1156 597 1194 Graece
628 1154 766 1194 Lutine
794 1163 954 1190 versum
985 1152 1082 1202 Aug.
1128 1151 1241 1190 vind.
1291 1153 1404 1192 1483.

450 1231 520 1270 per
549 1216 780 1257 Menradum
813 1215 1018 1253 Molterum
1050 1218 1090 1251 ct
1135 1214 1404 1264 Augustinum

447 1280 663 1319 Lanskron.
688 1277 839 1328 Hagan.
861 1275 975 1314 1532.
1008 1276 1044 1311 8.
1062 1276 1181 1313 Paris.
1200 1277 1317 1314 1549.
1343 1277 1406 1314 12.

444 1346 580 1392 postea
610 1343 646 1378 in
679 1337 1023 1388 lllicroprcsbytico
1046 1366 1056 1382 ,
1090 1338 1126 1374 in
1157 1336 1406 1376 Ortbodoxo-

445 1402 605 1453 graphis
634 1399 932 1439 Basilcensibus
961 1399 1132 1447 Grynaei
1166 1403 1206 1437 et
1237 1400 1405 1448 lleroldi,

446 1465 482 1501 in
515 1462 768 1502 Bibliothecis
800 1462 959 1498 l’atrum
991 1463 1148 1497 tantum
1181 1471 1257 1497 non
1283 1462 1408 1498 omni-

446 1525 533 1563 bus.
566 1522 913 1563 Praestantissima
959 1531 1053 1557 vcro
1096 1521 1274 1560 omnium
1319 1527 1408 1570 cst,

445 1597 563 1637 quam
597 1586 662 1623 Vir
692 1584 774 1622 Cel.
805 1584 863 1621 Jo.
895 1583 1092 1620 Ernestus
1116 1582 1244 1620 Grabe
1271 1587 1364 1620 tom.
1392 1584 1404 1621 I

445 1647 638 1697 Spicilegii
670 1646 739 1684 SS.
764 1646 923 1682 Petrum
943 1653 1020 1681 una
1041 1653 1132 1680 cum
1151 1647 1263 1681 textu
1284 1643 1405 1682 Grac-

444 1719 489 1746 co
519 1713 558 1746 et
587 1705 910 1745 annotationibus
951 1702 1086 1750 dedit,
1127 1706 1336 1754 repetitam
1384 1717 1404 1743 a

445 1768 620 1806 Fabricio
653 1771 787 1805 nostro
818 1766 856 1803 in
887 1762 1030 1803 Codice
1062 1764 1405 1816 Pseudepigrapho

443 1830 530 1867 Vct.
561 1830 668 1867 Test.
700 1840 737 1878 p.
768 1827 855 1866 519.

496 1892 531 1929 5.
563 1891 729 1929 Summa
758 1899 877 1940 super
911 1887 1012 1925 VIII.
1045 1885 1189 1926 Libros
1224 1887 1408 1939 Physico-

449 1962 558 1999 rum,
579 1952 718 1989 venet.
740 1961 808 2000 per
825 1950 926 1987 Petr.
945 1950 1199 1998 Bergomons.
1215 1980 1224 1996 ,
1243 1949 1356 1988 1500.
1381 1951 1404 1988 f.

501 2014 535 2050 6.
569 2012 780 2052 Comment.
814 2010 852 2048 in
877 2008 1056 2060 Dionysii
1076 2009 1334 2061 Areopayitae
1358 2010 1401 2049 li·-

446 2072 562 2111 brum
586 2072 632 2111 (Ie
670 2071 833 2124 mystica
868 2069 1093 2119 Theoloyz'a:
1139 2071 1241 2108 inter
1282 2083 1400 2122 opera

442 2136 617 2184 Dionysii
650 2134 813 2183 Argent.
845 2132 959 2170 4502.
993 2131 1093 2168 folio.
1126 2131 1241 2169 Porro
1264 2133 1299 2170 in
1317 2144 1399 2171 om-

441 2195 500 2234 nia
530 2196 703 2244 Dionysii
751 2195 877 2244 Opera
904 2222 911 2239 ,
957 2192 1136 2242 exceptis
1181 2194 1396 2243 Epistolis,

440 2260 734 2294 commentatus
763 2260 825 2292 est
854 2254 1049 2292 Robertus
1067 2282 1075 2301 ,
1092 2255 1399 2305 versionemque

439 2329 574 2356 corum
607 2318 785 2355 Latinam
816 2328 865 2354 cx
895 2315 1080 2354 omnibus
1113 2317 1397 2366 interpretibus

440 2379 556 2416 simul
585 2378 740 2417 collatis
768 2379 1073 2415 consarcinavit.

488 2441 524 2477 7.
555 2440 693 2478 Sermo
719 2438 945 2490 propositus
969 2449 1104 2476 coram
1134 2440 1244 2490 Papa
1280 2439 1394 2476 Inno-

438 2501 558 2539 centio
583 2501 647 2539 IV.
673 2504 710 2538 et
729 2499 1015 2539 Cardt'nalt'bus
1040 2499 1246 2550 Luqduni,
1282 2502 1396 2540 1250.

438 2564 581 2601 Exstat
610 2568 716 2601 tomo
746 2563 793 2600 11.
823 2562 986 2612 Angliac
1017 2562 1161 2601 Sacrae
1192 2574 1216 2612 p
1254 2563 1344 2601 347.

490 2624 529 2662 8.
572 2624 705 2662 Edidit
747 2622 909 2674 quidam
955 2623 1193 2673 Anonymus
1231 2624 1394 2662 Londini

444 2685 654 2724 1652.12.
698 2684 814 2723 4658.
858 2685 894 2722 8.
938 2683 1104 2722 Librum
1148 2686 1305 2724 Roberti
1353 2685 1399 2724 de

443 2746 658 2785 cessatione
685 2744 906 2796 Leqalium‚
937 2745 1005 2783 sed
1030 2747 1096 2795 qui
1115 2746 1271 2796 ,judice
1295 2746 1401 2786 Edu-

438 2807 530 2845 ardo
561 2809 745 2846 Brownio
770 2837 780 2853 ,
816 2808 881 2844 vix
914 2817 982 2855 pro
1013 2808 1127 2844 tertia
1160 2812 1270 2857 parte
1301 2810 1400 2847 intc-

439 2869 494 2917 gri
527 2868 648 2917 hujus
678 2871 873 2906 tractatus
907 2866 1041 2904 haberi
1073 2867 1202 2905 debet.

491 2929 526 2965 9.
550 2930 686 2968 Sermo
707 2928 762 2966 ad
799 2927 960 2967 Clerum
1011 2926 1055 2965 (le
1099 2927 1250 2978 triplici
1286 2930 1400 2980 Reyis

440 3000 459 3023 o
490 2989 585 3036 ieie,
619 2991 656 3027 in
688 2991 862 3039 Sapicnt.
896 2989 939 3026 V.
969 2989 1032 3027 26.

491 3051 628 3087 Sermo
653 3050 707 3089 ad
728 3050 891 3089 eundem
915 3049 962 3088 de
988 3048 1083 3088 hono
1113 3051 1302 3100 Pastore,
1348 3052 1395 3091 ad

442 3111 549 3146 Joan.
583 3113 631 3148 X.
663 3113 724 3149 10.

496 3169 604 3207 .ll1'us
632 3176 768 3209 contra
801 3174 988 3211 Pus-tores
1014 3177 1049 3211 el
1076 3173 1283 3213 Praetatos
1310 3186 1394 3212 ma-

446 3227 524 3271 les,
557 3231 697 3267 lexovii.
731 3235 908 3271 xxxw.
941 3236 977 3272 2.

499 3286 603 3325 ,ilios
626 3290 678 3326 (ut
700 3293 921 3332 sacerdotes
946 3296 983 3333 in
1008 3296 1160 3345 Synodo
1190 3297 1238 3334 de
1265 3299 1397 3336 verbis

1252 225 1538 263 nolli-2111*
1566 225 1592 262 U
1615 226 1640 261 S

1476 293 1621 331 chcs.
1652 293 1673 329 l.
1707 294 1768 330 17.
1794 291 1931 331 Posuit
1954 291 2086 332 stellas
2126 289 2164 328 in
2190 290 2438 340 firmamento

1480 353 1588 392 coeli.

1534 414 1650 454 Alius
1671 426 1710 452 ιη
1735 414 1991 454 celebratione
2016 415 2220 462 ordinum,
2251 413 2298 452 ad
2326 413 2446 453 verba

1488 477 1578 514 Luc.
1611 477 1694 514 ΧΠ.
1726 475 1789 514 35.

1535 536 1648 575 Alius
1668 536 1714 574 de
1740 534 1835 574 bono
1852 535 2015 587 judice,
2048 538 2189 576 Psalm.
2227 536 2340 575 LVll.
2372 537 2405 573 1.

1541 598 1751 636 Tractatus
1774 596 1820 635 de
1841 596 2065 648 Prophetiis
2084 598 2192 637 veris
2216 601 2252 636 et
2272 595 2406 649 falsis.

1538 659 1654 698 Alius
1679 658 1725 697 de
1748 657 1824 709 sicle
1845 661 1881 697 el
1901 659 1986 709 ejus
2008 657 2227 697 attributis.

1538 720 1650 759 Altus
1671 719 1716 758 de
1745 719 1942 758 Oratione.

1539 781 1653 820 Alius
1682 781 1728 820 cle
1769 779 1959 833 superbia
1989 784 2025 819 et
2058 779 2321 829 detractione,
2354 784 2444 831 [non

1484 842 1794 891 detrectatione,
1826 847 1870 881 ut
1905 842 2094 881 mendoso
2123 852 2363 892 expressum
2387 847 2449 881 cst

1483 906 1520 941 in
1550 904 1723 942 editione
1753 905 1874 943 Cavci
1906 904 2162 953 Gencvcnsi.)

1536 966 1743 1004 Sermones
1773 969 1853 1004 tres
1877 964 1923 1004 (le
1950 963 2180 1004 humilitate.

1535 1027 1691 1065 Dictum
1737 1025 1783 1065 de
1827 1026 2048 1078 patientia,
2090 1023 2366 1065 misericordia
2409 1029 2447 1062 et

1472 1087 1635 1138 justitia
1660 1099 1701 1126 tn
1726 1089 1830 1127 omni
1857 1088 1930 1126 Dei
1951 1099 2068 1138 opere
2090 1087 2312 1139 conjuncta.

1536 1151 1675 1188 Sermo
1700 1149 1754 1188 ad
1778 1148 1940 1190 Clerum
1965 1149 2011 1188 de
2033 1147 2168 1188 verbis
2204 1146 2378 1200 Apostoli
2413 1150 2448 1186 1.
2469 1190 2474 1194 ,

1481 1212 1652 1250 Timotli.
1687 1212 1747 1250 lV·
1780 1212 1842 1250 12.

1533 1272 1646 1311 Alius
1669 1272 1724 1311 ad
1746 1271 1870 1312 verba
1901 1274 2042 1312 Psalm.
2073 1274 2270 1313 CXXXII.
2302 1273 2337 1311 9.
2373 1274 2446 1313 Sa-

1481 1334 1655 1373 cerdotes
1681 1335 1742 1373 tui
1760 1333 1979 1373 induantur
1993 1334 2170 1387 justitia.

1537 1396 1743 1447 Epistolae
1769 1397 1834 1436 XI.
1885 1408 2056 1447 quarum
2087 1396 2225 1435 ultima
2246 1395 2301 1434 ad
2332 1396 2448 1435 Inno-

1481 1458 1648 1496 centium
1675 1458 1740 1497 IV.
1772 1469 1875 1508 quae
1901 1457 2151 1508 responsoria
2177 1461 2240 1495 est
2274 1457 2321 1496 ad
2351 1458 2442 1509 Epi-

1481 1520 1622 1557 stolam
1651 1519 1878 1565 Pontificis,
1902 1530 1970 1569 pro
1995 1520 2235 1558 investitura
2267 1519 2446 1570 impube-

1481 1583 1534 1620 ris
1564 1581 1774 1631 cujusdam
1806 1581 2073 1621 adolescentis
2100 1581 2183 1620 Itali
2212 1581 2248 1618 in
2276 1581 2446 1621 Canoni-

1479 1647 1613 1682 catum
1638 1643 1830 1682 ccclesiae
1851 1643 2154 1682 Lincolniensis.
2180 1643 2324 1681 Verum
2354 1643 2446 1693 Epi-

1484 1714 1629 1754 scopus
1652 1708 1788 1742 noster
1813 1705 1963 1743 fulmen
1995 1703 2196 1743 Pontificis
2226 1708 2442 1753 retorquet,

1485 1771 1525 1803 ot
1550 1768 1695 1816 Papam
1728 1764 2019 1804 Antichristum
2064 1775 2155 1804 esse
2196 1766 2443 1816 pronunciat.

1478 1827 1703 1878 Legebatur
1736 1826 1817 1876 jam
1857 1831 1950 1865 ante
1993 1826 2090 1866 haec
2127 1826 2303 1877 Epistola
2339 1826 2443 1877 apud

1481 1889 1724 1927 Mattliaeum
1750 1889 1868 1927 Paris.
1896 1887 1943 1927 ad
1967 1898 2000 1926 a.
2028 1887 2143 1927 1253.
2167 1887 2263 1925 etin
2284 1886 2446 1926 Annali-

1481 1950 1556 1988 bus
1583 1949 1916 1988 Burtonensibus.
1944 1947 2058 1999 Apud
2085 1948 2253 1999 priorem
2286 1959 2444 1998 quoque

1478 2011 1783 2049 dissertationes
1821 2010 2001 2060 ejusdem
2041 2011 2220 2049 morituri
2253 2009 2442 2061 lugubres

1475 2073 1672 2111 advorsus
1695 2073 1974 2123 oppressiones
1998 2072 2202 2111 Ecclesiae
2222 2083 2243 2111 a
2268 2073 2444 2111 Romano

1475 2135 1661 2173 l’ontiiicc
1687 2135 1815 2173 illatas
1840 2134 2107 2183 reperiuntur.

1530 2194 1836 2234 Constitutiones
1854 2195 2016 2234 XXXIX.
2046 2192 2211 2234 Clericis
2227 2205 2324 2234 suae
2339 2193 2442 2234 dioe-

1475 2256 1574 2295 cesis
1598 2256 1782 2295 directae.

1530 2319 1672 2358 Omnis
1691 2318 1800 2368 haec,
1817 2329 1918 2369 quae
1937 2317 2012 2356 sub
2030 2329 2138 2356 num.
2157 2318 2194 2356 9.
2214 2318 2330 2357 allata
2347 2323 2443 2358 sunt

1475 2378 1599 2418 edidit
1621 2379 1836 2418 Eduardns
1869 2382 2041 2418 Browne
2081 2380 2118 2417 in
2162 2378 2333 2417 editione
2370 2389 2441 2418 sua
2503 2421 2505 2428 χ

1476 2441 1668 2480 Fasciculi
1702 2452 1834 2479 rerum
1858 2440 2173 2492 expetendarum
2213 2444 2254 2479 et
2289 2441 2441 2492 fugien-

1476 2503 1617 2542 darum
1642 2532 1650 2550 ,
1680 2502 1800 2541 Lond.
1828 2502 2025 2541 1690101.
2047 2502 2114 2552 qui
2138 2505 2178 2540 et
2198 2501 2443 2541 dissertatio-

1477 2575 1567 2602 nem
1590 2563 1636 2602 de
1650 2563 1726 2614 fide
1750 2567 1789 2602 et
1811 2562 1994 2602 doctrina
2016 2561 2177 2602 Roberti
2203 2561 2442 2602 Lincolnien-
2507 2553 2513 2564 ’

1471 2626 1527 2665 sis
1551 2622 1717 2678 adJ'ecit.‘

1534 2688 1686 2726 Inedita
1718 2698 1812 2725 vero
1845 2687 1950 2725 illius
1976 2686 2089 2736 longe
2115 2686 2250 2736 majori
2277 2697 2442 2725 numero

1479 2754 1574 2787 sunt
1598 2778 1606 2798 ,
1628 2749 1774 2799 quippe
1799 2749 1972 2786 ,loannes
1994 2747 2191 2786 Williams
2215 2748 2280 2787 illa
2314 2747 2441 2787 tribus

1482 2810 1636 2860 magnis
1662 2807 1945 2847 voluminibus.
1976 2807 2218 2859 collegerat,
2244 2812 2284 2848 et
2306 2807 2442 2847 editio—

1484 2871 1521 2907 ni
1544 2869 1829 2916 destinaverat,
1844 2868 1913 2907 scd
1933 2869 2033 2908 bella
2049 2869 2178 2907 civilia
2198 2869 2441 2920 propositum

1484 2930 1579 2969 illud
1607 2931 1922 2979 interruperunt.
1955 2929 2070 2969 Nulla
2096 2931 2176 2969 fere
2200 2934 2262 2969 est
2289 2929 2442 2980 Anglici

1479 2992 1588 3041 regni
1618 2990 1859 3030 Bibliotheca
1884 3020 1894 3036 ,
1929 3003 2030 3041 quae
2056 3003 2132 3030 non
2169 2991 2304 3042 plures
2338 2991 2441 3030 illius

1476 3053 1642 3093 Codices
1668 3052 1867 3091 exhibeat.
1893 3052 2151 3103 Apponamus
2183 3053 2322 3092 titulos
2345 3063 2439 3103 quo-

1474 3114 1642 3153 rundam
1670 3115 1866 3164 potiorum
1890 3127 1897 3151 :
1931 3113 2216 3153 Commentarii
2239 3125 2279 3152 m
2309 3111 2439 3164 pluri-

1474 3186 1557 3214 mos
1579 3173 1702 3213 libros
1723 3173 1847 3213 libros
1871 3173 2040 3213 Biblicos
2059 3205 2067 3222 ,
2095 3174 2142 3213 de
2163 3173 2313 3225 triplici
2341 3183 2438 3223 qra-

1475 3237 1530 3274 tia
1553 3239 1590 3274 et
1599 3235 1911 3287 justificatione,
1934 3235 1981 3275 de
2001 3235 2132 3275 danda
2167 3232 2406 3286 poenitentia
2427 3263 2435 3281 ,
2484 3252 2490 3257 -

1473 3297 1519 3336 (le
1539 3303 1717 3349 computo
1744 3297 2018 3337 Ecclesiastico
2039 3327 2046 3346 ‚
2072 3297 2118 3336 de
2136 3293 2348 3346 pollutione
2369 3305 2435 3332 no-
2530 3307 2533 3418 1
