2533 4009
498 262 570 302 134

496 334 696 371 extinctus
736 333 776 369 Α.
810 327 906 367 853j
929 329 1023 367 Vide
1056 328 1379 367 Sammarthanos
1413 334 1438 366 t.

496 395 556 432 iv.
587 406 671 444 pau.
704 393 789 429 787.
824 391 886 428 ubi
917 390 964 428 de
996 387 1249 439 Angiiberto,
1279 395 1318 427 et
1356 402 1440 440 pag,

495 456 582 493 788.
615 454 775 491 l‘aulum
807 453 1012 490 Peiavium
1045 453 1081 488 in
1113 456 1365 502 syntagmate
1395 453 1443 490 de

495 514 705 555 Nitliardo,
730 512 833 550 edito
856 513 974 550 Paris.
1007 514 1121 560 4646,
1147 512 1185 551 4.
1209 518 1248 551 et
1276 514 1311 549 in
1338 518 1443 550 tomo

495 575 666 615 secundo
683 573 862 612 Andreae
878 573 930 612 du
949 574 1106 613 Chesne
1123 575 1170 612 de
1192 574 1310 612 rebus
1328 576 1445 612 Fran-

493 641 626 675 corum
654 647 739 685 pag.
761 636 849 674 35¹.
876 636 1057 675 Vossium
1085 637 1129 674 11.
1152 637 1212 675 34.
1240 636 1442 675 Baluzium

493 698 538 736 ad
590 699 682 747 Lupi
727 698 841 748 Epist
886 698 948 737 55.
993 703 1033 737 et
1074 700 1191 749 Casp.
1240 699 1440 737 Barthium

493 759 626 798 xLx'i.
664 761 698 797 9.
741 760 951 799 Adversar.
982 773 1059 810 quo
1093 761 1223 810 judice
1260 760 1445 799 cordatus

496 821 557 859 liic
583 821 753 872 scriptor
777 825 815 860 et
831 822 1031 873 prudens,
1053 833 1206 874 proque
1233 822 1280 860 iis
1305 827 1445 873 tempo-

492 882 607 922 ribus
647 887 799 935 eyreyie
839 885 1036 930 disertus7
1067 884 1220 935 qualem
1249 897 1343 924 sane
1380 885 1443 922 de-

492 950 573 984 cuit
600 947 730 985 virum
764 951 868 985 tanto
895 958 1037 997 yenere
1066 946 1299 994 oriundum,
1332 951 1442 985 tanta

493 1020 627 1046 rerum
657 1009 903 1060 erperientia
932 1007 1176 1055 subnioeum,
1209 1021 1297 1046 nam
1327 1013 1364 1047 et
1392 1009 1442 1047 le·

487 1070 714 1120 yationi'bus
741 1072 841 1109 inter
859 1070 962 1122 filios
984 1070 1172 1110 Ludovici
1196 1071 1258 1109 Pii
1281 1070 1440 1123 fzmctus

491 1137 548 1171 est
563 1165 571 1179 ¹,
603 1138 639 1172 et
661 1133 803 1171 tin-mis
826 1131 1019 1171 nonnullis
1049 1142 1072 1172 a
1092 1132 1278 1183 partibus
1304 1133 1445 1174 Caroli

494 1195 611 1233 Calvi
618 1194 797 1247 praefuit
815 1195 876 1233 ln'c
893 1195 1114 1235 Nitlzardus
1132 1227 1140 1243 ,
1162 1196 1258 1235 satis
1284 1200 1440 1235 caetera

492 1254 702 1305 laudatus,
739 1257 848 1296 miodo
877 1257 962 1296 odio
988 1258 1026 1297 iu
1055 1258 1281 1298 Lotlzarium
1311 1260 1439 1299 minus

492 1318 710 1370 indulyeret
731 1331 813 1359 suo,

545 1381 709 1432 Scripsit
729 1382 777 1420 ad
802 1383 962 1421 fratrem
979 1415 989 1431 ,
1008 1385 1174 1423 Lotliarii
1195 1415 1202 1433 ,
1229 1384 1437 1434 (Carolum

492 1443 659 1482 Calvum
696 1449 739 1482 ut
769 1444 955 1494 videtur)
985 1445 1030 1484 cle
1058 1445 1365 1486 dissensionibus
1394 1447 1439 1498 fi-

493 1504 635 1543 liorum
675 1505 861 1546 Ludovz'ci
895 1507 962 1546 Pii
987 1509 1034 1547 ab
1064 1509 1109 1548 A.
1147 1510 1188 1548 C.
1227 1510 1315 1549 844.
1361 1522 1438 1560 quo

493 1569 656 1607 Carolus
697 1570 743 1606 M.
781 1570 897 1619 obiit,
928 1571 974 1609 ad
1006 1582 1151 1609 annum
1186 1583 1310 1622 usque
1349 1573 1438 1610 843.

492 1630 613 1669 libros
644 1632 704 1669 lv.
736 1632 862 1669 editos
891 1634 1060 1683 primum
1093 1645 1113 1671 a
1142 1635 1253 1672 Petro
1283 1635 1439 1674 Pithoeo

492 1694 594 1731 inter
614 1695 824 1743 scriptores
843 1699 1075 1733 coaetaneos
1093 1694 1298 1735 duodecim
1321 1699 1438 1736 Paris.

494 1756 607 1794 4588.
639 1756 812 1794 Francos.
847 1756 960 1795 4594.
991 1757 1025 1794 8.
1058 1769 1092 1807 p.
1126 1758 1310 1797 433-488.·
1344 1760 1439 1798 lnde

491 1818 529 1854 in
556 1817 736 1856 Andreae
760 1817 811 1857 du
836 1819 993 1858 Chesne
1015 1823 1041 1856 t.
1062 1819 1085 1857 2
1110 1819 1157 1858 de
1182 1820 1300 1858 rebus
1323 1822 1440 1860 Fran-

491 1890 568 1917 cor.
607 1891 690 1931 pag.
722 1882 811 1919 359.
841 1881 1131 1920 emendatiores
1169 1894 1216 1920 ex
1246 1885 1440 1922 Manuscr.

490 1942 704 1981 Alexandri
735 1945 908 1982 Petavii:
943 1943 1116 1993 denique
1148 1945 1183 1982 in
1209 1946 1265 1983 Jo.
1297 1946 1451 1998 Georgii

490 2004 657 2055 Kulpisii
679 2006 939 2056 scriptoribus
956 2018 1088 2044 rerum
1108 2006 1449 2056 Germanicarum,

495 2078 594 2116 quos
616 2069 767 2106 AEneae
793 2069 932 2119 Sylvio
960 2069 1008 2107 de
1035 2069 1154 2108 rebus
1178 2069 1362 2108 Friderici
1386 2072 1450 2110 ili.

502 2128 687 2179 subjicit,
724 2131 975 2182 Argentorat.
1007 2132 1121 2170 4685.
1161 2136 1201 2170 et
1241 2132 1353 2171 1702.
1392 2134 1456 2173 fol.

501 2203 590 2243 pag.
628 2193 677 2231 83
721 2195 1026 2233 Bonaventurae
1054 2195 1230 2233 ‘Vulcanii
1260 2196 1457 2247 Excerpta

500 2266 548 2293 ex
592 2255 847 2295 historiarum
887 2256 1063 2295 Nithardi
1105 2257 1202 2295 libro
1244 2259 1384 2307 tertio,
1421 2261 1457 2297 in

499 2316 586 2367 ejus
615 2318 766 2369 sylloge
796 2318 844 2356 de
877 2319 1018 2357 litteris
1048 2323 1087 2356 et
1108 2319 1241 2370 lingua
1268 2319 1457 2359 Getarum

501 2379 621 2431 Lugd·
647 2382 730 2419 Bat.
757 2380 872 2419 4597.
899 2382 933 2419 8·
964 2393 1053 2431 pag.
1084 2381 1148 2419 67.
1167 2383 1371 2420 continent
1399 2395 1458 2421 re-

498 2444 659 2493 petitam
678 2455 726 2482 ex
738 2442 1155 2496 Kithardosormulam
1170 2443 1337 2495 foeclerz's
1355 2446 1455 2483 inter

500 2504 743 2544 Ludovicum
763 2537 772 2552 ,
791 2505 976 2545 Ludovici
996 2508 1048 2544 Pii
1067 2507 1189 2545 tilium
1207 2511 1247 2545 et·
1267 2507 1449 2546 Carolum

500 2568 666 2607 Calvum
699 2567 834 2619 linqua
869 2571 1065 2621 utraque,
1100 2569 1298 2608 Theotisca
1327 2573 1364 2608 et
1381 2571 1451 2609 Ho-

499 2641 643 2679 mana,
684 2630 732 2668 de
771 2642 848 2680 qua
887 2631 1050 2670 formula
1080 2631 1159 2670 dixi
1197 2643 1314 2683 supra
1355 2637 1447 2670 tom.

500 2693 561 2729 IV.
593 2704 677 2743 pag.
710 2693 800 2731 568.

555 2752 576 2775 ἦ
599 2755 797 2792 Autbores
822 2756 1010 2794 Historiae
1040 2757 1250 2794 Literariae
1277 2756 1446 2794 Gallicae

502 2820 596 2853 tom.
622 2816 664 2852 V.
691 2828 777 2866 pag.
802 2817 891 2854 204.
913 2823 1080 2854 censent
1118 2819 1312 2867 insignem
1342 2818 1446 2856 bunc

502 2877 694 2916 Gallicum
717 2879 944 2928 scriptorem
966 2880 1217 2917 Monasticam
1240 2880 1446 2929 professio-

503 2952 592 2979 nem
632 2951 881 2990 nequaquam
920 2942 1173 2988 exercuisse3
1205 2941 1306 2989 quod
1339 2943 1443 2978 enim

502 3003 715 3042 Monachus
743 3004 941 3051 extiterit,
970 3003 1073 3040 nulla
1111 3003 1183 3040 alia
1220 3004 1442 3041 coniectura

504 3066 724 3115 Scriptores
754 3066 887 3103 Gallici
919 3065 988 3103 sibi
1021 3065 1110 3102 olim
1143 3070 1442 3113 persuaserunt,

506 3129 578 3164 nisi
608 3127 710 3176 quod
741 3129 827 3165 eius
856 3126 1025 3165 cadaver
1049 3126 1226 3164 eamdem
1251 3137 1340 3164 cum
1367 3126 1445 3164 An*

508 3189 668 3237 gilberto
684 3194 792 3240 patre
811 3200 882 3228 suo
902 3189 1051 3227 Abbate
1071 3189 1108 3227 S.
1130 3188 1294 3227 Richarii
1317 3189 1446 3239 sepul—

565 3340 594 3367 a)
611 3335 652 3361 De
668 3331 816 3362 foeminis
831 3333 966 3363 eruditis
984 3332 1079 3372 hujus
1096 3333 1202 3371 gentis
1218 3330 1453 3370 Nogarolarum

514 3380 633 3420 Angeia
651 3405 658 3415 ‚
693 3382 837 3411 Genevra
853 3405 860 3418 ‚
884 3383 1022 3412 Antonia
1047 3387 1078 3412 et
1112 3384 1197 3412 isola
1232 3380 1451 3413 consulendus

1257 255 1684 297 NlTllARDUS

1517 333 1646 366 turam
1673 325 1878 375 liabuerit3
1913 339 2002 366 cum
2041 333 2174 366 tamen
2205 338 2252 365 ex
2291 327 2456 367 vulnere

1518 391 1553 427 in
1585 389 1685 426 bello
1729 392 1888 438 accepto
1930 390 2072 428 obiisse
2114 393 2296 436 constat,
2333 390 2456 428 multo

1518 449 1756 502 probabilius
1784 449 1876 487 hinc
1918 453 2170 501 suspicantur
2199 450 2315 489 iidem
2359 452 2456 489 Hist.

1519 514 1606 551 Litt.
1649 511 1819 549 Gallicae
1862 512 2072 561 scriptores
2101 514 2145 552 V.
2174 514 2262 551 205.
2294 513 2456 551 militem

1518 576 1669 624 egisse,
1699 578 1818 622 atque.
1860 572 2003 611 obiisse
2045 586 2120 624 quo
2162 579 2337 625 tempore
2366 574 2459 612 Nor-

1518 636 1649 674 manni
1691 635 1917 673 Neustriam
1960 637 2002 672 et
2045 635 2357 674 Ambianensem‘
2381 639 2460 674 tra-

1517 703 1625 736 ctum
1641 698 1808 735 ostiliter
1819 695 2083 734 excurrebant
2097 708 2132 735 a.
2143 696 2220 737 858
2230 698 2289 736 vel
2301 697 2389 736 859.
2400 696 2420 718 ³¹*

1571 759 1746 797 Adamus
1768 757 2037 805 NiZAiiDUS,
2063 767 2179 808 supra
2201 788 2210 807 ,
2231 764 2256 797 t.
2285 761 2298 799 4
2336 771 2372 810 p.
2396 760 2459 797 40.

1570 821 1685 860 NIZO
1704 820 1835 859 Abbas
1857 819 2155 858 Mediolacencis
2173 850 2181 868 ,
2201 820 2246 859 ad
2265 822 2458 860 Saravum

1516 883 1679 921 ssuvium
1720 884 1756 919 in
1793 881 1959 920 dioecesi
1999 881 2221 919 Trevirensi
2258 881 2380 920 vitam
2419 883 2458 921 S.

1517 943 1655 982 Basini
1680 944 1812 982 seculo
1843 944 1921 981 Vll.
1951 948 2131 982 extremo
2170 941 2459 995 Archie‘piscopi

1516 1006 1788 1050 Trevirensis‚
1826 1015 1904 1043 non
1934 1009 2026 1043 ante
2056 1004 2235 1043 seculum
2264 1004 2460 1044 decimum

1517 1067 1672 1107 videtur
1695 1067 1927 1118 scripsisse,
1956 1077 2057 1117 quae
2086 1077 2176 1106 cum
2204 1069 2308 1105 notis
2331 1071 2462 1106 exstat

1515 1131 1551 1167 in
1577 1130 1686 1169 Actis
1709 1130 1885 1168 Sanctor.
1906 1133 1934 1167 t.
1959 1131 1972 1168 4
2006 1129 2130 1167 Martii
2158 1130 2193 1167 4.
2214 1140 2251 1180 p.
2272 1129 2459 1168 aits-320.

1565 1189 1757 1229 NOBOAS
1781 1190 1865 1227 sive
1888 1188 2082 1228 ROBOAS
2098 1216 2109 1236 ,
2132 1189 2328 1227 Diacouus
2352 1189 2460 1228 Casi-

1513 1253 1649 1290 nensis
1671 1253 1773 1291 circa
1797 1250 1870 1290 An.
1903 1250 2017 1291 4420.
2045 1261 2164 1302 quern
2200 1251 2340 1290 Petrus
2377 1243 2463 1289 Dia-

1512 1326 1636 1354 conus
1659 1326 1743 1365 cap.
1776 1314 1838 1352 42.
1863 1315 1917 1352 ait
1941 1318 2096 1364 praeter
2115 1323 2312 1353 sermones
2336 1312 2384 1351 de
2405 1317 2463 1351 to-

1513 1378 1591 1416 tius
1615 1378 1705 1416 anni
1736 1376 2019 1415 festivitatibus
2038 1406 2049 1424 ,
2087 1377 2295 1426 scripsisse
2337 1375 2460 1414 Vitam

1513 1440 1551 1477 S.
1576 1439 1822 1485 Confessoris
1859 1438 2013 1477 CHristi
2053 1436 2260 1476 Leonardi.
2288 1437 2458 1484 Exstat,

1512 1489 1742 1551 interpolata
1765 1500 1868 1551 apud
1894 1501 2052 1539 Surium
2078 1501 2112 1538 6.
2138 1500 2347 1539 Novembr.

1564 1562 1788 1602 Leonardus
1802 1562 1848 1600 de
1865 1562 2142 1611 NOGAROLA,
2164 1562 2460 1601 protonotarius

1512 1625 1772 1676 ApostolicuS,
1788 1623 1903 1674 cujus
1920 1625 2017 1664 liber
2039 1623 2086 1663 de
2115 1622 2352 1663 beatitudine
2368 1635 2457 1675 pro-

1512 1687 1582 1725 diit
1605 1689 1802 1726 vicentiae
1839 1688 1948 1726 4485.
1972 1687 2033 1726 foi.
2056 1692 2095 1725 et
2118 1687 2219 1726 alter
2245 1685 2292 1725 de
2326 1685 2465 1725 Mundi

1512 1749 1741 1788 aeternitate
1761 1749 1848 1788 ibid.
1881 1749 1994 1788 4486.
2029 1754 2070 1788 et
2105 1749 2299 1788 Bononiae.
2344 1749 2458 1789 4484.
2522 1765 2527 1770 ·

1513 1811 1620 1850 Idem
1641 1811 1809 1849 traditur
1828 1810 1991 1860 jubente
2022 1812 2131 1850 Sixto
2156 1811 2217 1849 1V.
2233 1812 2461 1862 consignas-

1515 1885 1558 1912 se
1589 1872 1782 1927 Offiicium
1813 1872 2081 1923 conceptionis
2118 1873 2162 1911 B.
2188 1872 2347 1912 Mariae
2379 1872 2464 1911 Vir-

1519 1935 1635 1985 qi'nis.
1666 1935 1769 1984 (235.
1797 1936 1942 1974 Romae
1963 1947 2032 1986 per
2052 1933 2138 1974 Uld.
2160 1934 2314 1974 Gallum
2347 1935 2462 1974 4477.

1524 1999 1561 2035 in
1581 1998 1614 2035 4.
1632 2001 1791 2036 notatur
1808 1999 1843 2035 in
1861 1998 1932 2047 Op.
1949 1995 2109 2036 Manuel
2135 1995 2182 2036 de
2205 1997 2365 2036 Brunet.
2385 1997 2466 2036 Au-

1522 2059 1710 2098 difredius
1725 2064 1856 2098 autem
1874 2063 2029 2098 tantum
2045 2058 2221 2112 Officium
2235 2057 2468 2098 Visitationis

1525 2120 1614 2159 ibid.
1635 2132 1668 2159 a.
1701 2120 1812 2160 4475.
1838 2132 2029 2160 excusum
2052 2131 2141 2159 cum
2163 2121 2273 2160 Bulla
2290 2119 2386 2160 Sixti
2404 2121 2465 2160 lV.

1527 2187 1602 2222 etc.
1633 2184 1670 2221 in
1702 2195 1773 2222 suo
1802 2185 1913 2222 Rom.
1941 2182 2046 2223 Edit.
2066 2184 2290 2234 specimine
2319 2184 2465 2232 affert.)

1583 2245 1603 2267 *
1630 2247 1685 2284 De
1715 2246 1787 2285 hoc
1816 2247 1928 2293 viro,
1967 2257 2084 2296 quem
2117 2247 2220 2284 inter
2247 2246 2374 2284 claros
2404 2246 2467 2286 Vi-

1529 2309 1708 2346 centinos
1737 2312 1918 2346 recenset
1946 2309 2086 2346 Petrus
2114 2307 2162 2346 de
2192 2308 2323 2346 Brutis
2357 2309 2470 2347 Cata-

1530 2371 1657 2408 rensis
1687 2372 1723 2408 in
1755 2371 1947 2409 Dalmatia
1976 2371 2196 2421 Episcopus
2226 2370 2263 2407 in
2295 2369 2468 2420 Epistola

1525 2431 1573 2470 ad
1591 2432 1807 2471 Oliverium
1824 2431 2133 2483 Arziganensem
2153 2433 2291 2481 ,cuius
2308 2432 2468 2470 memini

1524 2494 1567 2532 V.
1598 2493 1892 2541 OLIVERIUS3
1925 2494 2019 2533 haec
2049 2494 2167 2533 habet
2196 2494 2299 2533 idem
2330 2495 2469 2534 Petrus

1521 2557 1558 2594 in
1590 2556 1662 2595 hac
1693 2558 1776 2608 ipsa
1807 2556 1998 2607 epistola.-
2030 2556 2126 2595 Fuit
2145 2555 2470 2596 LeonardusNo-

1517 2617 1683 2669 yarolus
1729 2630 1906 2658 summus
1952 2618 2171 2669 Theoloqus.
2218 2618 2467 2658 Venerandus

1523 2682 1640 2719 Pater
1663 2680 1726 2719 ille
1756 2680 2016 2720 illustrandae
2042 2680 2222 2719 veritatis
2249 2691 2374 2719 causa
2395 2681 2466 2720 SS.

1519 2742 1598 2782 PP.
1628 2743 1789 2795 scriptis
1825 2747 1862 2781 et
1898 2741 2122 2781 rationibus
2163 2741 2465 2794 quampluribus
2532 2790 2533 2794 Ἰ

1520 2804 1739 2844 benedictae
1762 2804 1930 2855 viryinis
1961 2803 2242 2855 conceptionem
2262 2803 2357 2842 adeo
2377 2803 2465 2843 illu-

1516 2867 1682 2914 stravit,
1708 2870 1750 2904 ut
1778 2867 1818 2904 in
1843 2870 2048 2916 posterum
2076 2864 2131 2904 ab
2168 2865 2300 2918 aliquo
2342 2865 2465 2919 impu-

1514 2932 1675 2978 ,qnatum
1705 2928 1760 2966 iri
1785 2928 1940 2967 videam
1969 2928 2153 2967 minime.
2180 2957 2188 2966 .
2215 2958 2222 2966 .

1512 3113 1591 3165 suit
1611 3125 1856 3164 summopere
1887 3113 2152 3166 approbatum
2181 3115 2201 3138 *²

1569 3176 1784 3215 Ludovicns
1807 3176 2072 3216 NOGAROLA
2095 3177 2127 3226 a)
2159 3177 2301 3217 Comes
2338 3175 2457 3215 Vero-
2528 3221 2533 3237 μ

1513 3317 1655 3350 Gaddius
1680 3322 1703 3350 t.
1727 3319 1745 3349 ἱ)
1770 3326 1844 3359 pag,
1874 3316 1945 3348 loo.

2249 2957 2257 2966 .
2278 2926 2324 2966 ob
2343 2939 2463 2980 quam
2532 2939 2533 2964 i

1515 3001 1598 3028 rem
1635 2988 1956 3037 celeberrimum,
1988 2994 2031 3029 ut
2072 2991 2127 3029 ita
2155 2989 2350 3038 dioeerim‚
2382 2989 2462 3043 offi-
2531 2994 2533 3006 ¹

1515 3052 1618 3089 cium
1645 3064 1670 3089 a
1708 3051 1823 3091 Sz'oeto
1868 3052 2049 3103 Pontifice
2092 3053 2204 3092 Max.
2241 3051 2459 3103 perlectum
2530 3047 2533 3088 i
