2533 4009
445 173 521 213 648

444 254 474 290 si
504 250 618 289 detur
647 246 773 296 opti03
803 250 870 280 eos
899 239 1030 287 potius
1053 232 1269 274 sumendos
1298 241 1386 271 esse

443 322 604 353 censeo,
634 308 697 357 qui
729 312 898 344 summa-
922 297 1141 351 prudentia.
1172 306 1290 346 quam
1321 293 1386 344 qui

447 374 519 414 [ide
548 373 730 410 careant:
761 368 908 416 quanto
937 362 1040 399 enim
1067 358 1298 402 callidiores,
1323 368 1389 406 pe·

444 439 671 483 ritioresque
703 430 858 471 suerint,
890 425 961 462 nisi
1003 428 1054 466 te,
1097 433 1140 460 ac
1181 421 1386 470 imperium

443 506 553 538 tuum
583 493 802 534 amaverint
833 493 939 527 tanto
964 497 1030 524 cos
1059 483 1160 535 apud
1184 489 1221 521 te
1246 482 1388 520 babere

443 561 506 598 tibi
540 556 795 609 perniciosius
831 557 918 598 est;
963 559 1129 599 quorum
1178 545 1274 584 tides
1321 544 1387 582 tibi

441 624 605 668 cognita.
637 622 675 656 et
706 618 909 667 perspecta
956 611 1090 656 fuerit,
1121 609 1278 647 tametsi
1312 619 1386 645 non

441 688 490 724 ita
522 682 674 729 ingenio
704 678 888 718 abudent,
918 673 1048 712 studio
1091 670 1221 711 tamen
1268 672 1391 708 inser-

441 747 569 787 viendi
597 744 819 783 solertiores
845 739 1090 790 plerumque,
1114 736 1388 785 acutioresque

440 811 665 853 reddentur.
700 809 784 847 Etsi
829 805 874 845 a‹l
919 816 976 850 ea,
1019 816 1120 856 quae.
1166 803 1390 842 necessaria

440 881 545 918 sunt.
577 871 840 925 praevidenda
872 871 1032 909 minime
1072 868 1201 908 idonei
1245 870 1388 912 erunt3

441 940 579 979 saltem
610 937 657 976 ab
687 937 744 973 eis
773 946 914 973 cavere
946 945 1019 971 non
1051 933 1269 984 oportebit:
1299 944 1388 972 cum

441 1007 546 1042 certo
578 1001 678 1039 scias
708 996 801 1036 nibil
833 1002 966 1037 contra
1007 1001 1044 1034 tc
1092 997 1309 1043 molituros,
1354 1000 1393 1033 et

443 1075 643 1114 nunquam
669 1064 703 1100 in
731 1061 805 1100 fide
830 1065 1074 1111 peccaturos.
1099 1060 1285 1106 Quocirca
1313 1071 1387 1097 non

441 1130 524 1166 sine
553 1136 669 1164 causa
701 1123 843 1161 dicitur
867 1122 912 1161 ad
936 1122 1133 1161 bominem
1158 1123 1389 1170 sapientem,

440 1191 511 1228 nisi
544 1188 609 1226 tibi
640 1189 792 1226 amicus
828 1186 944 1224 fuerit
985 1185 1059 1234 (tl,
1102 1184 1389 1224 consulendum

439 1263 487 1290 ne
504 1250 741 1290 accesseris:
762 1249 863 1293 sicut
882 1259 952 1286 nec
969 1247 1015 1286 ad
1035 1249 1217 1286 insanum
1237 1247 1390 1285 etiamsi

439 1314 504 1352 tibi
535 1311 754 1351 benevolus
784 1311 845 1348 sit.
879 1311 1079 1348 Postremo
1110 1309 1144 1346 id
1188 1321 1255 1359 pro
1285 1314 1392 1347 certo

441 1376 608 1415 habeto:
634 1386 663 1413 si
686 1373 787 1424 apud
808 1378 844 1411 te
861 1372 896 1410 bi
921 1373 1077 1414 fuerint,
1096 1373 1159 1422 qui
1184 1373 1391 1421 utriusque

442 1439 619 1477 fortunae
651 1442 782 1475 tecum
810 1436 1019 1485 participes
1050 1435 1168 1473 futuri
1193 1436 1294 1482 sint3
1326 1444 1392 1472 eos

442 1501 478 1538 in
511 1500 629 1538 rebus
661 1499 740 1538 tuis
772 1509 928 1536 omnem
963 1497 1211 1543 industriam,
1243 1508 1391 1541 curam,

441 1562 750 1605 meditationem,
767 1560 1021 1606 diligentiam,
1039 1570 1194 1597 omnem
1222 1559 1391 1608 denique,

442 1630 614 1664 mentem
645 1624 864 1662 locaturos:
896 1623 972 1667 ubi,
1018 1623 1047 1660 si
1095 1621 1186 1672 qnid
1228 1622 1392 1670 ingeniis

439 1698 604 1726 acumen
636 1685 905 1734 denegaverit.
949 1685 1188 1735 experientia
1236 1683 1392 1734 supple-

440 1751 560 1790 bitur.

494 1813 579 1851 Sint
606 1816 806 1861 praeteres
826 1809 873 1848 ab
899 1809 1045 1859 inclyto
1065 1811 1229 1858 conjuge,
1255 1812 1321 1848 tuo
1345 1807 1390 1847 ad

442 1875 476 1913 id
510 1886 656 1913 munus
686 1873 873 1919 adbibiti;
905 1885 982 1923 quo
1013 1871 1171 1922 quidem
1200 1872 1235 1908 in
1266 1872 1394 1909 consi-

440 1937 489 1976 lio
519 1939 549 1975 si
581 1937 692 1987 pauci
725 1936 880 1975 fuerint.
912 1936 1025 1982 longe
1057 1935 1181 1980 magis
1208 1933 1394 1982 probave-

443 2001 529 2045 rim,
560 2010 677 2050 qnam
710 1999 740 2035 si
774 1998 912 2036 multi:
952 1997 1136 2047 quoniam
1168 2007 1268 2046 quae
1310 1994 1395 2045 plu-

445 2061 554 2100 ribus
583 2061 868 2099 cemmunicata
901 2063 1007 2101 sunt,
1037 2070 1079 2097 ea
1118 2062 1266 2096 secreta
1306 2068 1393 2095 esse

444 2123 669 2175 perdifficile
700 2127 772 2160 est.
804 2123 880 2161 Nec
909 2122 985 2160 ulla
1029 2126 1135 2158 certe
1180 2119 1394 2158 tractandis

444 2188 592 2237 imperii
633 2187 797 2232 negotiis
833 2184 1035 2235 capitalior
1077 2183 1253 2222 accidere
1295 2182 1396 2221 cala-

447 2251 563 2288 mitas
595 2253 748 2298 potest,
779 2259 896 2298 quam
932 2248 962 2285 si
1008 2258 1051 2285 ea
1102 2245 1228 2296 palam
1273 2244 1393 2293 fiantg

446 2317 487 2351 ut
517 2310 753 2361 quotidianis
798 2321 915 2360 prope
959 2308 1152 2358 exemplis
1196 2306 1395 2345 docemur.

444 2374 494 2414 Et
524 2373 696 2424 profecto
727 2372 833 2419 baec,
864 2372 911 2410 de
941 2383 1017 2422 qua
1049 2371 1258 2421 loquimur,
1303 2369 1396 2407 taci-

445 2437 615 2475 turnitas
646 2437 680 2473 in
713 2434 936 2474 bominibus
975 2435 1096 2473 rarior
1140 2433 1232 2478 fere,
1276 2443 1393 2481 quam

447 2500 522 2538 ulla
553 2499 623 2538 alia
657 2499 796 2541 virtu&
827 2498 1047 2547 reperitur3
1079 2497 1182 2547 quia,
1215 2506 1313 2546 quos
1341 2500 1396 2533 ta-

446 2564 621 2601 citurnos
644 2560 856 2599 existimari
883 2564 1061 2610 oportet,
1088 2571 1162 2598 non
1190 2559 1316 2597 solum
1338 2558 1395 2595 eis

446 2624 657 2663 commissa
688 2626 826 2673 sponte
856 2622 1018 2672 vulgare
1050 2633 1125 2660 non
1165 2621 1302 2668 ‹lecet3
1330 2631 1396 2657 ve-

447 2699 534 2727 rum
560 2687 677 2724 etiam
700 2687 729 2723 si
756 2685 844 2734 quis
865 2685 966 2736 apud
990 2695 1057 2723 eos
1077 2686 1121 2722 iis
1148 2685 1243 2734 ipsis
1267 2683 1315 2721 de
1337 2694 1395 2720 re-

448 2750 523 2790 bus
552 2759 774 2788 sermoncm
813 2746 953 2785 babere
991 2747 1218 2790 instituerit,
1250 2747 1299 2783 ita
1337 2755 1395 2783 rc-

449 2811 640 2864 spondere
659 2810 814 2857 debent,
841 2815 883 2848 ut
913 2811 1071 2861 penitus
1091 2810 1211 2860 ignari
1234 2807 1394 2846 videan-

450 2882 524 2915 tur.
575 2872 683 2920 Quod
721 2873 792 2911 nisi
839 2873 931 2920 ilat,
962 2884 1077 2923 sacpe
1107 2871 1248 2911 accidit
1278 2875 1321 2909 ut
1349 2881 1393 2908 ca

451 2938 688 2981 revelarint,
715 2935 762 2973 (le,
791 2935 935 2986 quibus
965 2947 1013 2974 ne
1044 2935 1207 2974 verbum
1233 2931 1391 2984 quidem

452 3012 492 3039 se
511 3001 646 3038 fecisse
661 2997 835 3037 credant.

504 3063 585 3101 Non
613 3061 727 3110 igitur
763 3064 800 3096 te
830 3060 948 3106 latet,
983 3058 1250 3097 lllustrissima
1293 3056 1393 3095 lilia-

453 3135 582 3171 anora,
606 3121 706 3173 quod
732 3126 770 3160 et
797 3122 912 3171 vulgo
937 3119 1060 3169 ajunt,
1086 3126 1125 3158 et
1152 3122 1186 3158 in
1219 3121 1389 3158 Romana

455 3186 609 3236 saepius
638 3184 796 3222 historia
819 3184 985 3234 legitur,
1011 3184 1188 3222 innatum
1211 3181 1392 3222 foeminis

533 3308 577 3346 (1)
600 3307 672 3338 Non
697 3306 852 3338 consulas
881 3306 1084 3346 sapientem,
1105 3306 1167 3336 nisi
1192 3305 1318 3335 amicus
1342 3303 1395 3335 sit.

985 162 993 166 “
1035 157 1399 199 DIOMEDIS
1445 153 1831 195 CARAFFAE

1462 238 1564 274 esse,
1595 232 1638 267 ut
1669 227 1762 265 nibil
1794 227 1957 266 reticere
1985 227 2151 278 possint.
2196 225 2278 275 Ego
2321 236 2413 264 vero

1462 291 1528 340 qui
1560 294 1597 328 te
1634 290 1781 340 optime
1825 287 1927 337 novi,
1973 298 2190 339 numquam
2228 286 2413 338 equidem

1466 351 1641 390 verebor.
1670 351 1813 402 nequid
1836 351 1907 390 bac
1933 353 1968 389 in
1993 363 2033 389 re
2059 351 2222 397 labari53
2255 360 2416 388 monen-

1463 412 1534 452 dos
1564 418 1694 451 tamen
1727 424 1815 452 esse
1845 414 2109 461 consiliorum,
2154 416 2416 452 secretorum-

1464 487 1540 526 que
1586 476 1795 527 participes
1838 487 1992 523 censeQ
2032 481 2074 516 ut
2117 473 2268 515 adhoc
2296 474 2417 526 pluri-

1466 549 1572 576 mum
1604 549 1721 577 curae
1751 537 1991 586 adhibeant3
2021 543 2061 576 et
2088 536 2340 589 praesertim.
2382 536 2414 574 si

1465 611 1565 650 quos
1595 605 1637 639 tu
1670 601 1751 650 ipsa
1781 600 1987 651 delegeris,
2031 612 2078 640 ne
2121 601 2151 639 si
2182 598 2273 650 quid
2319 598 2416 637 forte.

1465 663 1722 710 emanaverit,
1753 661 1895 713 conjux
1929 667 2022 702 tuus
2052 667 2102 710 te,
2134 667 2179 702 ut
2208 661 2414 700 foeminam

1465 729 1690 774 suspectam
1725 724 1879 763 habeat.
1909 724 2114 770 Quocirca,
2145 729 2188 763 ut
2224 723 2272 762 ab
2314 721 2418 773 ejus-

1467 787 1568 825 modi
1600 792 1638 826 tc
1667 788 1794 838 culpa,
1826 787 1967 825 liberes
1998 787 2182 838 quotiens
2205 785 2252 825 ab
2281 784 2418 835 aliqni-

1465 850 1539 890 bus
1568 850 1769 889 enunciari
1807 849 1967 888 consilia
2010 847 2330 900 deprehenderis,
2374 851 2416 886 tu

1466 914 1590 965 prima
1621 911 1777 964 conjugi
1809 917 1875 952 tuo
1907 911 2110 951 indicabis.

1518 977 1686 1015 Maxime
1717 981 1849 1014 tamen
1875 975 2051 1014 omnium
2083 985 2151 1013 eos
2179 973 2229 1014 ad
2269 974 2418 1026 imperii

1466 1039 1792 1090 gubernationem
1824 1037 1983 1076 idoneos
2012 1037 2255 1076 consiliarios
2283 1037 2422 1076 existi-

1468 1102 1604 1147 mabis,
1649 1103 1714 1152 qui
1746 1112 1821 1139 nen
1869 1100 1983 1139 modo
2020 1101 2242 1152 praesentia
2284 1100 2422 1140 inlelli-

1466 1168 1576 1215 gunt,
1604 1175 1739 1202 verum
1774 1164 1891 1202 etiam
1920 1164 2049 1203 futura
2078 1162 2312 1214 cogitatione
2336 1174 2422 1214 per-

1466 1228 1629 1277 cipiunt.
1664 1228 1759 1267 Nam
1806 1228 1909 1265 sicut
1951 1231 2043 1266 ante
2080 1225 2255 1265 fluminis
2297 1227 2421 1266 incre-

1470 1295 1601 1328 menta
1625 1289 1832 1328 extruendi
1855 1293 1950 1328 sunt
1974 1299 2163 1340 aggeres;
2188 1301 2262 1328 non
2287 1294 2418 1328 autem

1466 1363 1556 1391 cum
1591 1352 1792 1390 inundatio
1822 1351 1901 1403 jam
1934 1353 2101 1401 ceperit3
2138 1353 2187 1390 ita
2232 1352 2420 1402 sapientis

1467 1419 1527 1453 cst
1559 1415 1712 1452 tuturos
1742 1425 1859 1453 casus
1891 1414 2141 1465 praevidere,
2168 1418 2209 1453 ut
2233 1414 2337 1452 enim
2359 1417 2420 1451 est.

1469 1478 1504 1515 in
1538 1478 1659 1515 veteri
1692 1477 1923 1527 proverbio:
1957 1477 2075 1523 mala,
2108 1481 2314 1527 postquam
2359 1486 2422 1514 ac-

1467 1539 1664 1585 ciderunt,
1696 1539 1743 1577 ab
1775 1539 2051 1589 insipientibus
2081 1550 2238 1590 quoque
2280 1548 2421 1590 cogno-

1468 1607 1647 1640 scuntur.
1708 1603 1786 1640 Nec
1839 1607 1876 1639 tc
1925 1605 2094 1650 moveat,
2145 1599 2250 1652 quod
2304 1599 2421 1650 vulgo

1467 1663 1603 1713 ajunt:
1647 1664 1716 1702 soli
1751 1665 1828 1702 Deo
1860 1664 1988 1702 futura
2035 1668 2123 1702 nota
2168 1673 2284 1702 esse:
2330 1673 2420 1700 nam

1468 1727 1667 1775 sapientes
1697 1736 1850 1776 quoqac
1888 1725 2010 1764 multa
2042 1725 2310 1776 prospiciunt;
2353 1728 2421 1763 aut

1471 1789 1501 1826 si
1535 1799 1609 1826 non
1637 1788 1751 1839 plane
1781 1787 1975 1826 divinant.
2006 1788 2145 1826 saltem
2177 1791 2272 1838 quot
2297 1786 2423 1825 modis

1468 1850 1614 1902 aliquid
1645 1850 1822 1889 accidere
1854 1851 1988 1900 possit,
2025 1852 2156 1889 animo
2198 1849 2423 1900 complecti-

1470 1917 1618 1951 tantur.
1652 1913 1787 1963 Itaque
1812 1912 2077 1963 disputatione
2098 1911 2421 1952 constituendum

1471 1979 1544 2024 est,
1565 1975 1658 2025 quid
1684 1975 1880 2025 agendum
1913 1977 1977 2020 sit,
1999 1987 2088 2016 cum
2120 1974 2210 2026 quid
2232 1975 2422 2022 evenerit,

1470 2041 1513 2076 ut
1544 2042 1678 2075 contra
1710 2039 1886 2089 singulos
1915 2050 2033 2078 casus
2058 2038 2198 2076 muniti
2223 2048 2311 2076 esse
2335 2047 2420 2088 pos-

1470 2101 1609 2138 simus.
1643 2099 1752 2146 Quod
1798 2102 1902 2139 enim
1947 2099 2076 2151 ajebat
2118 2099 2269 2150 Scipio:
2307 2103 2421 2150 turpe,

1470 2173 1558 2200 esse
1590 2161 1820 2213 Imperatori
1852 2163 2006 2202 dicere:
2038 2174 2114 2201 non
2146 2165 2353 2212 putaram:
2385 2159 2420 2197 id

1471 2236 1541 2263 nos
1570 2226 1753 2265 omnibus
1797 2225 2093 2276 rempublicam,
2133 2224 2420 2274 imperiumque

1470 2287 1794 2337 gubernantibus,
1830 2292 2083 2338 praeceptum
2129 2297 2218 2326 esse
2262 2284 2422 2325 credere

1470 2349 1675 2389 debemus
1702 2352 1790 2390 Post
1817 2352 1939 2402 ipsam
1963 2361 2056 2389 vero
2079 2349 2420 2396 consultationem,

1470 2424 1572 2463 quac
1617 2413 1698 2452 fieri
1729 2417 1909 2464 possunt,
1940 2424 1983 2452 ea
2017 2410 2283 2464 praeparanda
2315 2413 2420 2457 sunt,

1470 2476 1500 2513 si
1532 2487 1607 2525 qua
1638 2480 1768 2522 erunt,
1799 2487 1900 2527 quae
1929 2475 2060 2515 caveri
2092 2476 2317 2524 nequeant:
2347 2471 2422 2511 sal·

1473 2543 1551 2576 tem
1578 2549 1667 2576 cum
1694 2541 1876 2589 praevisa
1900 2539 2056 2582 fuerint,
2078 2538 2226 2576 minum
2253 2534 2420 2574 taedent.

1524 2602 1565 2639 ln
1590 2602 1727 2652 primis
1752 2601 1819 2639 tibi
1846 2601 2081 2640 laboriosum
2120 2602 2188 2638 aut
2210 2597 2419 2637 molestum

1470 2676 1555 2704 esse
1587 2675 1662 2702 non
1695 2663 1864 2710 debebit,
1895 2668 1938 2702 ut
1969 2662 2203 2714 praestituto
2246 2666 2421 2711 tempore.

1470 2727 1635 2777 negotiis
1658 2727 1833 2764 intersis:
1866 2736 1936 2764 neo
1967 2735 2154 2774 umquam
2193 2721 2420 2772 gravaberis

1469 2790 1643 2828 omnium
1667 2789 1887 2827 sententias
1911 2786 2119 2837 diligenter
2141 2784 2292 2825 audire.
2321 2783 2415 2823 Nam

1468 2864 1584 2903 saepe
1614 2852 1759 2897 evenit,
1781 2855 1824 2889 ut
1849 2851 1913 2901 qui
1942 2849 2094 2897 melius,
2115 2858 2234 2899 quam
2259 2845 2416 2889 caeteri,

1468 2928 1541 2954 non
1559 2916 1715 2960 sentiat,
1739 2914 1834 2952 utile
1859 2918 1990 2951 tamen
2011 2910 2156 2962 aliquid
2177 2911 2214 2947 in
2233 2906 2408 2947 medium

1465 2977 1645 3017 adducat.
1674 2976 1818 3015 idcirco
1843 2975 1915 3014 dici
1946 2974 2181 3013 consuevit:
2211 2970 2419 3022 appellan-

1466 3039 1559 3079 dum
1577 3051 1665 3077 esse
1686 3039 1926 3089 sapientem3
1950 3049 2024 3075 non
2042 3036 2106 3087 qui
2130 3034 2274 3073 bonum
2298 3043 2320 3072 a
2339 3043 2419 3071 ma-

1466 3103 1502 3142 lo
1532 3107 1737 3151 secernat,
1764 3100 1830 3139 sed
1862 3101 1927 3151 qui
1952 3097 2160 3150 propositis
2181 3094 2330 3135 duobos
2354 3093 2419 3133 bo-

1469 3167 1541 3212 nis,
1572 3166 1731 3213 utiliu53
1781 3173 2013 3213 rursusque,
2060 3161 2125 3211 qui
2169 3157 2218 3197 de
2260 3155 2415 3196 duobus

1467 3226 1725 3267 incommodis
1757 3227 1888 3265 minus
1912 3225 2056 3275 eligere
2088 3221 2256 3260 noverit.

1518 3289 1616 3330 Illud
1649 3289 1855 3341 praecipue
1888 3281 2284 3327 animadvertendum
2321 3283 2405 3330 est,
