2533 4009
466 220 543 258 '⁴72

465 288 645 327 similiter
675 297 710 319 iu
737 278 858 316 literis
874 280 933 321 ..et
949 286 1110 311 nurnero
1127 274 1420 318 elementorum,

465 353 739 392 astrorumque
769 341 872 386 sept<
877 347 940 373 m
972 335 1095 373 titani
1143 334 1343 373 hominum
1387 340 1424 374 et

462 419 590 458 gnum
582 405 744 441 ationem
765 375 979 436 consistere
1001 394 1207 434 asserebat
1222 400 1290 434 etc
1313 397 1376 434 lde
1372 409 1418 434 m

466 471 510 505 lie
517 478 570 503 ιι
559 468 587 499 i
626 464 708 501 ¹⁹1.
739 459 828 497 llia
858 462 915 496 est
957 457 1134 503 tieresi,s
1179 468 1282 507 quae
1324 457 1422 495 dicit

463 524 672 566 secundum
697 521 818 559 Zodia
842 519 956 556 nasci
985 518 1308 565 liernineS‚81cut
1336 519 1420 557 Ma-

465 584 660 635 thematici
689 582 747 620 illi
772 580 1006 626 vanimssnni.
1039 579 1236 630 totiusque
1267 591 1422 618 erroris

461 654 496 686 et
517 645 672 685 sceleris
696 646 915 682 assertores
937 645 993 680 etc
1029 653 1130 691 quas
1150 642 1314 679 hereses
1342 643 1416 679 Leo

459 712 620 757 Magnus
645 708 746 756 epist
771 705 833 742 93.
863 714 895 740 c..
932 705 993 741 40.
1026 704 1088 741 43.
1119 708 1158 740 et
1189 702 1249 741 44.
1271 703 1417 741 Concil.

458 771 720 807 Bmccurense
752 766 779 803 l.
811 775 896 813 cup.
926 765 963 801 9.
998 769 1038 801 et
1070 764 1130 802 40.
1157 769 1196 800 et
1226 763 1420 802 Alcuinus

458 830 506 867 de
535 829 658 867 divin.
687 827 786 865 offic..
818 837 901 876 cap.
933 825 958 864 5
987 825 1242 863 anathemate
1274 825 1422 874 percel—

459 893 557 930 lunt.

512 952 600 990 ibid.
639 955 706 988 not
749 948 992 1000 Asyndetus)
1033 947 1121 986 add.
1162 950 1202 986 S.
1232 947 1420 986 Clemens

460 1015 521 1052 lib.
570 1013 627 1051 40.
658 1012 751 1063 quia
784 1012 820 1048 in
851 1010 910 1047 liis
940 1008 1124 1047 omnibus
1165 1008 1310 1059 aliquis
1353 1012 1424 1046 ant

457 1074 670 1125 asyndetus
700 1073 782 1124 fuit
809 1083 897 1110 cum
927 1071 1030 1109 malo
1062 1074 1128 1108 etc.
1164 1072 1265 1108 idem
1309 1071 1421 1120 Poly-

462 1146 604 1185 carpus
626 1135 673 1172 de
698 1137 819 1183 gostis
846 1137 883 1172 S.
909 1134 1061 1171 Sebast.
1086 1133 1107 1171 l.
1135 1133 1173 1170 2.
1198 1134 1353 1182 repetit..

513 1196 587 1234 ibid
620 1194 857 1245 Tetraqonol
887 1193 976 1232 add.
998 1193 1172 1244 Denique
1187 1205 1277 1232 eum
1303 1195 1422 1234 Mars

461 1263 636 1296 centrum
663 1261 792 1294 tenens
818 1257 858 1294 in
886 1255 997 1293 domo
1027 1267 1103 1294 sua
1134 1267 1189 1294 eac
1221 1259 1421 1306 tetraqono

460 1323 685 1370 respexerit
705 1321 925 1357 Saturnum
943 1328 1032 1354 cum
1050 1317 1248 1355 Mercurio
1270 1317 1323 1355 acl
1337 1329 1422 1356 cen-

461 1385 565 1418 trum
592 1383 662 1418 etc.
686 1380 910 1417 willelmus
934 1379 1141 1416 Arvernus
1165 1390 1197 1416 ο.
1228 1378 1276 1417 de
1306 1379 1421 1429 legib.

459 1443 508 1479 Et
551 1441 769 1485 dixerunt,
800 1439 904 1491 quod
940 1438 1008 1477 lea:
1044 1438 1319 1477 Hebraeorum
1358 1452 1421 1477 or-

462 1508 541 1540 tum
560 1500 676 1540 habet
693 1513 718 1539 a
740 1503 926 1543 Saturno,
952 1505 989 1538 et
1006 1505 1171 1552 propter
1191 1501 1421 1552 multiplicia

462 1566 705 1617 infortunia.
737 1565 907 1604 Saturni
941 1564 1125 1603 videlicet
1168 1563 1422 1614 retroqracla-

462 1629 582 1666 tiones
607 1631 676 1666 etc.

514 1689 603 1726 ibid.
629 1694 708 1726 not.
734 1689 1018 1739 Apocasticus)
1045 1688 1132 1726 add.
1156 1689 1199 1726 D.
1232 1688 1421 1726 Clemens

462 1750 527 1788 lib.
563 1750 624 1788 40.
656 1747 915 1799 Respondebit
943 1748 1016 1788 tibi
1043 1749 1126 1787 sine
1156 1747 1273 1786 dubio
1294 1780 1304 1796 ,
1326 1747 1421 1798 quia

459 1816 634 1861 tempora
657 1814 725 1848 tua
748 1809 970 1849 malitiosus
989 1810 1161 1861 suscepit
1182 1811 1294 1848 Mars
1312 1841 1321 1856 ,
1348 1812 1420 1846 aut

458 1874 657 1911 Saturnus
674 1903 682 1919 ,
707 1878 779 1910 aut
802 1871 950 1922 aliquis
968 1883 1102 1910 eorum
1128 1874 1418 1923 apocatasticus

457 1933 537 1983 suit
561 1937 628 1971 etc.
650 1933 749 1971 idem
779 1933 1017 1983 Polycarpus
1038 1933 1102 1971 lib.
1129 1933 1165 1970 2.

513 1994 600 2032 ibid.
629 1999 707 2032 not.
735 1995 1012 2044 Quamquam)
1041 1994 1088 2031 ibi
1116 2005 1184 2043 pro
1218 1991 1416 2031 Valerian.

463 2056 571 2105 lege,
607 2054 826 2101 Valerium,
858 2060 896 2092 ct
927 2055 1015 2093 add.
1047 2055 1086 2093 S.
1117 2056 1363 2093 Clementem
1391 2055 1419 2092 l.

469 2117 528 2154 40.
573 2116 830 2167 Polycarpum
865 2117 886 2154 l.
929 2117 964 2154 2.
1015 2118 1115 2154 Patr.
1166 2117 1417 2154 Blaesensem

463 2179 578 2227 epist.
601 2178 662 2215 65.

515 2239 612 2275 vill.
640 2239 702 2276 42.
726 2250 761 2288 p.
787 2239 876 2277 546.
908 2243 988 2276 not.
1013 2239 1098 2276 Non
1118 2238 1298 2289 opinata)
1329 2236 1417 2275 add.

462 2300 686 2348 Egesippus
730 2299 753 2337 l.
794 2300 827 2337 4.
858 2310 890 2337 c.
922 2300 987 2337 27.
1020 2299 1208 2350 Utrinque
1238 2299 1273 2336 ei
1306 2297 1420 2337 Nilus

461 2364 516 2398 est
535 2359 631 2397 coeli
653 2359 816 2399 ubertas
839 2390 846 2407 ,
873 2364 1004 2399 terrae
1017 2360 1288 2412 foecunditas,
1315 2371 1419 2398 arva

461 2426 651 2472 temperat
672 2451 678 2468 ‚
701 2421 824 2460 solum
847 2422 1005 2473 opimat.

514 2484 583 2521 IX.
608 2485 640 2521 4.
667 2495 703 2533 p.
730 2485 817 2522 543.
846 2489 927 2522 not.
952 2482 1188 2534 Releqendo)
1212 2482 1299 2521 add.
1325 2485 1419 2521 Pau—

460 2544 562 2582 linus
584 2546 697 2595 epist.
724 2545 770 2583 ad
796 2545 1059 2591 Machariurn,
1085 2544 1220 2583 deinde
1247 2545 1418 2594 Campa-

460 2604 566 2642 niam
591 2604 714 2654 Ionqis
739 2604 935 2644 tractibus
957 2605 1059 2655 leqit.

513 2666 604 2704 ibid.
632 2668 697 2705 lin.
722 2668 872 2716 penult.
895 2667 1064 2722 {iuliano
1084 2699 1093 2714 ‚
1116 2668 1191 2717 leg.
1218 2666 1388 2705 Juliano.

512 2729 578 2767 IX.
604 2730 626 2766 6
667 2741 700 2778 p.
729 2730 791 2767 56.
818 2735 897 2767 not.
921 2728 1151 2777 Abstineat)
1183 2728 1272 2767 add.
1306 2728 1418 2778 Hay-

463 2801 616 2828 monem
643 2790 776 2828 homil.
803 2790 863 2829 44.
891 2792 926 2827 in
955 2791 1054 2838 line.
1086 2796 1125 2829 et
1155 2792 1312 2830 Petrum
1345 2792 1419 2829 Da-

463 2853 636 2889 mianum
663 2862 782 2889 serm.
808 2852 856 2890 de
882 2853 919 2890 S.
952 2852 1125 2890 Andrea.

516 2913 580 2950 IX.
612 2913 648 2950 9.
679 2924 714 2962 p.
747 2911 836 2951 554.
867 2913 933 2950 lin.
963 2915 998 2951 4.
1030 2924 1050 2950 a
1095 2914 1194 2951 line:
1241 2911 1417 2960 volatili,

466 2974 535 3021 leg.
561 2974 740 3011 volatico.
985 2988 996 3000 ⁴

518 3045 551 3081 p.
579 3035 667 3072 556.
693 3039 770 3072 not.
801 3035 983 3085 Juyasti)
1013 3036 1101 3074 add.
1135 3036 1238 3075 unde
1259 3033 1417 3086 juqalis

466 3105 532 3140 pro
561 3097 725 3143 coniuge
754 3097 975 3134 Jornandos
1017 3097 1065 3135 de
1112 3108 1264 3137 succes.
1310 3107 1418 3145 regn.

467 3153 534 3200 qni
564 3153 760 3204 interfecto
790 3155 1011 3194 Areobinclo
1034 3156 1217 3208 juqalem
1249 3157 1333 3208 ejus
1354 3168 1421 3195 ne-

465 3213 558 3258 ptim
581 3215 833 3263 imperatoris
855 3216 934 3255 sibi
951 3219 1110 3269 cupiens
1131 3219 1288 3257 sociare

525 3282 559 3317 p.
591 3274 675 3309 559.
708 3281 771 3310 not
816 3281 994 3315 Socrates
1036 3279 1122 3316 add.
1162 3279 1418 3317 Cassiodorus

1274 205 1637 246 SIDONIUS

1498 289 1554 326 ps.
1581 279 1646 316 72.
1665 280 1771 318 Haec
1789 281 1962 322 naribus
1981 283 2144 323 recalva
2157 283 2300 335 fronte,
2316 283 2457 335 pilosis

1501 338 1682 379 humeris
1706 345 1743 379 et
1763 343 1952 393 repandis
1974 344 2164 383 cruribus
2187 344 2254 383 elc.
2280 346 2457 385 Cassiod.

1497 411 1554 449 ps.
1580 401 1646 438 72.
1669 402 1778 440 Haec
1806 414 1910 441 nona
1937 409 1997 443 est
2022 406 2170 456 species
2198 404 2455 455 definitionis.

1495 472 1617 510 quam
1643 463 1784 511 qraeci
1806 476 1915 500 κατα
1935 464 2214 518 hypotyposin,
2245 465 2360 504 latini
2380 477 2457 517 per

1496 521 1698 572 quandam
1721 524 1930 573 imaqinem
1959 525 2115 590 dicunt,
2146 525 2302 578 quando
2333 527 2456 566 nomi-

1495 586 1591 620 nata
1617 586 1745 622 matre
1774 582 1838 622 oel
1875 588 2024 636 patre,
2038 557 2116 624 'acl
2160 586 2457 640 intelliqentiam

1497 643 1728 683 individuae
1749 644 1955 685 Personae
1981 657 2120 685 sensus
2141 651 2271 687 noster
2293 648 2457 688 adduci-

1496 709 1581 750 tur,
1625 710 1916 757 conyreqantur
1945 706 2062 745 etiam
2102 707 2250 748 multae
2283 719 2375 757 res,
2404 710 2459 748 ad

1490 775 1686 815 personas
1720 768 1882 805 comiter
1918 767 2218 818 exprimendas,
2252 773 2298 808 ut
2325 774 2384 810 est
2412 770 2458 809 il-

1497 825 1575 874 lud,
1594 829 1771 867 Socratis
1796 829 1873 880 filii
1899 828 2134 880 Sophronici
2149 843 2156 866 z
2187 830 2301 881 cujus
2328 835 2457 872 mater

1494 892 1552 926 est
1569 888 1788 928 Plzanerete
1806 920 1814 938 ,
1830 889 1969 929 calvus
1987 890 2308 930 ventrosissimus
2350 893 2457 932 Haec

1496 950 1598 987 enim
1631 951 1762 989 omnia
1805 951 1932 990 solum
1965 953 2166 991 Socratem
2200 950 2376 992 indicare
2410 965 2459 992 ac

1495 1010 1656 1062 definire
1692 1016 1925 1051 noscuntur.
1964 1014 2073 1063 [lugo
2122 1008 2380 1052 AEtherianus
2408 1014 2458 1053 de

1497 1073 1731 1113 haeresibus
1774 1085 1876 1124 quas
1907 1075 1943 1112 in
1975 1074 2118 1113 latinos
2147 1073 2286 1112 Graeci
2324 1073 2459 1114 devol-

1498 1139 1602 1173 vunt
1623 1135 1646 1173 l.
1664 1135 1700 1173 3.
1719 1146 1752 1173 c.
1777 1136 1837 1174 48.
1857 1134 1971 1183 Quod
1984 1133 2039 1173 ad
2056 1134 2264 1185 imayinem
2281 1135 2459 1175 Socratis

1496 1195 1697 1248 sculpitur
1740 1195 2021 1246 simulacrum,
2050 1196 2131 1235 nisi
2153 1196 2255 1235 enim
2277 1196 2434 1236 calvum
2449 1227 2458 1245 ,

1497 1257 1640 1296 simum
1665 1258 2047 1309 prominentiamque
2062 1257 2265 1296 oculorum
2285 1257 2464 1296 ostendat

1499 1320 1710 1369 Socratis,
1752 1330 2005 1371 nequaquam
2049 1318 2210 1357 dicatur
2251 1318 2338 1370 ejus
2376 1329 2460 1358 esse

1497 1380 1655 1433 efflqies.

1552 1444 1603 1481 lX
1631 1444 1692 1482 42.
1719 1455 1753 1492 p.
1777 1442 1866 1482 567.
1898 1447 1979 1480 not.
2012 1443 2058 1480 In
2076 1442 2216 1494 Juqis)
2246 1442 2336 1481 add.
2363 1443 2460 1482 Ger-

1504 1505 1642 1542 vasius
1666 1504 1854 1542 Villeber.
1877 1505 1901 1542 l.
1927 1505 1963 1542 3.
1988 1515 2020 1542 c.
2043 1505 2079 1543 3.
2109 1504 2231 1542 Otior.
2252 1504 2447 1554 Imperial.

1553 1566 1623 1603 IX.
1654 1566 1715 1604 43.
1742 1577 1776 1615 p.
1803 1566 1891 1604 574.
1919 1570 1997 1603 not.
2031 1565 2142 1603 Petri
2168 1562 2340 1614 librum)
2369 1563 2458 1603 add.

1497 1627 1583 1672 Quo
1605 1625 1693 1676 jure
1716 1627 1863 1665 Romae
1886 1626 2060 1665 vindicet
2084 1626 2276 1664 Baronius
2300 1630 2395 1664 tom.
2421 1625 2458 1663 6.
2518 1644 2520 1646 -

1495 1699 1529 1726 a.
1557 1688 1599 1726 C.
1627 1689 1715 1727 546.
1742 1689 1779 1725 in
1805 1687 1925 1726 addit.
1952 1699 2030 1737 qno
2054 1692 2215 1726 auctore
2237 1686 2461 1725 Romanum

1494 1759 1583 1786 esse
1606 1749 1753 1787 scribat
1772 1774 1781 1791 ‚
1800 1754 1840 1786 et
1856 1749 2108 1787 consulatum
2127 1749 2262 1786 iniisse
2281 1777 2289 1795 ,
2314 1748 2460 1794 nescio,

1495 1811 1575 1847 scio
1601 1809 1765 1859 quidem
1793 1840 1799 1858 ,
1825 1810 1972 1848 multos
1996 1819 2086 1848 esse
2110 1809 2383 1847 connomines.

1550 1883 1584 1921 p.
1636 1871 1729 1910 576.
1776 1876 1856 1910 not.
1901 1869 2186 1922 Aizaquptico)
2232 1869 2294 1908 hic
2337 1869 2462 1909 multa

1493 1934 1638 1970 omissa
1680 1937 1775 1971 sunt
1814 1933 1850 1969 in
1891 1932 1984 1970 edit.
2027 1931 2278 1982 posterioria
2304 1931 2458 1985 lin5l3.

1497 1997 1539 2031 ut
1565 1992 1601 2030 id
1626 1992 1817 2031 obiter—
1835 1992 1883 2031 ad
1905 1993 1928 2031 l.
1954 1992 2017 2031 25.
2044 1991 2278 2042 anaglypha.
2306 1992 2458 2030 Inserta

1496 2065 1589 2092 vero
1616 2054 1701 2092 loco
1726 2054 1881 2092 illorum
1907 2058 2002 2092 sunt
2028 2053 2148 2092 haec:
2180 2056 2370 2098 Anastas.
2397 2053 2458 2090 Bi-

1494 2115 1679 2153 bliothec.
1703 2115 1753 2153 de
1777 2117 1860 2153 vita
1883 2116 1922 2155 S.
1938 2114 2052 2153 Janni
2071 2113 2328 2152 Alexandrini
2344 2113 2458 2168 0327.

1493 2180 1539 2214 ut
1558 2179 1705 2216 emeret
1739 2176 1905 2226 speciem
1937 2175 2095 2226 arqenti
2119 2172 2343 2225 anaquphi.
2385 2175 2462 2212 Me-

1495 2238 1613 2276 tellus
1638 2238 1827 2284 Quirinal.
1850 2237 1922 2276 ode
1949 2238 2010 2276 44.
2037 2248 2117 2288 qua
2141 2233 2291 2273 bibitur
2310 2233 2456 2286 scypho

1493 2300 1603 2338 vivis
1627 2299 1751 2350 siqnzs
1781 2298 1952 2351 anaqup
1964 2297 2022 2336 ho

1549 2363 1618 2400 lX.
1645 2362 1706 2400 46
1733 2373 1768 2411 p
1795 2362 1886 2399 588.
1912 2365 1993 2398 not.
2017 2350 2360 2407 Maritaret)add.
2381 2358 2459 2396 Ru-

1493 2424 1612 2461 ricius
1649 2434 1712 2473 ep.
1745 2424 1779 2461 5.
1820 2423 1845 2460 l
1883 2424 1919 2461 4.
1944 2422 2184 2472 Hesperico:
2203 2419 2317 2459 Nunc
2340 2424 2460 2458 etiam

1494 2482 1606 2521 tellus
1629 2482 1759 2522 sterili
1784 2483 1919 2534 riqore
1953 2481 2164 2522 conclusas.
2193 2480 2315 2533 quasi
2346 2478 2462 2520 virili

1492 2545 1636 2583 semine
1653 2549 1855 2596 concepto,
1880 2543 2040 2583 occultis
2055 2542 2247 2582 maritata
2262 2541 2458 2582 meatibus

1497 2617 1622 2645 venas
1647 2606 1765 2645 laceat
1789 2606 1843 2644 ad
1863 2609 2041 2658 partum.

1549 2668 1625 2706 ibid
1672 2674 1752 2706 not.
1798 2669 1884 2706 Non
1929 2668 2083 2715 tamen)
2108 2665 2196 2704 add.
2235 2677 2285 2704 ex
2329 2667 2456 2706 Ennio

1492 2730 1774 2774 Quintilianus.
1800 2728 1892 2767 vide
1917 2728 2098 2767 Ciceron.
2121 2739 2183 2778 ep.
2207 2728 2270 2766 25.
2295 2727 2319 2765 l.
2350 2727 2387 2766 2.
2417 2731 2457 2765 et

1493 2790 1515 2827 l.
1543 2792 1577 2828 4.
1603 2790 1652 2828 ad
1677 2791 1723 2836 Q.
1750 2792 1940 2829 Fratrem.
2280 2818 2284 2819 ⁷

1811 2851 1879 2890 AD
1909 2849 2144 2889 CARMINA.

1548 2912 1676 2950 Carm.
1704 2913 1749 2950 ll.
1776 2922 1880 2950 vers.
1909 2912 1969 2949 48.
2001 2910 2278 2960 Commissum)
2305 2911 2456 2951 Plinius

1496 2974 1594 3012 libro
1621 2975 1682 3012 40.
1708 2975 1822 3024 epist.
1848 2974 1909 3014 40.
1934 2978 1973 3011 et.
1999 2974 2059 3011 64.
2084 2973 2133 3012 al·
2161 2973 2210 3012 50
2235 2978 2275 3011 et
2299 2974 2363 3012 54.

1550 3036 1610 3074 lV.
1637 3036 1674 3074 3.
1706 3035 1934 3082 Praestitit)
1969 3034 2058 3074 add.
2097 3033 2255 3073 Siculus
2292 3033 2455 3072 Flaccus

1496 3097 1545 3136 ὁ]
1560 3097 1708 3135 condit·
1732 3107 1859 3147 agror.
1885 3095 1965 3134 Nec
1982 3098 2110 3133 tamen
2127 3092 2306 3133 omnibus
2315 3103 2452 3145 perso-

1492 3158 1552 3195 nis
1576 3158 1691 3196 victis
1715 3156 1842 3195 ablati
1862 3160 1955 3195 sunt
1976 3157 2078 3206 aqri,
2095 3166 2188 3194 nam
2205 3153 2451 3206 quorundam

1493 3217 1665 3267 (hynitas
1695 3223 1731 3256 et
1764 3219 1901 3268 ,qratia
1943 3220 2015 3255 aut
2051 3215 2227 3255 amicitia
2263 3214 2449 3253 victorem

1495 3280 1637 3316 Ducem
1665 3281 1798 3318 movit:
1827 3282 1870 3316 ul
1893 3279 1948 3316 eis
1965 3276 2189 3315 concederet
2206 3285 2325 3324 aqros
2339 3284 2442 3312 suos.
