2517 4009
881 261 1262 303 NICOLAUS
2017 272 2067 309 ω

77 342 247 384 quarum
271 331 397 382 prima
419 334 483 369 est
501 330 577 369 An.
599 331 714 370 4447.
739 332 788 371 de
814 332 1040 373 concorda-

79 393 130 432 tis
152 394 187 440 a)
203 404 295 432 cum
320 391 518 431 Friderico
543 393 594 431 ΙΙΙ
619 398 660 431 et
676 395 924 446 Principibus
939 396 1037 434 Ger-

80 455 234 494 maniae
253 483 264 501 ,
289 464 392 504 quae
415 453 530 492 obvia
555 459 617 492 est
640 456 758 494 etiam
800 457 902 507 apud
942 459 1039 496 Bzo—

78 517 189 556 vium
213 516 264 554 ad
289 516 364 555 An.
383 516 502 555 4448.
527 528 564 554 n.
589 518 602 555 4
635 516 839 568 Ερίεῐοῐαε
862 519 949 558 XII.
988 519 1037 558 ad

79 577 266 618 Carolum
291 578 372 616 VII.
402 578 552 629 Regum
578 580 819 619 Francorum
837 609 847 627 ‚
871 580 919 619 ad
943 581 1038 620 Gvi-

78 639 244 679 lelmum
268 639 455 677 Franciae
477 640 767 679 Cancellarium
788 646 827 679 et
847 641 895 680 ad
918 642 1037 680 Fran-

75 702 228 740 ciscum
257 701 467 749 Sforzam,
499 702 649 741 Ducem
679 701 886 741 Mediolan.
912 703 1036 741 edidit

75 763 296 803 Dacherius
320 767 346 801 t.
365 763 427 801 lV.
446 764 620 814 spicileg.
653 775 690 814 p.
721 764 814 802 334.
845 763 950 814 (edit.
970 777 1038 803 no-

77 835 153 864 vae
176 829 259 864 tom
285 826 320 864 3.
350 836 436 876 pag.
462 824 553 864 767.
577 825 668 863 774.
693 824 783 864 776.
821 825 912 865 776.
948 821 1037 865 77'9.

77 886 168 926 784.
197 886 302 934 794.)
333 887 524 936 repetitas
547 890 588 924 et
618 887 694 925 iam
726 898 804 926 una
827 898 919 926 cum
957 889 1040 927 avi·

45 982 49 985 .
77 949 273 988 samentis
297 947 346 986 de
369 946 644 998 extinguendo
668 947 907 998 schismate,
923 950 960 987 in
980 960 1040 987 re-

75 1009 319 1050 centioribus
337 1009 602 1048 Conciliorum
624 1008 865 1049 editionibus
883 1015 940 1059 (ut
959 1010 1039 1050 dixi

77 1077 173 1111 tom.
194 1072 262 1111 XI.
294 1071 392 1109 Bibl.
416 1070 593 1109 Graecae
613 1082 700 1121 pag.
727 1072 831 1119 684.)
853 1077 894 1110 et
919 1074 955 1110 in
973 1083 1040 1110 no-

76 1135 244 1172 vissima
266 1132 392 1172 Coleti
408 1163 419 1180 ,
441 1137 548 1170 tomo
564 1133 671 1170 XIX.
688 1132 823 1171 Plures
839 1134 1038 1183 Epistolae

76 1195 218 1234 obviae
237 1193 343 1245 apud
361 1193 611 1243 Raynaldum
631 1224 641 1241 ,
680 1195 956 1245 Bzoviumque
999 1199 1040 1233 et

77 1261 186 1295 tomo
207 1257 349 1305 quinto
366 1254 583 1294 Annalium
617 1255 843 1306 Waddingi.
880 1258 1039 1307 Episto-

78 1318 158 1357 lam
169 1317 218 1356 ad
230 1316 501 1366 palaeologum
513 1316 909 1366 lmp.Cpolitan.cum
920 1318 1041 1356 Grae-

76 1389 124 1418 ca
151 1379 337 1417 versione
360 1377 555 1415 Theodori
579 1378 708 1417 Gazae
732 1384 925 1418 memorat
942 1379 1039 1418 Lud.

77 1439 250 1481 Jacobus
263 1451 350 1490 pag.
373 1439 463 1479 467.
482 1439 579 1478 Bibl.
600 1440 825 1479 Pontificiae
843 1455 850 1478 :
868 1446 909 1480 et
925 1442 1042 1480 aliam

77 1500 212 1540 datam
230 1500 279 1539 ad
290 1501 513 1540 Canonicos
532 1501 766 1540 Belmenses
787 1502 1041 1552 privilegium

77 1563 211 1612 Majori
236 1564 474 1602 Monasterio
496 1563 535 1601 S.
561 1564 715 1601 Martini
734 1564 882 1601 Turon.
902 1563 1041 1602 datum

79 1623 206 1663 edidit
229 1623 448 1663 Dacherius
477 1624 526 1663 ad
546 1624 783 1663 Gvibertum
813 1625 1043 1676 Novigenti-

79 1697 190 1726 num.
215 1697 304 1737 pag.
333 1686 424 1726 593.
448 1696 534 1736 seq.

132 1747 224 1798 (226
246 1749 335 1788 Vita
359 1747 509 1787 Nicolai
533 1748 578 1787 V.
604 1760 626 1787 a
650 1749 855 1788 Dominico
875 1748 1042 1799 Georgio

77 1811 329 1861 conscripta:
367 1809 521 1849 accedit
557 1810 686 1850 eiusd.
722 1810 947 1860 disquisitio
992 1810 1040 1849 de

77 1874 160 1913 Nic.
186 1874 230 1911 V.
254 1884 347 1924 erga
371 1872 508 1911 literas
547 1876 587 1911 et
626 1873 806 1912 literatos
844 1873 952 1910 viros
976 1883 1043 1923 pa-

77 1935 256 1974 trocinio.
277 1935 425 1973 Romae
451 1933 568 1974 4742.
597 1935 659 1983 4.)

129 1995 382 2035 NICOLAUS
406 1996 448 2034 V.
470 1997 755 2035 anteaPeti-us
779 1996 828 2034 de
854 1996 1042 2036 Corbario

77 2057 402 2097 Rainnalluccius
425 2056 520 2096 Ord.
544 2058 680 2096 Minor.
699 2056 902 2109 Antipapa
925 2058 974 2097 ab
997 2059 1043 2096 A.

82 2119 199 2159 4328.
226 2119 290 2159 42.
313 2118 402 2167 Maj.
427 2118 476 2158 ad
501 2119 579 2157 An.
619 2120 736 2158 4330.
780 2121 951 2171 August.
978 2120 1042 2158 25.

77 2181 180 2231 Ejus
210 2179 412 2233 Confessio
433 2191 513 2231 qua
536 2181 712 2231 Papatui.
740 2182 777 2219 in
803 2192 947 2220 manus
982 2182 1045 2219 Jo-

77 2243 195 2282 annis
217 2243 331 2282 XXII
355 2242 564 2281 Avenione
590 2244 869 2291 renunciavit,
900 2243 1044 2293 legitur

79 2309 165 2344 tum
187 2304 278 2344 alibi
293 2308 380 2343 tum
399 2306 438 2342 in
455 2304 606 2343 Baluzii
622 2305 738 2354 Papis
755 2304 1043 2343 Avenionensi-

80 2366 158 2406 bus
172 2370 199 2404 t.
223 2368 259 2405 4.
283 2378 321 2417 p.
348 2366 438 2404 446.
458 2366 576 2415 qu'us
599 2365 750 2404 Baluzii
776 2365 825 2404 de
842 2365 916 2403 hoc
933 2365 1044 2403 Nico-

81 2427 142 2466 lao
165 2426 436 2466 consulendae
456 2430 574 2465 notae
601 2431 699 2465 sunt
723 2438 761 2476 p.
782 2426 873 2465 702.
898 2437 981 2476 seq.
1003 2430 1043 2463 et

85 2487 200 2527 4447.
226 2487 504 2528 conserendus
527 2488 647 2526 etiam
674 2491 785 2525 tenor
823 2498 1044 2526 conversio-

82 2549 146 2588 πίε
162 2577 172 2597 ,
186 2547 454 2600 abjm'ationis
471 2552 509 2586 et
530 2548 868 2587 reconciliationis
903 2550 940 2586 in
966 2548 1044 2587 Ed-

87 2610 225 2650 mundi
258 2612 434 2649 Martene
476 2614 503 2648 t.
530 2611 554 2648 2
590 2609 872 2648 anecdotorum
897 2621 932 2659 p.
954 2608 1042 2646 807.

84 2673 174 2712 845.
195 2677 316 2722 atque
337 2671 481 2711 ibidem
500 2672 611 2722 plura
629 2671 677 2710 ad
690 2670 1041 2720 huncAntipapam

84 2736 306 2785 spectantia
326 2735 364 2772 in
388 2735 552 2772 Joannis
574 2734 698 2783 Papae
712 2731 837 2771 xxll.
856 2742 1045 2782 processu

85 2796 284 2836 adversus
310 2795 555 2835 Ludovicum
575 2796 772 2833 Bavarum
796 2795 938 2844 lmper.
959 2794 1046 2831 Plu-

86 2862 125 2896 ta
140 2860 261 2896 etiam
278 2857 382 2908 apud
399 2855 672 2907 Raynaldum‚
691 2857 900 2902 Bzovium,
923 2856 1047 2904 Spon-

86 2919 235 2959 danum
259 2923 301 2958 et
325 2920 364 2956 in
390 2922 496 2957 tomo
519 2921 662 2968 quarto
699 2917 884 2956 breviarii
919 2918 1048 2954 Ponti-

84 2981 204 3021 ficum
225 2980 386 3020 Antonii
411 2980 516 3030 Pagi.
538 2990 626 3029 pag.
652 2978 716 3016 90.
743 2989 827 3028 seq.

143 3040 370 3082 Gtossulam
388 3051 510 3092 super
532 3039 696 3080 CHristi
723 3039 937 3078 imitatione
958 3039 1048 3078 huic

85 3106 244 3146 Nicolao
274 3104 411 3143 tribuit
440 3103 584 3142 Baleus
619 3103 724 3141 Xlll.
756 3102 818 3141 39.
851 3106 970 3151 atque
999 3113 1047 3139 cx

144 3212 180 3250 a)
209 3210 339 3244 confer.
362 3213 412 3242 Jo.
435 3208 588 3241 schilteri
612 3212 707 3239 notas
731 3206 771 3238 nd
802 3207 926 3239 calcem
959 3208 1057 3238 Fran-

84 3263 164 3294 ciscl
187 3262 332 3292 Duareni
355 3259 516 3290 librorum
545 3259 629 3289 vul.
669 3258 708 3288 de
747 3259 850 3287 sacris
886 3256 1054 3288 Ecclesiae

85 3313 282 3345 ministerus
306 3314 339 3342 et
361 3309 541 3341 beneficiis.
557 3311 628 3339 Jen.
644 3307 735 3339 1699.
751 3306 781 3337 8.
799 3307 930 3344 Georgii
949 3308 1053 3335 Bran-

84 3362 147 3394 den
173 3361 399 3394 collectanaea
424 3357 515 3390 1094.
542 3357 571 3389 8.
597 3360 665 3390 Jac.
700 3355 788 3389 Frid.
826 3356 974 3394 Gregorii
1011 3353 1051 3384 de

1110 344 1157 372 eo
1187 334 1381 373 Simlerus
1409 339 1449 373 et
1473 335 1701 376 Ludovicus
1725 338 1897 377 Jacobus
1921 352 1956 391 p.
1984 341 2073 380 336.

1112 395 1209 434 Βί1)1.
1240 397 1475 436 Pontificiae.
1517 398 1624 436 Idem
1658 399 1800 438 Baleus
1833 402 1970 440 vitiose
2004 404 2076 441 Re—

1113 457 1321 495 malutium
1354 463 1470 496 vocat
1500 471 1569 508 pro
1599 461 1880 500 Rainalluccio.

1164 519 1414 558 NICOLAUS
1442 519 1598 571 Abbas,
1630 522 1753 569 infra,
1780 523 1972 564 Nicotaus
2003 527 2075 565 Tu-

1110 580 1262 620 (lescus.

1163 642 1413 682 NICOLAUS
1442 643 1679 695 Acciajolus.
1703 647 1828 697 Supra
1854 652 1880 686 t.
1901 651 1935 688 4.
1955 662 1990 700 p.
2009 653 2043 689 23.

1162 705 1416 744 NICOLAUS
1440 705 1606 757 Anglus,
1629 709 1845 747 Monachus
1869 711 1909 749 S.
1927 709 2075 750 Albani

1109 765 1202 804 Ord.
1233 766 1378 805 Bened.
1408 767 1525 816 cujus
1554 772 1615 805 est
1640 768 1818 818 Epistola
1850 773 1952 810 inter
1982 774 2072 824 Epi-

1113 828 1235 866 stolas
1264 829 1365 866 Petri
1395 828 1592 867 Cellensis
1622 831 1689 869 lx.
1721 832 1758 868 9.
1787 843 1907 882 quam
1940 837 2073 885 sequi-

1113 894 1179 928 tur
1206 889 1370 940 perinde
1400 889 1560 929 dentata
1588 892 1688 930 Petri
1720 896 1937 943 responsio.
1962 897 2073 935 Falli-

1113 955 1179 989 tur
1205 950 1401 989 Lelandus
1425 963 1460 990 c.
1486 953 1574 990 456.
1595 964 1770 1003 eumque
1787 957 1911 994 secuti
1931 958 2072 997 Baleus

1113 1013 1159 1050 ll.
1189 1012 1254 1050 79.
1283 1017 1323 1051 et
1347 1014 1528 1062 Pitseus,
1551 1026 1638 1065 pag.
1662 1016 1752 1054 208.
1783 1019 1850 1066 qui
1876 1017 1989 1067 ajunt
2011 1020 2073 1057 Ni—

1111 1074 1265 1112 colaum
1309 1074 1503 1114 Abbatem
1543 1076 1620 1114 fani
1664 1078 1705 1116 S.
1745 1077 1884 1117 Albani
1930 1081 2072 1119 librum

1113 1137 1198 1174 sive
1228 1140 1273 1176 ut
1300 1137 1444 1175 Baleus
1473 1142 1512 1174 et
1538 1139 1718 1185 Pitseus,
1750 1139 1869 1178 libros
1898 1140 1999 1180 duos
2027 1142 2073 1180 (le

1115 1197 1368 1250 Conceptione
1397 1199 1438 1236 B.
1475 1198 1644 1249 Vz‘rqinis
1675 1202 1884 1250 scripsisse
1914 1203 1961 1240 ad
1995 1204 2073 1241 llu-

1112 1270 1253 1309 gonem
1284 1260 1477 1299 Abbatem
1510 1261 1586 1299 fani
1616 1263 1795 1311 Remigii.
1823 1264 1917 1301 Nam
1950 1268 1993 1303 ut
2021 1276 2072 1302 ex

1115 1321 1191 1358 illis
1209 1321 1398 1371 Epistolis
1424 1322 1559 1360 videre
1579 1328 1666 1370 est,
1693 1326 1852 1373 scripsit
1873 1325 1921 1362 de
1945 1336 1991 1362 eo
2013 1337 2074 1364 ar-

1115 1387 1304 1433 gumento
1327 1382 1375 1421 ad
1402 1385 1584 1432 Petrum,
1610 1396 1657 1423 ex
1685 1386 1856 1424 Cellensi
1879 1387 2073 1425 Abbatem

1116 1443 1156 1481 S.
1183 1444 1348 1493 Remigii
1378 1445 1611 1491 Remensis‚
1641 1450 1681 1483 et
1715 1451 1852 1495 postea
1881 1448 1930 1485 ab
1959 1448 2073 1485 Anno

1122 1505 1235 1543 4482.
1261 1506 1548 1544 Carnotensem
1575 1507 1829 1557 Episcopum.

1169 1567 1418 1606 MCOLAUS
1446 1566 1686 1619 Alberyatus
1710 1570 1795 1606 sive
1819 1567 1866 1606 de
1885 1567 2075 1619 Alberya-

1117 1628 1166 1666 tis
1194 1630 1481 1678 Bononiensis,
1512 1629 1673 1669 Ordinis
1711 1630 1963 1669 Carthusiani
1995 1631 2076 1679 gio-

1117 1692 1186 1737 ria,
1212 1692 1383 1741 Legatus
1406 1691 1453 1728 ad
1480 1691 1699 1730 Concilium
1725 1693 1965 1739 Basileense,
1987 1693 2078 1730 Fer-

1117 1754 1259 1791 rariam
1292 1754 1385 1790 item
1417 1757 1457 1790 et
1486 1753 1751 1791 Florentiam:
1776 1755 1997 1803 Episcopus
2025 1754 2074 1792 ab

1114 1814 1187 1852 An.
1223 1813 1336 1853 4447.
1368 1816 1627 1853 Bononiensis
1657 1820 1696 1853 et
1725 1815 1773 1853 ab
1803 1817 1862 1853 An
1904 1814 2005 1853 4426
2031 1816 2072 1853 R.

1119 1877 1159 1914 E.
1189 1876 1412 1914 Cardinalis
1442 1876 1671 1926 Presbyter,
1698 1875 1912 1914 defunctus
1942 1876 2069 1919 Senis,

1115 1949 1206 1976 cum
1233 1940 1454 1989 Eugenium
1483 1939 1543 1976 IV.
1568 1940 1827 1976 comitaretur
1850 1937 1925 1975 An.
1951 1938 2067 1975 4444.

1116 2001 1214 2038 Vide
1245 2000 1456 2051 Ughellum
1489 2005 1583 2038 tom.
1615 2000 1652 2038 2.
1683 2011 1770 2049 pag.
1801 1999 1864 2038 34.
1895 2010 1977 2048 seq.
2007 1999 2074 2048 qui

1117 2066 1275 2112 praeter
1314 2061 1542 2100 Orationem
1588 2062 1624 2099 in
1669 2061 1806 2099 funere.
1844 2059 1931 2109 ejus
1970 2060 2076 2097 babi—

1118 2128 1200 2162 tam
1232 2135 1254 2162 a
1294 2125 1435 2173 Poggio
1477 2124 1728 2170 Florentino,
1768 2122 1804 2169 b)
1845 2120 1978 2160 laudat
2021 2122 2078 2157 vi—

1119 2189 1182 2224 tae
1218 2188 1436 2236 scriptores
1484 2185 1675 2224 Jacobum
1720 2185 1940 2226 Zenonem.
1984 2183 2073 2232 Epi-

1117 2257 1281 2297 scopum
1337 2247 1580 2285 Feltrensem
1611 2274 1618 2292 ,
1659 2245 1851 2283 Joannem
1905 2245 2072 2281 Leonem

1116 2310 1337 2347 Romanum
1369 2309 1462 2346 Ord.
1493 2307 1630 2346 Praed.
1662 2308 1698 2343 in
1730 2316 1847 2355 opere
1879 2306 2072 2342 Manusrr.

1117 2369 1166 2407 de
1194 2369 1369 2408 Concilio
1400 2370 1646 2414 Basileensi,
1677 2368 1854 2415 aliosque
1901 2366 2047 2403 multos
2066 2394 2074 2409 ,

1117 2430 1263 2480 quibus
1293 2430 1393 2468 adde
1423 2429 1468 2467 G.
1498 2429 1715 2479 Josepbum
1746 2428 1853 2476 Eggs
1878 2438 2074 2476 purpurae

1116 2491 1254 2529 doctae
1297 2491 1395 2529 libro
1425 2491 1459 2528 3.
1492 2502 1530 2527 n.
1566 2491 1667 2528 xiv.
1700 2494 1795 2526 tom.
1826 2488 1864 2524 2.
1895 2499 1979 2536 pag.
2011 2487 2073 2521 66.

1117 2563 1200 2602 seq.
1231 2557 1271 2590 et
1299 2552 1478 2601 ejusdem
1513 2562 1660 2589 novum
1688 2549 2012 2598 supplementum
2037 2558 2071 2595 p.

1118 2614 1206 2652 568.
1239 2613 1302 2651 ubi
1334 2613 1382 2650 (le
1413 2614 1631 2650 recentiore.
1676 2609 1856 2658 ejusdem
1905 2608 2072 2644 familia«-

1119 2679 1352 2712 ornamento
1383 2671 1547 2711 Nicolao
1577 2670 1788 2719 „uber-qam
1818 2669 1866 2706 ab
1896 2669 1941 2706 A.
1974 2669 2072 2706 4644

1119 2736 1166 2774 ad
1200 2736 1315 2774 4686:
1344 2733 1539 2772 Cardinali
1571 2733 1797 2770 disserens„
1829 2731 1945 2767 etiam
1977 2729 2074 2766 alios

1121 2798 1286 2835 senioris
1317 2796 1512 2844 Albergati
1547 2796 1649 2831 vilae
1680 2798 1719 2828 et
1749 2794 1941 2828 virtutum
1965 2801 2074 2839 prae-

1120 2861 1315 2898 dicatores
1343 2857 1543 2899 celebrat,
1576 2858 1892 2894 thummim-aun
1937 2851 2072 2888 Cabal-

1122 2922 1204 2960 lum
1235 2921 1284 2958 ab
1313 2919 1506 2958 Amantea
1536 2918 1629 2955 Ord.
1663 2917 1795 2954 Minor.
1827 2918 1866 2949 et
1911 2911 2077 2949 Ludovi-

1121 2994 1212 3021 cum
1240 2982 1405 3019 Donium
1432 2979 1678 3024 Attiehium,
1706 2978 1942 3026 Episcopum
1971 2972 2076 3010 lidu-

1122 3055 1274 3082 ensem.
1306 3043 1459 3092 Scripta
1489 3040 1576 3089 ejus
1605 3039 1652 3076 ab
1683 3036 1847 3075 isium-le
1886 3032 2075 3072 Bumaldo

1126 3117 1211 3157 pag.
1256 3105 1344 3143 472.
1389 3104 1436 3140 de
1479 3102 1605 3139 doctis
1649 3096 1989 3139 Bononiensibus,
2027 3095 2075 3131 ab

1117 3205 1366 3247 gravaminibus
1391 3203 1536 3233 nationis
1561 3200 1778 3231 Germanicae.
1804 3207 1838 3237 p.
1862 3197 1922 3227 257
1941 3205 2008 3235 seq.

1179 3254 1214 3292 b)
1241 3254 1354 3292 Poggli
1379 3252 1567 3281 orationem
1593 3258 1666 3280 cum
1692 3251 1756 3278 vita
1787 3247 1949 3282 ‚uben-'ati
1977 3244 1994 3274 a
2024 3248 2079 3275 Ja-

1120 3305 1202 3336 cobo
1226 3306 1310 3333 Zeno
1334 3306 1363 3331 ct
1387 3299 1502 3330 Car-olo
1525 3300 1659 3334 Sigonio
1682 3299 1804 3336 scripta
1823 3295 1926 3326 edidit
1944 3297 2080 3333 Georgi-

1117 3363 1155 3385 us
1184 3351 1369 3383 carneten:
1399 3348 1651 3381 Carinus-ianus.
1676 3346 1794 3378 colon.
1822 3344 1909 3375 1618.
1934 3343 1964 3373 l.
