2533 4009
448 172 528 211 '⁴62

448 253 484 278 in
509 241 673 279 erorum
696 238 930 274 Wormatiae
951 263 958 279 ‚
986 237 1022 272 in
1044 234 1232 283 Reliquiis
1262 234 1386 273 Lude-

447 303 629 350 wigianis
672 304 763 334 tom.
808 296 934 344 inp.
976 296 1011 331 7.
1056 294 1158 332 unde
1191 295 1384 344 quaedam

447 361 742 399 emendationes
767 356 843 404 peti
869 359 1048 404 possunt.

501 423 638 457 Locum
664 416 750 464 ejus
775 415 823 452 de
849 416 971 463 prima
995 419 1214 464 martyrum
1241 416 1389 454 Galliae

442 479 584 528 epocha
610 477 657 514 ab
681 475 980 525 exceptionibus
1000 505 1009 520 ‚
1040 486 1140 524 quas
1170 475 1391 513 Bondonet-

443 546 506 577 tus
560 536 839 575 Benedictinns
884 537 920 572 in
965 536 1064 573 Vitis
1107 537 1389 586 Episcoporum

444 597 802 638 Cenomanensium
841 597 987 634 Gallice
1025 596 1142 634 cditis
1173 599 1390 647 opposuit,

442 652 630 707 singulari
653 657 932 695 dissertatione.
959 657 1176 696 vindicavit
1205 658 1260 695 J0.
1294 660 1392 696 Lau-

440 720 579 768 nojus.
605 729 706 769 quae
730 723 841 756 extat
875 719 1050 768 Operum
1088 720 1175 757 eius
1214 724 1319 756 tomo
1344 717 1391 755 ll.

449 786 544 830 part.
578 781 607 817 l.
640 791 675 829 p.
703 779 790 817 439.

496 842 725 878 Vincentius
741 840 1075 878 Bellovacensisin
1093 840 1259 890 Speculo
1274 840 1395 878 histo-

443 903 523 940 riali
568 901 686 940 xvtt.
737 902 798 939 ΞΟ,
845 902 1016 951 Sulpicio
1059 903 1206 940 Severo
1236 914 1393 952 quoque

444 962 570 1000 Vitam
619 962 804 1000 Mam-itai
852 963 1034 1014 Episcopi
1081 963 1392 1013 .›lmleqavensis‚

437 1025 586 1070 tribuit,
613 1025 680 1062 sed
706 1029 861 1074 praeter
880 1036 983 1070 rcm,
1007 1030 1043 1061 et
1067 1026 1225 1062 coniicit
1243 1027 1394 1064 Launo-

438 1088 498 1124 ius
523 1086 545 1123 l.
571 1097 604 1123 c.
627 1099 661 1136 p.
687 1087 774 1124 681.
801 1097 892 1123 eum
920 1086 1088 1123 sortasse
1116 1088 1150 1123 in
1185 1087 1302 1125 talem
1321 1088 1394 1126 Co-

437 1146 562 1184 diccin
591 1146 800 1193 incidisse,
825 1148 890 1195 qni
919 1151 1130 1196 utramque
1149 1150 1270 1186 vitam
1297 1150 1394 1186 Mar—

441 1210 509 1244 tini
533 1208 777 1245 Turonensis
807 1211 845 1243 et
888 1207 1054 1245 Maurilii
1091 1208 1393 1258 Andegavensis

437 1270 656 1306 contineret

492 1332 725 1380 Sequuntur
763 1329 960 1379 quaedam
998 1331 1275 1369 annotat-iones
1304 1332 1390 1370 Cel.

438 1397 559 1430 nostri
587 1392 762 1430 Fabricii.

494 1453 684 1491 Praefatio
708 1453 807 1490 benc
834 1453 946 1502 longa
977 1453 1136 1503 Dialogo
1164 1452 1210 1490 de
1239 1453 1393 1492 virtuli-

444 1511 516 1551 bus
571 1512 854 1551 monachorum
917 1512 1206 1561 Orientalium,
1262 1517 1393 1553 nescio

439 1585 555 1612 cuius
599 1576 828 1624 scriptoris,
868 1575 1135 1623 praemittitur
1175 1577 1211 1612 in
1251 1575 1393 1614 Codice

438 1636 700 1681 Naudaeano,
724 1641 826 1673 teste
854 1635 1004 1673 Labbco
1029 1635 1122 1672 Bibl.
1156 1646 1256 1673 nova
1287 1637 1393 1675 MSS.

439 1707 523 1746 pag.
551 1697 638 1733 928.

492 1758 664 1807 Epistola
692 1758 738 1795 ll.
776 1756 822 1795 (le
854 1757 1082 1807 viryinitace
1121 1769 1239 1807 saepe
1269 1758 1397 1808 prodi-

437 1824 523 1857 erat
568 1820 670 1856 intcr
706 1820 932 1867 Hieronymi
958 1824 997 1856 et
1019 1818 1224 1856 Athanasii
1255 1831 1396 1869 opera,

442 1883 479 1918 in
519 1880 694 1918 Concilio
732 1879 1044 1929 Aquisgranensi
1088 1891 1122 1917 a.
1162 1880 1250 1919 816.
1289 1882 1395 1918 etin

445 1940 672 1990 Appendice
723 1940 769 1978 ad
806 1941 989 1978 Codicem
1035 1940 1272 1989 Regularum
1313 1941 1399 1979 llol—

449 2003 566 2040 stenii
595 2014 618 2051 p
655 2003 690 2039 8.
716 2002 790 2040 sub
812 2003 968 2039 nomine
994 2002 1210 2039 Athanasii.

497 2064 659 2102 Careias
686 2065 823 2101 Louisa
843 2065 944 2100 notis
968 2062 1014 2100 ad
1043 2063 1175 2100 Isidori
1198 2064 1397 2113 Hispalen-

447 2126 501 2162 sis
525 2124 744 2162 Chronicon
767 2155 774 2170 ,
801 2129 985 2162 monente
1007 2124 1251 2171 Colomesi0,
1276 2136 1396 2174 penes

447 2196 489 2223 se
514 2196 603 2222 esse
629 2190 798 2223 testatur
828 2186 1035 2235 Epitomen
1075 2186 1151 2222 MS.
1183 2185 1396 2223 Chronico-

444 2258 532 2284 rum
559 2247 723 2290 Severi,
749 2249 1010 2295 cognomento
1036 2246 1210 2296 Sulpicii.

497 2307 726 2345 SEVERUS
750 2306 977 2357 Sulpicius,
1000 2312 1262 2357 cognomento
1293 2309 1395 2354 Pius,

447 2369 663 2418 Episcopus
712 2369 988 2416 Bituricensis,
1032 2379 1111 2406 sec.
1152 2369 1231 2406 Vll.
1280 2373 1397 2407 natus

444 2430 582 2467 Vatani
611 2430 646 2466 in
687 2429 854 2467 dioecesi
895 2435 1124 2477 memorata,
1174 2432 1396 2478 DiaconuS,

445 2490 585 2529 deinde
609 2491 657 2529 ab
686 2503 718 2529 a.
743 2490 833 2529 622.
872 2492 1118 2542 Episcopus,
1158 2498 1246 2541 post
1287 2491 1396 2530 bien·
1459 2507 1461 2509 ¹

446 2554 553 2590 nium
595 2552 772 2590 interfuit
826 2552 1000 2590 Concilio
1038 2553 1251 2600 Remensi,
1298 2565 1399 2592 mor-

447 2618 540 2651 tuus
578 2624 612 2651 a.
655 2614 743 2650 644.
787 2615 935 2652 Extant
969 2616 1054 2652 eius
1080 2613 1277 2666 Epistulae
1296 2614 1399 2653 duae

447 2673 494 2711 ad
536 2674 783 2712 Desiderium
821 2675 1113 2713 Cadurcensem
1151 2681 1190 2714 ct
1235 2689 1310 2715 una
1351 2677 1399 2715 ad

455 2737 592 2773 Verum
633 2736 870 2785 Episcopum
915 2737 1212 2785 Rutcnensem,
1235 2749 1255 2776 a
1287 2740 1401 2778 Cani-

452 2798 508 2834 sio
548 2797 675 2834 editae
715 2798 806 2834 Ant.
833 2799 936 2835 Lcct.
967 2803 1059 2835 tom.
1088 2800 1113 2836 Ι.
1138 2811 1173 2849 p.
1214 2800 1399 2838 ott-fito.

450 2857 561 2895 Adde
590 2857 689 2895 llist.
721 2859 890 2896 lits—mire
915 2859 963 2896 dc
989 2860 1021 2898 la
1048 2862 1196 2898 Franco
1218 2865 1310 2898 tom.
1336 2862 1402 2898 ΙΙΙ.

450 2931 532 2969 pag.
556 2920 644 2958 5239.
671 2925 707 2957 ct
731 2921 826 2958 Acta
853 2921 1089 2960 Sanctorum
1117 2928 1213 2960 tom.
1240 2923 1288 2960 11.
1316 2924 1400 2960 Jan.

451 2991 536 3027 pag.
558 2981 631 3018 ⁴553

505 3040 631 3077 Alium
663 3041 784 3090 hujus
815 3044 984 3080 nominis
1014 3045 1252 3094 Episcopum
1296 3045 1405 3082 Bitu-

452 3110 642 3138 ricc·nsr·m
675 3104 809 3140 seculo
841 3105 900 3141 vl.
923 3105 991 3142 sed
1018 3107 1082 3155 qui
1101 3105 1194 3142 nihil
1213 3106 1405 3156 scriptum

454 3160 635 3208 reliquit,
667 3166 805 3201 statuit
837 3167 1015 3215 Basoagii
1045 3166 1269 3204 observatio
1312 3171 1407 3205 tom.

455 3219 467 3255 1
501 3219 641 3256 Canisii
673 3235 707 3271 p.
740 3225 828 3261 633.

1295 166 1582 207 SEXTUS

1507 238 1734 276 SEVERUS
1753 266 1762 284 ,
1794 238 2063 278 Malacitanus
2093 241 2312 290 Episcopus
2334 242 2410 280 cir-

1459 309 1504 335 ca
1533 309 1566 334 a.
1606 297 1694 336 580.
1733 297 1897 348 Scripsit.
1940 299 2239 340 Correccorium
2279 305 2417 340 contra

1463 358 1713 396 vincentium
1743 359 2134 411 Caesaraugustanae
2178 361 2288 400 urbis
2330 362 2424 411 Epi-

1463 429 1626 468 scopum
1645 448 1654 466 ,
1685 418 1920 466 Arriaonm,
1949 420 1995 459 de
2021 421 2251 472 vtrqimtate
2279 420 2333 460 ad
2359 431 2422 460 so-

1466 489 1623 526 rorem,
1652 490 1771 529 quem
1803 479 1945 519 librum
1976 482 2152 520 Annualt‘
2180 483 2337 521 nomine
2363 483 2422 521 in—

1465 539 1646 587 digitavit
1665 571 1675 587 ,
1708 551 1780 578 nec
1811 552 1887 578 non
1921 541 2117 591 Epistolas
2145 543 2198 581 ad
2225 542 2417 582 diversos.

1467 600 1640 639 Isidorus
1669 600 1717 639 de
1747 602 1932 651 Scriptor.
1961 602 2114 641 Ecclos.
2135 615 2169 642 c.
2190 604 2423 643 30.Trithe-

1468 663 1570 700 mius
1599 673 1620 698 o
1662 662 1752 700 2⁶26.
1786 663 1860 699 Res
1888 661 1976 710 ejus
2005 674 2026 700 a
2053 663 2197 703 fabulis
2227 669 2425 715 expurgat

1466 723 1546 760 Nic.
1575 722 1773 760 Antonius
1804 723 1898 761 Bibl.
1929 724 2098 772 Hispana
2127 725 2269 764 Vetere
2300 726 2362 764 lv.
2386 725 2427 763 3.

1472 795 1509 821 n.
1544 784 1604 821 40.
1633 784 1692 821 41.
1723 784 1947 821 Monasterii
1974 784 2174 822 Servitani
2217 786 2426 824 alumnum

1469 850 1508 881 et
1535 843 1773 893 discipulum
1805 845 1845 883 S.
1875 845 2013 882 Donati
2049 844 2250 883 Eremitae
2292 846 2427 897 Augu-

1469 907 1628 944 stiniani
1661 905 1752 944 facit
1781 905 1879 943 Phil.
1907 905 2064 943 Etssius
2095 905 2132 943 in
2166 905 2424 946 Enoomiasti-

1468 978 1513 1004 co
1543 966 1833 1016 Augustiniano
1863 977 1899 1016 p.
1931 966 2021 1004 623.
2042 965 2245 1005 Fabricius
2263 971 2428 1006 annota-

1470 1029 1552 1075 vit,
1585 1028 1819 1066 Sermonem
1851 1027 1955 1065 Petri
2001 1027 2236 1078 chrysologi
2280 1026 2344 1065 Ἠι-
2386 1033 2427 1066 et

1470 1100 1581 1138 seqq.
1613 1088 1703 1126 huic
1747 1088 1895 1127 Severo
1937 1098 1958 1126 a
1999 1087 2240 1138 quibusdam
2282 1087 2425 1134 tribui,

1467 1151 1611 1199 quippe
1636 1150 1674 1186 in
1703 1148 1820 1199 cujus
1851 1154 2028 1199 tempora
2058 1147 2107 1187 de
2137 1158 2214 1186 non
2231 1149 2428 1187 suscitan-

1467 1211 1516 1249 da
1547 1222 1638 1248 vera
1656 1221 1775 1249 carne
1795 1209 1975 1259 quadret.

1519 1271 1773 1319 SEVERUS,
1804 1270 2084 1318 Me'levitanus,
2114 1271 2151 1308 in
2183 1269 2312 1309 Africa
2333 1270 2425 1320 Epi-

1467 1344 1636 1384 scopus,
1666 1332 1878 1380 Augustini
1909 1342 1951 1369 se
1981 1331 2221 1381 discipulum
2264 1330 2424 1381 profite-

1466 1400 1562 1441 tur,
1591 1396 1706 1444 cpist.
1737 1394 1800 1432 37.
1829 1395 1932 1431 inter
1975 1392 2314 1443 Augustinianas‚
2360 1392 2422 1430 cui

1468 1459 1550 1506 ipse
1567 1456 1818 1505 Augustinus
1834 1455 1953 1504 epist.
1969 1455 2059 1494 429.
2075 1451 2302 1503 respondet.
2319 1451 2425 1490 Obiit

1468 1523 1561 1556 ante
1606 1517 1875 1565 Augustinum
1894 1547 1905 1564 ,
1932 1516 2016 1565 -qui
2063 1515 2189 1564 ipsius
2235 1518 2425 1564 tanquam

1469 1579 1611 1616 mortui
1643 1579 1768 1628 Epist.
1801 1576 1889 1615 400.
1920 1576 2102 1614 meminit
2130 1574 2230 1613 Aub.
2256 1575 2426 1613 Miraeus

1467 1640 1516 1677 de
1546 1640 1681 1688 script.
1707 1638 1858 1677 Ecclcs.
1875 1649 1910 1675 c.
1929 1637 2164 1676 7l.Elssius
2181 1636 2204 1674 l.
2222 1646 2255 1673 c.
2272 1647 2308 1686 p.
2334 1633 2426 1675 6214.

1524 1698 1777 1747 SEVERUS,
1825 1696 2100 1737 Minoricensis
2144 1697 2298 1736 insulae
2336 1697 2429 1746 Epi-

1471 1773 1641 1810 scopus,
1673 1762 1832 1810 scripsit
1861 1772 1897 1798 a.
1927 1760 2016 1798 418.
2047 1757 2268 1809 Epistolam
2291 1757 2337 1796 de
2359 1758 2431 1796 Ju-

1469 1823 1578 1861 (loei's
1610 1823 1648 1860 in
1679 1834 1726 1860 ea
1757 1820 1891 1860 insula
1921 1819 2290 1871 conversis,deque
2307 1818 2429 1858 mera-

1472 1883 1572 1921 culis
1607 1882 1748 1922 ibidem
1777 1881 1832 1921 ad
1859 1881 2053 1933 reliquias
2082 1882 2122 1920 S.
2151 1879 2342 1932 Stephani
2369 1878 2433 1932 fa-

1473 1944 1571 1992 ctis,
1601 1955 1720 1994 quam
1751 1943 1874 1981 edidit
1903 1943 2098 1983 Baronius
2126 1941 2175 1980 ad
2205 1952 2239 1980 a.
2272 1942 2362 1981 4⁴8.
2393 1951 2430 1978 n.

1472 2007 1533 2043 49.
1563 2010 1603 2042 ct
1636 2006 1672 2042 in
1717 2003 1948 2054 Appendiee
1990 2002 2167 2053 Operum
2212 2002 2428 2052 Augustini

1471 2079 1539 2116 per
1567 2066 1844 2105 Benedictinos
1873 2063 2096 2111 editorum,
2127 2063 2174 2102 ad
2193 2068 2345 2102 tomum
2367 2063 2429 2101 Vt.

1469 2129 1541 2166 col.
1573 2128 1634 2166 45.
1666 2127 1809 2165 Confer
1841 2127 1944 2165 Aub.
1991 2127 2184 2164 Miraeum
2214 2135 2248 2163 c.
2285 2123 2351 2162 72.
2393 2127 2433 2162 et

1470 2189 1548 2227 Nic.
1582 2189 1739 2227 Antonii
1770 2188 1866 2226 Bibl.
1893 2188 2106 2237 Hispanam
2138 2187 2321 2224 Veterem
2365 2184 2429 2224 ΙΙΙ.
2487 2230 2495 2235 ..

1471 2251 1507 2288 2.
1540 2262 1577 2288 n·
1609 2251 1670 2289 50.
1701 2249 1921 2288 Oudinum.
1952 2252 1981 2286 t.
2010 2250 2025 2286 1
2055 2259 2091 2298 p.
2122 2248 2220 2291 993.

1526 2312 1734 2350 SEXTUM
1765 2312 1831 2361 qui
1863 2310 1938 2349 sub
1969 2310 2119 2348 Severo
2144 2309 2244 2359 Imp.
2279 2306 2326 2346 de
2367 2318 2431 2346 re-

1470 2372 1714 2412 surrectione
1757 2373 1948 2421 scripsit,
1992 2374 2186 2409 memorat
2227 2369 2430 2420 cangius,

1470 2435 1564 2472 mihi
1597 2439 1797 2484 praeterea
1815 2444 1890 2471 non
1909 2434 2125 2483 cognitum.

1525 2496 1751 2542 SEXTUS,
1781 2494 1871 2533 vide
1901 2494 2060 2534 Siaetus.

1527 2557 1728 2596 SEXTUS
1751 2555 1944 2601 Placicus,
1961 2556 2048 2594 aliis
2069 2554 2318 2602 Platonicu5‚
2339 2554 2436 2593 scri—

1471 2625 1558 2668 ptor
1587 2620 1673 2656 aevi
1708 2619 1844 2656 incerti
1868 2648 1876 2666 ,
1898 2616 2182 2668 Papyriensem
2199 2619 2315 2654 vocat
2334 2616 2433 2654 Mer—

1471 2678 1626 2718 cklinus
1657 2681 1693 2716 in
1720 2678 1910 2716 Lindenio
1939 2682 2130 2716 renovato
2161 2690 2195 2728 p.
2237 2675 2327 2715 967.
2365 2677 2433 2726 qui

1473 2745 1514 2778 et
1541 2740 1736 2778 editiones
1766 2740 1882 2778 Basil.
1915 2739 2030 2778 ⁴538.
2061 2740 2098 2777 8.
2128 2739 2260 2789 Tigur.
2310 2738 2425 2777 4539.

1476 2803 1511 2839 4.
1543 2805 1749 2839 memorat.
1778 2801 1941 2850 Reliqua
1971 2810 2118 2850 quaere
2147 2798 2251 2849 apud
2296 2798 2430 2837 Fabri-

1473 2864 1579 2900 cium
1612 2866 1793 2900 nostrum
1826 2872 1862 2898 in
1894 2861 1990 2899 Bibl.
2015 2861 2164 2899 Latina.
2182 2858 2431 2910 Opusculum

1476 2922 1522 2961 cle
1551 2922 1745 2960 medicina.
1772 2920 2011 2960 anzmalium
2055 2922 2139 2972 ipse
2166 2931 2325 2970 quoque
2365 2920 2436 2958 Fa-

1475 2984 1622 3022 bricius
1652 2983 1771 3021 dedit.
1801 2984 1974 3021 Graecae
2004 2982 2088 3020 Vol.
2117 2982 2222 3021 Xlll.
2253 2993 2291 3031 p.
2318 2981 2407 3020 395.

1533 3045 1734 3083 SEXTUS
1763 3045 1927 3084 RUFUS
1952 3075 1960 3092 ,
1985 3043 2076 3082 vide
2107 3042 2181 3082 sub
2211 3042 2266 3081 lit.
2299 3042 2342 3080 R.
2364 3041 2433 3080 Fo—

1481 3106 1733 3144 rolivionscm
1761 3107 1885 3156 patria
1915 3106 2062 3153 fuisse,
2108 3103 2275 3154 vestigia
2320 3106 2434 3140 vetu-

1483 3168 1626 3212 statis,
1657 3179 1758 3216 quao
1790 3167 1933 3205 ibidem
1962 3166 2137 3214 adsunt,
2163 3175 2242 3203 non
2283 3167 2432 3201 temere

1484 3229 1648 3275 testari,
1680 3229 1735 3267 ait
1761 3229 1832 3268 Ge.
1861 3229 2055 3267 Vivianus
2097 3223 2341 3265 Marchesius
2382 3221 2432 3261 de
