2533 4009
472 220 549 260 288
1008 256 1011 257 γ

528 292 630 329 Vnae
661 289 887 339 Pontificum
917 289 1179 324 [zoninum-mn
1207 286 1324 335 jussu
1355 288 1413 326 si-

471 355 525 390 xti
557 352 616 390 l's'.
646 353 814 400 scriptae
858 351 879 387 a
925 350 1038 386 Petro
1069 348 1255 398 Apostolo
1286 360 1414 398 usquc

469 414 516 451 ad
550 415 708 452 l'aulum
743 413 786 449 ll.
818 410 1025 459 editaoque
1048 410 1158 446 Rom.
1184 409 1320 446 Venet.
1347 411 1416 448 Ba-

469 478 526 514 sil.
558 476 687 513 Calon.
719 473 830 511 1479.
857 471 1026 509 Norimb.
1052 472 1164 510 1181.
1193 471 1256 509 fol.
1280 483 1325 510 ac
1349 471 1416 510 de-

470 537 555 574 inde
585 536 769 584 saepius:
800 533 848 571 de.
877 533 992 582 cujus
1022 535 1152 583 operis
1177 533 1415 572 editionibus

470 596 715 635 versionibus
744 600 782 633 et
812 596 1180 634 continuationibus
1200 626 1208 642 ,
1252 595 1415 646 diligen-

465 652 794 704 tei·,‘Hubnerus
825 669 862 706 p.
891 656 957 694 23.
987 666 1071 707 seq.
1102 656 1415 707 etTheophilus

464 722 663 759 Sincerus.
680 719 852 757 Thomas
877 720 1045 758 Crenius
1070 723 1178 769 parte
1204 721 1311 758 XIX.
1335 721 1417 759 ani-

466 783 660 822 madvers.
695 793 778 832 pag.
810 782 872 819 20.
904 792 987 831 seq.
1014 781 1254 820 Bibliotheca
1284 783 1328 820 D.
1358 784 1417 820 Jo.

465 845 623 883 Fabricii
670 843 834 882 llelmst.
879 848 971 881 tom.
1004 844 1026 881 3
1057 856 1093 894 p.
1125 842 1213 882 421.
1244 854 1327 893 seq.
1358 845 1414 882 De

465 906 713 944 versionibus
741 905 928 951 Gallicis,
960 905 1130 953 Italicis,
1169 905 1418 944 Germanicis

466 971 682 1008 Niceronus
712 981 747 1019 p.
778 967 870 1006 228.
900 979 982 1017 seq.

479 1045 488 1054 ·
520 1030 606 1069 ³274
636 1032 803 1069 Primam
826 1029 1039 1067 editionem
1067 1031 1189 1079 (quae
1213 1040 1331 1080 prope
1357 1041 1419 1068 mc

463 1095 538 1141 est)
566 1092 674 1130 dedit
700 1092 756 1130 Jo.
782 1091 830 1129 de
852 1091 1010 1130 Colonia
1035 1091 1266 1140 (Venetiis)
1300 1091 1414 1130 1179.

465 1155 526 1193 fol.
568 1155 645 1193 a-ff.
674 1154 736 1192 ch.
762 1154 852 1192 ⁶240.
886 1153 996 1191 brevi
1037 1155 1252 1204 praemissa
1275 1155 1420 1204 episto-

470 1218 531 1262 la,
562 1229 681 1267 quam
713 1217 843 1266 legere
872 1216 935 1254 liic
964 1226 1042 1254 non
1074 1215 1233 1266 pigebit.

492 1281 756 1331 Hieronymus
781 1277 1068 1330 Squarzaficus
1092 1276 1393 1317 Alexandrinus

556 1341 776 1381 doctissimo
807 1340 893 1380 viro
930 1339 1109 1378 Plotinae
1138 1340 1175 1378 S.
1211 1341 1252 1378 l'.
1282 1339 1320 1378 d.

521 1419 537 1440 «
573 1406 733 1455 Legens
758 1403 962 1453 juniorum
980 1403 1124 1452 scripta
1142 1406 1274 1440 mente
1303 1413 1420 1452 saepe

467 1477 622 1505 mecum
654 1465 788 1503 voluto
815 1463 918 1514 quod
951 1466 1052 1501 inter
1083 1464 1235 1512 ingenia
1264 1469 1420 1502 nostrae

470 1529 718 1579 tempestatis
741 1528 908 1566 intersit.
933 1526 1121 1565 Offerunt
1140 1537 1182 1563 se
1205 1525 1299 1563 mihi
1332 1526 1421 1565 hinc

465 1593 531 1642 qui
565 1595 724 1628 veteres
768 1593 903 1640 poetas
929 1619 937 1636 ,
971 1594 1147 1626 oratores
1170 1592 1238 1626 aut
1267 1588 1423 1626 histori-

462 1666 530 1692 cos
561 1655 886 1702 interpretantur.
916 1651 960 1698 Ii,
976 1651 1049 1688 etsi
1070 1661 1151 1687 rem
1174 1650 1316 1688 laboris
1341 1662 1422 1688 mu-

461 1719 520 1767 gis
547 1726 665 1766 quam
698 1714 839 1764 ingenii
857 1712 1150 1764 aggrediantur,
1168 1716 1301 1750 tamen
1328 1713 1420 1762 quia

462 1790 533 1818 suo
563 1778 693 1816 labore
723 1777 889 1827 gignunt
918 1775 1091 1812 fructum
1123 1774 1256 1824 pueris
1295 1778 1416 1824 atque

463 1841 628 1878 noviciis
652 1836 946 1888 interpretando
969 1837 1249 1886 grammaticae
1275 1846 1417 1874 secun-

461 1902 555 1941 dum
584 1902 769 1940 corticem
814 1899 917 1950 quod
951 1902 1142 1949 possunt,
1174 1901 1270 1936 sunt
1300 1898 1416 1935 nimi—

462 1977 549 2004 rum
567 1962 765 2003 laudandi.
783 1963 877 2000 Hinc
897 1965 1047 1999 excunt
1078 1960 1171 1998 rnihi
1195 1962 1261 2009 qui
1287 1965 1416 1998 exter-

462 2028 654 2076 nalingua
673 2026 817 2075 scripta
834 2024 953 2062 latina
973 2023 1128 2060 faciant.
1148 2023 1199 2060 lis
1217 2034 1322 2069 vero,
1341 2023 1414 2059 etsi

463 2091 534 2128 hoc
555 2100 629 2127 non
649 2088 818 2126 multum
845 2086 988 2137 ingenii
1013 2089 1083 2134 (ex
1111 2095 1154 2122 sc
1179 2084 1273 2122 nihil
1307 2086 1416 2122 inve-

463 2150 613 2190 niendo'
629 2149 856 2188 ostendunt:
871 2153 1001 2186 tamen
1018 2148 1115 2185 satis
1129 2149 1340 2197 gratiarum
1354 2147 1420 2185 de-

463 2216 615 2253 bemus.
635 2212 843 2251 Dcclarant
871 2212 976 2248 enim
998 2209 1154 2259 linguae
1173 2214 1329 2247 nostrae
1361 2220 1419 2246 in-

463 2277 627 2327 cognita.
646 2272 720 2312 Sed
739 2273 790 2310 illi
816 2272 909 2310 milii
933 2276 1027 2310 sunt
1047 2272 1299 2320 niaximi‚qui
1314 2271 1362 2309 ab
1380 2282 1422 2309 sc

465 2341 623 2375 inventa
637 2341 703 2374 aut
721 2335 909 2385 disposita
924 2333 1112 2372 scribunt.
1126 2334 1152 2371 li
1172 2333 1330 2383 quidem
1345 2344 1420 2371 non

465 2399 694 2438 fraudantur
713 2398 839 2436 ferace
861 2398 1016 2447 ingenio
1041 2407 1123 2435 suo.
1151 2397 1199 2434 Et
1217 2397 1310 2446 quia
1335 2407 1423 2446 pos—

465 2466 696 2512 sunuposse,
717 2459 914 2497 videntur.
945 2459 1002 2497 Ex
1024 2459 1096 2496 hoc
1122 2469 1286 2496 numero
1303 2462 1347 2496 tu
1369 2459 1421 2496 Tc

465 2535 580 2573 saepe
610 2522 702 2560 mihi
739 2522 871 2561 offers.
900 2522 1041 2560 Paucis
1084 2525 1176 2558 ante
1206 2521 1321 2558 annis
1358 2520 1422 2558 illo

464 2586 684 2625 clarissimo
709 2585 899 2623 honestae
923 2583 1137 2632 voluptatis
1169 2582 1264 2620 libro
1293 2581 1341 2620 dc
1363 2593 1424 2620 rc—

466 2662 550 2687 rum
585 2654 741 2696 natura,
772 2659 849 2697 quo
880 2646 972 2683 nihil
1004 2647 1159 2683 acutius
1190 2644 1262 2682 dici
1282 2643 1438 2694 potest.⁴

468 2713 575 2749 Nunc
607 2721 699 2748 vero
740 2720 879 2759 magna
902 2708 1085 2755 historia,
1105 2718 1205 2756 quae
1236 2708 1307 2744 nisi
1339 2717 1429 2744 con-

468 2773 769 2812 summatissimi
791 2775 898 2807 esset
925 2770 1009 2816 viri,
1025 2770 1092 2818 qui
1121 2770 1242 2818 possit
1262 2769 1428 2806 circum-

466 2847 663 2887 quamque
706 2834 954 2885 perspicere,
995 2833 1062 2880 qui
1113 2830 1426 2880 Chorographiac

468 2898 657 2944 gentium,
688 2895 942 2934 consiliorum
977 2894 1168 2930 rationem
1200 2903 1342 2939 nosse,
1373 2896 1424 2939 et,

469 2945 569 3007 ‹iuod
601 2957 768 2997 arduum
800 2961 888 3001 est,
919 2955 1063 3004 scripta
1096 2954 1210 2991 factis
1239 2964 1421 3002 aequare.

470 3025 595 3065 Quare
638 3032 731 3069 age,
776 3029 915 3068 magne
953 3017 1036 3062 vir,
1068 3017 1155 3054 cius
1206 3015 1310 3064 quod
1355 3014 1423 3053 tibi

473 3083 612 3119 Natura
674 3083 810 3132 largita
867 3084 929 3117 est
973 3079 1030 3117 fac
1075 3089 1146 3116 nos
1190 3078 1422 3127 participcs;

472 3143 571 3191 quod
590 3143 727 3192 cupide
757 3143 945 3180 joannem
972 3141 1019 3177 de
1044 3140 1324 3190 Agrippinensi
1351 3140 1423 3178 (jo-

476 3204 572 3239 lunia
603 3210 641 3240 et
671 3206 818 3242 socium
851 3215 966 3242 suum
999 3202 1191 3240 Joannem
1236 3201 1419 3239 Manthen

532 3359 546 3376 ‘l
592 3350 779 3386 'ilenagiana
805 3354 871 3379 {orn
907 3350 935 3380 3.
960 3357 1032 3388 pag.
1059 3350 1111 3382 ⁰51.

1291 216 1368 254 1³1,
1391 217 1423 254 A
1446 216 1476 254 T
1500 216 1565 254 {N
1589 217 1620 254 A

1487 286 1725 325 thretzcm
1744 319 1754 335 ,
1784 291 1953 340 optimos
1996 291 2155 342 quidem
2189 293 2322 343 viros,
2351 305 2439 332 con-

1489 349 1668 388 sule-mur
1687 354 1730 388 ut
1751 352 1895 401 scripta
1919 358 1986 392 tua
2024 355 2321 394 accuratissime.
2339 366 2443 395 sem-

1489 422 1558 460 per
1589 411 1828 460 imprimant.
1861 414 1990 453 Foelix
2019 416 2118 454 vale.
2152 416 2336 456 venetiis.
2366 419 2411 467 ›>)

1549 471 1729 511 Historia
1759 472 1928 525 inclytae
1956 475 2071 516 urbis
2101 478 2292 518 Mantuae
2319 489 2443 531 usque

1490 532 1545 572 ad
1566 533 1616 573 A.
1641 533 1756 573 lliffl».
1781 538 1817 573 et
1839 536 2114 577 serenissimae
2134 538 2314 592 familiae
2344 540 2445 580 Gon-

1490 608 1644 647 zayae,
1676 597 1784 635 libris
1829 597 1886 636 Vl.
1933 599 2107 639 Viennae
2138 601 2320 642 Austriao
2349 614 2442 644 cum

1492 662 1594 698 notis
1625 661 1728 699 Petri
1760 661 1987 711 Lambecii,
2017 662 2087 701 sed
2133 671 2288 714 praeter
2331 676 2443 716 spem

1491 722 1724 772 interruptis
1751 722 1851 761 1675
1885 723 1918 760 [ι.
1944 727 1984 761 et
2009 724 2045 761 in
2071 723 2257 764 thesauro
2280 728 2446 778 scripto-

1492 796 1576 822 rum
1610 784 1743 822 ltaliae
1775 786 2097 834 Burmanniano,
2125 789 2219 824 tom.
2243 788 2292 827 IV
2320 788 2439 839 Lugd.

1492 847 1627 884 Batav.
1661 845 1776 884 4722.
1808 846 1869 885 fol.

1549 905 1703 958 Di'aloyz'
1731 907 1803 944 III.
1833 907 1878 947 de
1904 907 2006 960 falso
2037 911 2074 947 et
2098 919 2192 948 vero
2223 907 2318 948 bono
2342 939 2352 959 ,
2393 912 2441 950 ad

1494 969 1649 1007 Sixtum
1682 970 1744 1008 IV.
1787 971 2041 1009 Pontificem:
2085 970 2265 1022 dialogus
2305 976 2445 1012 contra

1491 1042 1668 1077 amores,
1697 1032 1744 1070 ad
1778 1032 2020 1072 Ludovicum
2053 1033 2243 1083 Stellam,
2271 1035 2451 1074 Mantua-

1493 1105 1612 1131 num:
1643 1092 1689 1132 de
1717 1105 1816 1132 vera
1844 1092 2044 1134 nobilitate
2074 1095 2121 1135 ad
2153 1096 2446 1146 amplissimum

1491 1155 1681 1193 joannem
1714 1156 1929 1204 Ursinum,
1959 1157 2314 1208 Archiepiscopuui
2355 1160 2450 1198 Tra-

1495 1230 1682 1258 nensem:
1713 1219 1828 1258 etde
1872 1220 2011 1272 optimo
2051 1220 2173 1268 Cive,
2215 1220 2355 1273 dialogi
2400 1223 2445 1261 ΙΙ.

1493 1292 1583 1320 cum
1613 1283 1820 1321 Laurentio
1850 1282 1997 1321 Medice
2025 1287 2065 1322 et
2094 1283 2248 1323 Cosmo.
2270 1284 2445 1334 Panegy-

1494 1345 1599 1382 ricus
1646 1345 1683 1382 in
1728 1344 1886 1383 laudem
1929 1344 2174 1384 Bessarioris
2210 1344 2443 1385 Cardinalis.

1494 1408 1626 1445 Oratio
1655 1406 1701 1445 de
1724 1418 1825 1459 pace
1854 1405 1993 1445 Italiae
2008 1406 2278 1459 confirmanda
2294 1409 2332 1446 et
2350 1405 2447 1446 bello

1500 1468 1638 1507 Turcis
1669 1468 1885 1521 inserendo,

1547 1531 1601 1568 De
1625 1531 1794 1582 opsoniis
1823 1543 1870 1570 ac
1898 1530 1944 1570 (le
1974 1531 2135 1570 honesta
2163 1531 2369 1584 voluptate
2412 1535 2450 1570 et

1494 1592 1717 1631 valetudine
1743 1594 1805 1642 (al.
1831 1593 1878 1632 de
1906 1593 2061 1632 ratione
2088 1594 2216 1634 victus
2261 1597 2298 1633 ec
2338 1591 2450 1632 modo

1496 1654 1672 1701 vivendi,
1703 1657 1788 1694 sive
1819 1661 1861 1695 ut
1893 1657 1928 1694 in
1957 1656 2183 1706 Gryphiana
2208 1655 2452 1695 editionein-

1497 1718 1750 1756 scribuntur:
1783 1717 1828 1755 de
1858 1717 2004 1756 tuenda
2029 1717 2278 1765 valetudine,
2299 1722 2452 1757 natura

1495 1791 1633 1817 rerum
1662 1783 1700 1818 et
1721 1781 1888 1831 popinae
1915 1779 2090 1829 scientia,
2102 1781 2118 1829 )
2148 1780 2232 1818 libri
2262 1781 2311 1819 X.
2358 1780 2454 1818 scri-

1497 1843 1552 1892 pti
1582 1847 1674 1879 ante
1708 1843 1808 1880 vitas
1840 1842 2074 1881 Pontificum
2091 1872 2100 1886 ,
2122 1841 2226 1881 unde
2243 1843 2265 1880 a
2286 1843 2453 1880 Bernar-

1497 1904 1545 1942 do
1588 1906 1741 1943 Moneta
1777 1905 1810 1953 a)
1842 1904 2146 1955 reprehenditur
2176 1904 2452 1952 Sanuazartus,

1491 1967 1608 2005 cuius
1637 1966 1709 2005 hoc
1741 1967 1866 2005 fertur
1894 1966 2155 2006 tetrastichon
2175 1966 2223 2006 ad
2248 1967 2452 2006 Plotinam.

1505 2054 1679 2091 ingenium
1705 2056 1737 2083 et
1759 2060 1865 2084 mores
1889 2054 2040 2092 vitasque
2058 2051 2236 2092 obitusque
2253 2056 2387 2084 notasse

1526 2103 1724 2134 Pontificum
1744 2127 1753 2139 ,
1777 2105 1916 2141 argutae
1939 2102 1987 2133 lex
2012 2101 2075 2133 suit
2097 2101 2271 2134 historiae.

1507 2154 1554 2182 Tu
1577 2156 1686 2184 tamen
1712 2152 1789 2183 hinc
1811 2152 1920 2183 lautae
1942 2155 2066 2184 tractas
2089 2150 2260 2192 pulmenta
2284 2151 2430 2189 culinae,

1531 2203 1598 2233 noc
1613 2224 1622 2239 ‚
1647 2201 1776 2232 platina
1792 2225 1801 2239 ,
1824 2206 1873 2233 est
1897 2203 1984 2242 ipsos
2010 2208 2145 2241 pascere
2161 2200 2354 2232 Pontifices.

1498 2271 1579 2308 Non
1610 2274 1742 2308 tan-,en
1774 2269 1866 2307 editi
1902 2269 2087 2308 videntur
2116 2270 2190 2307 nisi
2220 2272 2310 2319 post
2355 2269 2454 2307 Pon-

1498 2332 1648 2370 tificum
1683 2332 1790 2369 Vitas
1813 2363 1824 2380 ,
1854 2332 2039 2381 quoniam
2060 2330 2451 2381 antiquissimamil—

1498 2393 1623 2432 lorum
1655 2393 1866 2431 editionem
1900 2395 2061 2432 memini
2103 2391 2254 2432 laudari
2297 2390 2455 2442 Foroju-

1496 2456 1661 2494 liensem
1682 2455 1796 2495 lli80.
1815 2457 1836 2494 1
1869 2457 1958 2503 (275
1974 2456 2099 2495 Immo
2115 2458 2230 2495 antea
2249 2466 2288 2493 v.
2303 2453 2454 2505 Supra.)

1497 2520 1551 2557 De
1574 2519 1719 2557 Gallica
1742 2520 1922 2557 versione
1948 2518 2037 2557 vide
2053 2518 2287 2557 Niceronum
2304 2528 2342 2568 p.
2357 2517 2449 2556 222.

1564 2580 1655 2621 Vide
1682 2581 1797 2620 Nerii
1838 2580 2031 2633 Cappom‘i
2057 2581 2095 2618 in
2121 2584 2227 2618 tomo
2254 2580 2346 2619 XX.
2365 2579 2454 2618 the-

1502 2645 1606 2683 sauri
1638 2645 1875 2695 scriptorum
1907 2644 2040 2683 ltaliae
2060 2642 2323 2682 Muratoriani.
2355 2642 2455 2682 Con-

1503 2707 1560 2744 fer
1589 2706 1686 2745 Acta
1718 2706 1838 2746 Erud.
1870 2706 1916 2745 A.
1948 2706 2064 2745 1733.
2093 2716 2130 2756 p.
2160 2704 2251 2744 396.

1555 2768 1610 2806 De
1653 2766 1748 2807 bono
1785 2767 1990 2820 principe,
2021 2767 2107 2806 libri
2140 2767 2203 2806 111.
2249 2766 2299 2806 ab
2339 2765 2453 2805 Alex.

1501 2830 1658 2877 Saulio,
1691 2831 1854 2869 Patricio
1896 2830 2098 2869 Genuensi
2143 2827 2264 2877 editi,
2292 2827 2454 2867 Genuae

1501 2891 1615 2930 1637.
1637 2891 1698 2929 12.
1722 2896 1810 2941 post
1834 2891 2045 2930 editionem
2076 2890 2252 2930 Francof.
2276 2889 2390 2930 1608.
2416 2890 2452 2928 8.

1553 2953 1606 2990 De
1630 2952 1804 3003 flosculis
1834 2952 2074 3004 quibasdam
2103 2951 2259 3004 linquae
2289 2951 2451 2991 Latinae

1498 3015 1544 3053 ad
1575 3015 1762 3054 Laelium.
1787 3016 1974 3062 Dialogus
1993 3015 2040 3053 ad
2065 3014 2307 3054 Ludovicum
2334 3013 2452 3052 Anel·

1499 3077 1577 3115 lum
1622 3076 1668 3115 (le
1711 3089 1858 3116 amore.
1903 3078 2040 3116 Venet.
2089 3077 2203 3116 1180.
2247 3075 2449 3115 Mediolan.

1500 3141 1609 3178 1181.
1643 3140 1705 3179 12.

1553 3201 1822 3240 Inventarium
1867 3199 2127 3240 Bibliothecae
2169 3200 2278 3240 Sioetz
2315 3198 2376 3236 IV.
2408 3198 2443 3235 in
