2517 4009
928 231 1063 271 TllU
1102 228 1267 270 RlUS

95 307 429 361 Megalopolitanis
450 307 656 359 halcyonia
680 308 882 347 invenisse
902 307 966 358 (al.
988 308 1061 345 Ro-

96 373 292 412 slochium
324 373 429 410 enim
461 371 556 410 abiit
595 383 699 410 anno
747 373 902 411 antl.
931 383 951 410 a
983 371 1063 409 Du-

97 436 211 474 cibus
259 435 642 485 Megalopolitanis,
686 437 852 475 llenrico
898 434 1063 474 Pacifico

99 503 140 537 et
165 497 327 537 Alberto
348 497 535 546 Pulchro,
553 503 770 547 evocatus,
788 511 864 537 non
903 497 1064 549 quidem

33 600 35 602 ,
98 562 154 600 ait
192 559 541 609 Backmeisterus,
573 567 615 600 ut
645 563 717 601 Jus
762 562 899 608 Civile,
944 571 1063 611 quam

100 624 346 663 Canonieum
375 623 518 662 ibidem
546 625 581 662 in
610 624 805 662 Cathedra
828 622 1063 663 Academica

96 685 278 735 doceret,
308 685 377 724 sed
410 691 454 725 ut
484 688 695 725 Historiam
743 687 874 738 potius
905 687 1065 724 univer-

97 749 223 788 salem
263 748 466 788 studiosae
500 749 703 801 juventuti
741 748 919 788 traderet
962 759 1063 799 quae

92 808 166 863 per
186 823 314 851 annos
329 813 419 851 XX
441 818 531 864 post
548 814 697 852 obitum
718 813 867 852 Alberti
886 811 1063 851 Krantzii

95 875 134 913 in
185 873 396 914 Academia
445 876 604 915 laudata
647 876 824 916 siluerat.
855 877 1065 914 Praeterea

94 937 272 981 Ducibus
316 938 488 978 laudatis
525 941 598 979 fuit
627 951 648 979 a
680 940 864 979 Consiliis
882 939 948 989 (b).
964 937 1066 977 Can-

96 1000 243 1039 cellarii
275 1013 434 1053 quoque
464 1003 698 1054 dignitatem
731 1002 916 1042 laudatus
946 1001 1067 1041 Back-

96 1065 312 1105 meisterus
339 1066 414 1117 ipsi
439 1066 653 1113 tribuit,de
678 1079 755 1117 qua
781 1066 962 1105 dubitare
985 1067 1068 1105 nol-

95 1127 202 1178 lem3
233 1140 358 1180 quum
391 1140 488 1168 vero
517 1130 774 1181 Epitaphium
807 1130 947 1179 sileat,
979 1129 1067 1169 nul-

95 1191 260 1243 lumque
308 1191 417 1231 aliud
461 1191 565 1231 adsit
613 1194 917 1241 testimonium,
968 1194 1062 1242 imo,

94 1266 220 1305 quum
265 1266 314 1294 ex
357 1254 524 1294 inferius
553 1255 734 1294 dicendis
775 1261 962 1305 constet,
994 1257 1048 1296 Ca

95 1326 260 1369 sparum
289 1316 598 1356 Schoneichiurn
631 1323 728 1357 tunc
752 1319 985 1358 Cancellarii
1007 1318 1066 1357 di-

98 1381 250 1432 gnitate
280 1379 464 1419 funetum
487 1380 625 1430 fuisse,
649 1382 712 1420 cui
734 1381 945 1432 Epitomen
971 1381 1067 1420 Ger-

95 1443 292 1482 manicam
316 1444 512 1482 Historiae
531 1443 882 1495 Megalopolitanae
909 1444 1066 1483 dedica-

103 1506 162 1543 vit
190 1505 297 1545 illam
331 1507 470 1544 merito
510 1507 547 1545 in
579 1505 744 1546 dubium
777 1518 983 1546 vocamus.
1021 1508 1065 1545 In

94 1568 309 1607 Miscellan.
328 1568 683 1608 Rostochiensibus
703 1566 748 1620 (c)
775 1574 908 1608 exstat
934 1571 1064 1620 ipsum

100 1638 136 1666 a.
164 1630 286 1668 MDX.
316 1629 481 1668 Rectore
511 1630 558 1668 M.
589 1630 758 1668 Henrico
789 1629 1068 1668 Crusemanno

100 1690 139 1729 in
155 1691 289 1731 album
309 1691 597 1730 Rostochiense
621 1692 791 1731 relatum
811 1693 947 1739 fuisse,
965 1691 1068 1742 quod

103 1755 223 1794 etiam
245 1754 347 1794 dixit
363 1753 687 1794 Backmeisterus
706 1785 714 1805 ,
733 1754 802 1794 sed
823 1766 871 1794 ex
889 1755 1072 1801 Querelis

103 1816 364 1857 Huttenianis
393 1821 570 1866 constat,
602 1818 733 1868 ipsum
766 1818 838 1856 hoc
868 1829 972 1856 anno
1002 1818 1074 1856 Ro-

105 1880 246 1920 stochii
283 1879 365 1931 jam
397 1879 589 1928 domum,
620 1892 786 1920 uxorem
836 1885 876 1920 et
925 1892 1073 1920 munus

102 1943 306 1983 habuisse.
336 1943 475 1982 Nescio
505 1944 636 1994 igitur,
663 1944 729 1994 qui
758 1944 906 1982 factum
937 1944 1000 1992 sit,
1033 1948 1076 1982 ut

106 2010 192 2046 tum
222 2005 386 2045 demum
410 2006 513 2057 apud
537 2006 793 2045 Academiam
821 2017 964 2045 nomen
989 2018 1077 2057 pro-

102 2069 235 2109 fessus
251 2069 383 2108 fuerit.
398 2069 667 2108 Miscellaneis
688 2069 860 2108 laudatis
878 2070 1074 2107 insertum

106 2137 169 2171 est
211 2131 411 2182 Scriptum
449 2132 653 2183 publicum
697 2132 800 2183 quod
848 2132 1078 2171 inscribitur

107 2195 332 2234 Lectionum
372 2206 448 2247 pro
499 2195 763 2234 Une'versz'tale
809 2194 1081 2234 Roscoclu‘enst

107 2270 128 2297 a
173 2257 275 2297 1520
320 2258 503 2307 editum,
535 2259 599 2297 ubi
647 2260 751 2296 inter
793 2257 995 2297 Lectiones
1038 2267 1077 2295 et

108 2319 416 2359 eoeercitationes
456 2321 492 2358 in
526 2325 696 2372 utroque
728 2323 822 2360 lure
855 2321 1076 2359 extraordi-

111 2385 245 2422 narias
270 2383 318 2422 de
340 2387 475 2421 nostro
506 2383 603 2421 haec
635 2384 850 2422 habentur:
885 2385 929 2422 D.
960 2383 1077 2422 Nico-

111 2444 200 2484 laus
228 2443 500 2485 Marescalcus
528 2445 558 2483 T
559 2444 704 2484 Iturius
725 2446 936 2497 utriusque
965 2445 1078 2484 λιιι-ῖς

108 2508 253 2548 Doccor
278 2507 377 2560 leqet
388 2509 500 2547 Hora
522 2502 766 2546 duodecima
788 2509 1078 2547 convenientem

109 2570 150 2611 in
181 2572 282 2625 jure
333 2569 444 2610 civili
490 2570 702 2610 materiam
757 2571 889 2623 juxta
940 2570 1077 2610 volun-

166 2701 215 2742 (a)
238 2704 404 2734 liuttenus
437 2700 497 2734 lib.
525 2699 557 2733 1.
574 2699 795 2739 Querelarum
831 2710 860 2741 p.
890 2699 930 2731 40
967 2701 1015 2731 ita
1038 2698 1077 2730 de

113 2751 321 2784 marschalco
339 2763 347 2783 ε

118 2802 227 2842 thue
249 2802 358 2833 malis
380 2801 469 2832 olim
491 2799 577 2832 tulit
598 2800 675 2840 ipse
700 2800 890 2831 simillima
916 2799 1078 2837 nostris,

148 2852 238 2884 Dum
260 2852 363 2893 leyet,
385 2853 423 2883 iu
451 2855 619 2892 promptu
640 2860 750 2881 causa
775 2851 912 2882 doloris
938 2850 1017 2882 eric.

115 2902 215 2934 Utere
237 2907 333 2934 sorte
355 2907 432 2943 tua,
451 2902 507 2934 cui
531 2912 626 2934 nunc
648 2901 794 2941 forlnnrz
821 2902 977 2932 secunda
1003 2904 1069 2931 est:

149 2951 258 2992 Quem
279 2953 373 2984 levat
399 2961 444 2984 ea:
467 2953 574 2994 lonqo
597 2953 706 2993 paria
733 2952 854 2983 labore
878 2952 991 2991 quies.

115 3002 222 3041 thue
245 3002 311 3034 tibi
333 3004 458 3034 domas
483 3008 547 3042 est,
566 3008 603 3034 uf
627 3002 751 3033 blei-mli
775 3003 932 3033 muneris
958 3010 1049 3032 21-1501'
1068 3023 1076 3035 ‚

151 3052 194 3082 Ut
214 3060 321 3092 qrave
347 3052 409 3084 sub
432 3057 533 3084 tanto
560 3054 729 3093 Principe
755 3063 776 3084 ιι
804 3062 881 3083 men
907 3051 1014 3082 habes
1032 3074 1041 3090 ‚

112 3101 275 3141 Diynum
296 3102 372 3133 illis
397 3103 558 3134 animum
582 3112 663 3143 flere
688 3107 754 3134 ete.

170 3151 221 3192 (b)
237 3153 447 3192 Germanice,
467 3160 527 3192 pro
546 3155 686 3183 istorum
706 3156 893 3192 temporum
908 3152 1072 3190 simpliei-

116 3205 184 3233 tate
199 3225 210 3240 ,
233 3210 268 3234 se
292 3206 424 3234 tantum
449 3202 567 3234 scribit
590 3202 646 3233 Sr.
671 3201 896 3232 Fur-stliclnen,
922 3200 1071 3231 Enmlen

116 3252 206 3293 Hose
225 3252 368 3284 Dtever:
394 3254 427 3283 in
455 3252 661 3292 praelatione
691 3251 847 3282 Chronic'i
877 3250 1071 3288 rhythmici.

117 3303 202 3336 Vide
224 3303 308 3335 Bibl.
333 3304 456 3334 Histor.
485 3302 601 3334 llamb.
627 3305 709 3333 torn.
738 3303 776 3331 ll.
806 3309 838 3340 p.
862 3301 934 3332 276.

126 3367 129 3369 ·
170 3354 220 3395 (c)
246 3354 371 3388 Ecwas
388 3361 458 3386 von
478 3352 755 3387 Rostockisclzen
780 3352 915 3385 Saclien
947 3360 965 3382 a
995 3350 1074 3383 1750

117 3413 151 3446 p.
175 3404 250 3439 785.

1138 308 1255 344 tatem
1273 304 1552 345 studiosorum.
1576 305 1629 344 Et
1641 306 1734 346 aliis
1753 306 1994 360 temporibus
2023 320 2100 347 non

1137 370 1338 422 occupatis
1367 369 1581 409 elucidabit
1609 371 1837 422 Hystorz‘um
1861 371 2102 423 aquatilium

1142 431 1260 471 latine
1290 438 1329 472 et
1352 445 1507 485 praece.
1541 435 1672 481 Quum
1717 435 1938 487 Scriptores
1974 437 2102 476 Meck-

1140 496 1356 547 lenburgici
1404 509 1526 548 pauca
1573 498 1684 537 nobis
1725 499 1774 536 de
1818 500 1908 546 illo,
1944 506 2102 550 praeter

1141 558 1294 596 labores
1324 559 1565 605 litterar-ios,
1590 560 1638 599 de
1668 562 1814 611 quibus
1845 563 1974 612 paullo
2012 567 2102 614 post

1141 627 1364 660 memoratu
1403 622 1519 673 digna
1565 625 1824 674 reliquerint:
1856 625 1929 665 hoc
1973 637 2100 666 unum

1139 684 1369 734 Spalatinus
1399 684 1465 733 (d),
1496 685 1716 736 discipulus
1740 689 1890 739 ipsius,
1936 691 2099 742 retulit,

1138 747 1243 798 quod
1275 759 1307 786 a.
1335 746 1541 787 MDXXHI
1568 761 1644 788 una
1676 761 1766 788 cum
1793 751 1879 790 aliis
1902 753 2055 803 Legatis
2080 765 2103 793 a

1138 811 1246 849 Duce
1257 811 1582 861 Megalopolitano
1599 811 1645 850 ad
1666 812 1887 852 Electorem
1908 815 2104 856 Saxoniae

1139 875 1290 913 missus
1323 874 1453 913 fuerit.
1480 875 1580 921 Quid
1607 887 1700 914 vero
1726 876 1870 916 ibidem
1893 880 2105 930 peregerit,

1141 949 1217 976 non
1249 937 1418 976 additur.
1465 939 1604 977 Plures
1650 939 1868 989 legationes
1909 948 2106 983 memorat

1134 1001 1470 1052 Backmeisterus,
1502 1002 1572 1041 sed
1604 1003 1754 1043 nullius
1784 1009 1895 1056 gesta
1927 1007 2105 1058 singula-

1141 1065 1211 1103 tim
1244 1065 1378 1104 refert.

1400 1196 1560 1249 Scrz'pta
1590 1197 1846 1238 ..llarsclzalczl

1195 1261 1311 1300 Plura
1342 1260 1390 1299 de
1421 1263 1580 1312 seriptis
1611 1262 1717 1301 illius
1761 1263 1936 1313 proferre
1966 1274 2107 1314 possu-

1142 1336 1247 1372 mus,
1278 1336 1380 1375 quae
1406 1326 1591 1375 quamvis
1622 1326 1788 1365 aliorum
1821 1328 1979 1378 scriptis
2008 1327 2107 1366 satis

1141 1389 1368 1437 celebrata,
1398 1401 1419 1428 a
1450 1390 1706 1440 paucissimis
1737 1394 1871 1428 tamen
1898 1390 1946 1429 ob
1970 1392 2109 1430 rarita-

1142 1456 1222 1490 tem
1255 1462 1455 1490 summam
1487 1453 1573 1491 visa
1604 1457 1725 1491 sunt:
1754 1452 1871 1503 idque
1895 1454 2039 1504 partim
2061 1453 2110 1492 ob

1141 1515 1436 1565 antiquitatem,
1460 1515 1602 1565 partim
1628 1526 1723 1553 vero
1741 1516 1833 1566 quia
1853 1515 2110 1554 Rostochien-

1143 1579 1200 1617 sia
1235 1589 1306 1617 suo
1351 1582 1489 1616 sumtu
1537 1578 1709 1629 imprimi
1756 1579 1925 1617 curavit.
1965 1578 2115 1617 Habuit

1144 1642 1250 1679 enim
1303 1642 1339 1678 in
1389 1640 1555 1680 aedibus
1598 1641 1767 1691 propriis
1811 1640 2108 1692 typographum

1145 1703 1440 1752 Erfurtensem,
1457 1702 1723 1742 Guntherum
1742 1703 2115 1754 Winterum,quem

1148 1767 1231 1817 ipse
1256 1766 1380 1814 aluit,
1411 1771 1448 1805 et
1482 1767 1555 1806 hoc
1588 1766 1703 1805 modo
1733 1767 1987 1806 commodum
2014 1767 2120 1806 litte-

1147 1839 1280 1868 rarum
1325 1840 1471 1880 augere
1516 1830 1640 1868 voluit
1682 1828 1743 1880 (e).
1789 1830 1900 1876 Quae
1931 1831 2117 1880 igiturex

1151 1893 1296 1943 ingenii
1347 1893 1471 1943 ipsius
1511 1894 1784 1931 monumentis
1823 1892 1918 1931 mihi
1955 1894 2112 1944 cognita

1152 1959 1272 2001 sunt7
1303 1967 1346 1994 ea
1380 1957 1562 2005 sequenti
1595 1955 1732 1993 ordine
1763 1955 2033 1994 enumerabo:

1207 2020 1242 2057 ’1.
1266 2017 1461 2058 Carmina
1485 2017 1531 2057 (le
1555 2018 1649 2058 (lz'vct
1668 2018 1783 2056 ,luna
1810 2022 1845 2057 el
1871 2018 1917 2057 cle
1940 2017 2117 2058 moribus

1150 2080 1629 2131 llreliz'ssrctimmede-orma.
1689 2093 1801 2120 cum·
1835 2082 2118 2120 commestam-io

1154 2145 1317 2196 (ἔθων-φῖ
1337 2145 1545 2183 Βιινσανιίί
1565 2143 1744 2195 Spelline',
1770 2145 1807 2183 h.
1835 2157 1868 2183 e.
1896 2146 2085 2196 Spalatini
2107 2159 2115 2184 :

1151 2213 1314 2247 exstant
1345 2209 1381 2245 in
1414 2209 1654 2247 Collectione.
1696 2210 1927 2247 Po'e'matum
1962 2209 2118 2247 Hesiodi

1155 2273 1360 2319 Laetantii,
1394 2272 1538 2315 Ovidii,
1571 2271 1735 2310 Ausonii
1768 2276 1807 2308 et
1837 2272 2017 2319 aliorum,
2047 2271 2120 2309 Er-

1153 2336 1341 2389 phordiae
1357 2347 1391 2373 a.
1407 2336 1508 2373 MDl.
1524 2333 1547 2372 ’ψ
1569 2335 1778 2384 impressa,
1796 2332 1912 2383 cujus
1928 2337 2118 2372 contenta

1148 2399 1230 2450 jam
1266 2400 1357 2438 olim
1397 2398 1476 2436 Cel.
1503 2397 1678 2436 Fabricio
1703 2408 1724 2435 a
1757 2408 1819 2434 me
1856 2396 2116 2445 transmissa,

1152 2464 1308 2503 abhoc
1349 2466 1484 2501 autem
1529 2461 1703 2511 primum
1748 2459 1786 2496 in
1829 2458 2118 2509 Suppleinento

1152 2525 1419 2565 Bibliothecae
1451 2524 1640 2570 Latinae,
1672 2525 1809 2573 postea
1841 2532 1930 2559 xero
1965 2521 2003 2558 in
2034 2520 2118 2570 eju-

1153 2589 1266 2628 sdem
1284 2593 1391 2626 tomo
1408 2588 1474 2626 ΙΙΙ.
1491 2586 1615 2625 relata
1637 2589 1745 2624 sunt,
1761 2585 1850 2635 Ipse
1868 2583 1967 2622 liber
1983 2587 2118 2622 exstat

1152 2653 1191 2690 in
1210 2650 1450 2690 Bibliotheca
1474 2649 1649 2688 Paullina
1672 2648 1880 2698 Lipsiensi.

1203 2713 1242 2752 ⁶2..
1271 2711 1444 2752 Libellus
1468 2710 1514 2750 (le
1538 2708 1844 2760 Ortlzogyrctpln'a.
1868 2706 2114 2759 Erphordiae

1150 2789 1221 2828 per
1246 2777 1388 2823 Wolfg.
1413 2773 1606 2819 sellom-k,
1636 2773 1728 2812 1501
1749 2803 1758 2819 ‚
1784 2772 1822 2811 74.

1204 2841 1240 2879 3.
1268 2837 1525 2877 Enehirirlion
1554 2838 1785 2883 Puellarum,
1812 2835 1897 2873 libri
1924 2833 2014 2873 duo.
2045 2833 2116 2872 Er-

1149 2903 1294 2941 fordiae
1340 2902 1459 2946 «1:502,
1502 2900 1538 2939 Ῑι.
1578 2902 1690 2938 llunc
1731 2899 1874 2937 librum
1918 2908 2044 2947 nuper
2070 2897 2109 2934 in

1147 2966 1329 3003 auctione
1354 2964 1534 3001 (lothana
1566 2962 1795 3009 observavi,
1819 2960 1886 2998 sed
1916 2971 1992 2997 non
2019 2957 2115 2996 vidi.

1148 3029 1249 3066 Sunt
1273 3032 1428 3072 tamen,
1469 3027 1534 3075 qui
1572 3024 1773 3075 Spalatino
1806 3023 1953 3074 potiuS,
1993 3032 2113 3072 quam

1147 3090 1390 3129 Marschalco
1414 3089 1610 3127 tribuunt.

1204 3249 1253 3291 (d)
1281 3249 1472 3289 Spalzitinus
1494 3250 1613 3280 Annal.
1640 3254 1720 3281 tom.
1746 3251 1788 3280 ΙΙ.
1805 3249 1960 3280 Menken.
1985 3257 2021 3288 p.
2041 3248 2117 3281 650.

1206 3300 1251 3338 (e)
1269 3299 1443 3333 stim-bros
1471 3299 1811 3339 Mecclenbnryische
1853 3298 2013 3330 Historia
2051 3299 2115 3330 der

1150 3350 1367 3383 Geton-osan
1385 3350 1469 3382 Keit
1489 3360 1520 3390 p.
1538 3350 1592 3389 75,
1609 3351 1649 3382 77
1666 3350 1738 3381 und
1754 3350 1801 3381 im
1816 3348 1929 3381 Leben
1942 3349 2124 3391 Hertzoys

1142 3403 1251 3441 Magni
1276 3411 1308 3441 p,
1331 3402 1371 3433 ‘20

1740 3470 1818 3509 222
