2517 4009
876 228 1299 268 EPISTOLAE

117 308 322 347 nobiscum
353 316 489 356 pacem
509 336 519 353 ,
550 308 671 354 atque
696 302 1010 348 fraternitatem,
1036 304 1076 337 et

116 372 330 410 amicitiam
349 370 490 408 bonam
514 367 631 406 simul
653 367 897 405 habeamus:
924 376 971 402 ex
995 374 1072 414 qua

115 444 235 472 eausa
264 444 333 470 nos
354 431 580 482 juravimus
599 441 730 468 eoram
765 429 902 467 nuntio
934 427 1076 467 Excel-

117 495 261 534 leutiae
301 494 495 541 Vestrae,
527 494 717 532 Videlicet
748 491 922 542 Stoyka,
968 490 1071 540 qnod

116 569 187 596 nos
211 568 301 596 cum
327 557 571 596 Excellentia
596 561 729 594 vestra
754 556 921 599 bonam,
949 559 987 591 et
1009 553 1076 591 So-

117 619 234 659 lidam
269 631 405 670 pacem
439 619 658 658 habeamus
680 619 768 657 sine
794 618 927 668 aliquo
957 616 1072 663 dolo,

116 682 179 721 vcl
209 682 344 721 fraude
371 693 499 733 usque
522 682 568 720 ad
591 693 717 720 annos
741 682 893 719 decem.
919 682 972 719 De
997 689 1075 729 quo

117 755 188 784 nos
219 746 416 784 mittimus
460 750 640 784 nostrum
680 744 835 783 fidelem
878 743 1073 789 nobilem,

115 813 156 847 et
187 809 392 859 egregium
421 808 683 858 Solymasbog
702 837 712 854 ,
743 806 946 852 videlicet,
969 802 1074 854 quod

116 872 268 922 placeat
303 872 576 911 Excellentiae
622 872 786 910 Vestrae
812 868 1077 920 personaliter

111 933 247 986 jurare
267 965 276 982 ,
309 940 417 973 recte
435 965 444 981 ,
483 940 523 972 et
547 933 716 972 fideliter
741 934 828 971 sine
852 932 983 981 aliquo
1010 931 1077 967 do-

117 997 176 1046 lo,
212 997 316 1047 quod
363 1009 432 1048 per
473 1008 600 1035 annos
644 995 780 1034 decem
824 994 967 1032 bonam
986 1024 995 1040 ,
1036 997 1076 1030 et

115 1060 280 1100 solidam
314 1071 450 1111 pacem
469 1059 673 1098 nobiscum
701 1057 906 1096 habebitis.
928 1057 1071 1094 Datum

114 1123 388 1174 Hadrianopoli
412 1124 497 1167 XIl,
522 1123 641 1161 Junii.

168 1187 382 1236 Postquam
410 1197 478 1236 pcr
500 1186 700 1234 Illyricum
718 1216 728 1235 ,
760 1189 800 1223 et
827 1185 912 1235 ipsa
939 1183 974 1221 in
1001 1183 1072 1221 Ra-

113 1248 227 1299 gusio
262 1249 461 1294 Civitate,
494 1248 734 1294 fortissime,
765 1251 885 1296 atque
918 1247 1072 1296 Magna-

113 1311 220 1349 nime
264 1311 481 1360 Princeps,
511 1310 631 1348 certis
661 1310 861 1360 plerisque
896 1309 1072 1354 nuntiis,

115 1373 325 1424 praecipue
355 1372 580 1411 Cardinalis
609 1373 755 1422 Optimi
779 1400 787 1419 ,
831 1376 870 1409 ct
896 1371 1072 1421 Angelici

115 1435 288 1474 nominis
318 1435 518 1474 pontificia
548 1440 744 1485 potestate
789 1435 923 1484 Legati
969 1434 1075 1471 veris

120 1497 307 1544 Epistolis
355 1499 569 1545 novimus,
605 1502 781 1547 quanta,
813 1497 996 1546 qualiave
1027 1495 1074 1533 ad

117 1559 390 1599 Christianum
417 1561 524 1610 pium
543 1559 840 1610 propagandum
860 1559 1075 1609 Imperium

118 1628 383 1674 perstrenue,
414 1629 454 1662 et
493 1624 749 1675 insuperabili
797 1624 946 1661 virtute
983 1627 1076 1670 tua,

113 1687 251 1738 utique
270 1687 539 1726 florentissimi
564 1689 766 1726 exercitus
788 1686 979 1738 probitate
995 1697 1082 1736 pro-

119 1750 210 1788 vide
230 1780 239 1796 ,
266 1755 501 1788 constanter
527 1780 536 1799 ,
569 1751 947 1800 magninimiterque
992 1761 1080 1801 ges-

118 1814 205 1852 sisti
235 1818 273 1851 te
296 1825 389 1852 vere
416 1814 610 1863 insignem
640 1814 785 1863 pietate
829 1814 1048 1862 Principem
1071 1842 1077 1860 ,

121 1876 617 1927 Stratagemiphorumque
644 1876 803 1914 militiae
831 1877 1000 1923 Ducem,
1023 1874 1078 1913 di-

115 1950 347 1990 gnumque,
379 1950 424 1977 ac
455 1950 595 1977 verum
636 1939 884 1977 Christianae
915 1938 1079 1988 Religio-

64 1999 66 2001 *
115 2013 210 2049 sae,
243 2004 599 2053 pientissimaeque
629 2004 760 2054 gentis
791 2003 963 2053 pugilem
1009 2013 1077 2040 vo-

113 2066 346 2116 citandum,
371 2066 735 2118 appellanlumque
762 2067 841 2106 fore
860 2068 1074 2107 censebam

116 2131 386 2178 Potestatem,
420 2131 713 2181 imperiumque
745 2135 857 2170 tuum
897 2130 1075 2180 Oceano,

116 2193 287 2232 honores
317 2205 439 2239 vero,
481 2199 521 2232 et
551 2195 715 2243 laudes,
762 2199 882 2246 atque
929 2206 1074 2233 nomen

115 2257 235 2296 astris
265 2261 304 2295 te
333 2257 497 2308 dignum
529 2259 744 2296 terminare
776 2259 926 2308 putavi·
973 2259 1077 2305 Qua-

115 2324 277 2371 propter
306 2321 483 2360 animum
518 2333 652 2360 meum
699 2333 886 2370 omnem,
923 2321 1072 2371 fidem,

117 2388 375 2434 mentemque
395 2415 404 2432 ,
435 2389 476 2423 et
498 2385 746 2423 affectionem
767 2415 776 2431 ‚
807 2396 851 2424 ac
879 2387 1073 2436 meipsum

119 2447 248 2482 toturn
275 2445 448 2495 inclytae
474 2446 638 2493 virtuti,
665 2451 704 2484 et
725 2446 961 2486 Celsitudini
986 2452 1076 2487 tuae

113 2505 256 2567 devovi
277 2537 285 2556 ,
305 2506 590 2559 dedicavique‚
624 2521 764 2559 magne
785 2513 1076 2558 τροπαιοφιρστς

113 2582 222 2619 otunp:
253 2582 344 2611 cum
377 2582 472 2610 vero
502 2573 646 2611 deinde
678 2585 740 2611 me
771 2574 816 2612 ad
847 2574 1072 2613 Threiciam

116 2634 432 2686 Hadrianopolim
459 2637 605 2686 regiam
626 2666 633 2683 ,
665 2641 704 2674 et
727 2636 802 2675 heu
827 2636 988 2675 barbara
1017 2638 1075 2676 di-

115 2701 222 2738 tione
253 2699 460 2738 subactam
493 2701 839 2750 opulentissimam
874 2701 1010 2739 urhem
1034 2706 1074 2739 et

115 2763 206 2802 elati
229 2764 346 2813 Regis
363 2763 479 2803 Asiae
499 2765 778 2814 praesentiam:
798 2764 1012 2814 Plerisque,
1034 2769 1074 2803 et

116 2826 296 2865 honestis
315 2826 363 2865 de
384 2828 518 2866 causis
546 2827 819 2874 contulissem,
837 2829 976 2875 Regios
1002 2840 1075 2867 nu-

116 2901 210 2940 per,
241 2894 282 2928 ct
310 2889 570 2929 Celsitudinis
599 2891 705 2929 Tuae
735 2890 970 2941 Georgiique
1003 2892 1075 2929 De-

115 2957 253 3004 spotae
269 2953 450 3004 egregios
465 2957 644 2991 oratores
660 2953 846 3000 vidimus,
869 2958 907 2991 et
924 2958 1072 3004 quanta

115 3015 217 3067 apud
250 3016 379 3066 ipsum
415 3015 565 3055 elatum
612 3017 830 3066 principem
875 3019 1074 3065 gesserint

113 3076 368 3124 audivimuS,
413 3081 458 3116 ut
503 3078 634 3116 omnia
687 3077 798 3115 vobis
859 3088 908 3115 ex
949 3078 1074 3118 relatu

117 3144 277 3178 vestrae
321 3140 556 3192 legationis,
606 3145 645 3178 et.
690 3139 870 3188 ejusdem
917 3141 1073 3180 Murath

115 3203 193 3252 Beg
227 3202 356 3252 Regiis
387 3203 512 3242 literis
543 3208 631 3242 nota
664 3206 808 3250 erunt,
839 3201 1010 3252 adquae
1035 3209 1074 3242 et

115 3264 318 3304 formanda
350 3266 554 3306 vobiscum
597 3265 750 3304 faedera
792 3265 1073 3317 Solymambeg

115 3327 325 3366 barbarum
358 3328 513 3367 fidelem
546 3339 693 3369 suum:
724 3332 763 3365 et
793 3326 966 3365 Graecae
998 3330 1071 3366 uti·

113 3399 192 3440 que
223 3390 394 3430 nationis
425 3390 607 3430 homines
642 3390 774 3429 mittit.
816 3388 892 3428 Sed
940 3392 1072 3430 omnia

2016 219 2094 259 637

1148 310 1168 337 a
1202 298 1313 336 vobis
1344 296 1415 336 hac
1447 300 1482 334 in
1515 308 1556 334 re
1586 299 1751 343 exorta,
1789 298 1966 341 motave,
2004 293 2108 343 opti-

1149 372 1211 399 mo
1245 359 1409 399 consilio
1449 363 1606 410 peracta
1648 357 1870 410 putandum
1910 359 1997 403 est,
2025 359 2063 394 ut
2087 366 2108 393 e

1148 423 1511 473 providentissimis
1530 454 1538 470 ,
1565 422 1952 472 sapientissimisque
1968 419 2110 470 princi-

1151 486 1288 536 pibus,
1322 496 1365 523 ac
1403 496 1635 534 magnarum
1669 483 1932 534 gerendarum
1973 492 2104 520 rerum

1150 549 1453 597 expertissimis.
1471 547 1736 594 Quamobrem
1757 546 1866 584 vobis
1882 577 1892 594 ‚
1920 549 1960 583 et
1982 544 2110 583 almae

1148 611 1428 650 Christicolum
1449 611 1664 660 Religiosae
1682 640 1691 656 ‚
1717 614 1836 660 atque
1861 607 2109 647 excolendis-

1149 674 1272 711 simae
1297 672 1536 723 expeditioni
1563 673 1750 719 meliora,
1796 672 2047 721 felicioraque
2072 681 2111 708 o-

1151 737 1254 774 mnia
1293 746 1452 785 semper
1484 747 1720 774 successura
1747 746 1967 785 speramus.
2007 735 2109 783 Opto

1151 798 1249 836 benc
1274 798 1453 837 valeatis.
1482 799 1538 836 Ex
1563 797 1842 848 Hadrianopoli
1867 797 1989 846 pridie
2015 796 2107 834 ldus

1150 861 1296 899 Junnii.
1325 861 1422 912 Eug.
1452 862 1560 899 l‘ont.
1589 861 1662 898 Au.
1688 859 1794 898 XIV.
1817 859 1860 897 E.
1888 861 1921 897 J.
1947 860 1987 898 C.
2015 860 2058 897 T.

1350 970 1553 1014 Devotus‚
1579 972 1618 1005 ct
1639 966 1910 1006 dicatissimus

1349 1031 1549 1082 Kyriacus
1576 1031 1864 1070 AnconitanuS.

1606 1130 1668 1169 lv.

1208 1212 1477 1304 Scripsimus
1510 1254 1581 1293 hec
1610 1266 1659 1292 ex
1684 1253 1970 1304 Hadrianopolu
1996 1253 2107 1292 Chri-

1149 1317 1397 1355 stianissime
1420 1319 1625 1368 Princeps,
1664 1318 1700 1355 in
1723 1317 1937 1362 Barbaros,
1978 1314 2106 1366 quoad

1149 1379 1340 1425 licuerat,
1380 1378 1608 1427 moderate,
1646 1386 1687 1419 ut
1712 1379 1927 1418 Barbarum
1970 1389 2112 1428 nempe

1152 1451 1315 1479 saevam
1338 1442 1550 1491 perniciem
1573 1443 1912 1481 vitaremusNam
1930 1441 2049 1480 latius
2063 1439 2112 1479 de

1152 1504 1206 1542 rei
1231 1503 1474 1548 conditione,
1516 1504 1645 1556 deque
1679 1516 1816 1543 eorum
1855 1508 1987 1542 coacta
2015 1514 2110 1554 pace

1153 1565 1362 1604 dixissem.
1393 1566 1491 1605 Cum
1520 1573 1560 1606 et
1582 1568 1732 1619 ingenti
1760 1567 1966 1606 formidine
1999 1567 2113 1604 terri-

1154 1633 1242 1676 tos,
1284 1632 1328 1667 ut
1352 1640 1372 1666 e
1407 1631 1552 1668 vestris
1594 1631 1669 1669 late
1706 1631 1899 1669 noveritis
1937 1628 2111 1680 quotidie

1153 1691 1327 1728 Teucros
1354 1694 1505 1731 moenia
1532 1704 1714 1743 reparare
1731 1723 1740 1740 ‚
1766 1694 1996 1743 Turcosque
2029 1702 2115 1742 pro-

1156 1754 1389 1803 pugnaculis
1415 1755 1518 1805 ligno
1550 1757 1730 1804 munire,
1769 1757 1932 1794 militem
1960 1755 2008 1794 ad
2052 1755 2113 1794 fu-

1154 1828 1240 1866 gam
1286 1818 1416 1867 potius
1442 1830 1560 1868 quam
1587 1818 1633 1857 ad
1663 1831 1836 1869 pugnam
1868 1826 2004 1869 aptare
2044 1829 2108 1857 co-

1152 1882 1378 1930 gnovimus,
1397 1881 1480 1920 Alia
1501 1893 1593 1920 vero
1618 1894 1664 1920 ex
1685 1886 1794 1932 parte
1812 1883 2108 1920 Char-amanum

1153 1945 1189 1980 in
1215 1943 1307 1982 Asia
1334 1945 1369 1982 iu
1394 1945 1522 1994 ipsum
1551 1945 1743 1984 Amorath
1776 1951 1927 1985 motum
1970 1947 2007 1983 in
2047 1957 2107 1984 ar-

1151 2006 1252 2047 mis.
1283 2011 1323 2044 ct
1361 2007 1470 2054 loca,
1509 2008 1734 2059 oppidaque
1769 2021 1841 2048 sua
1876 2014 2077 2048 vastatum
2103 2038 2112 2055 ‚

1151 2068 1525 2120 pessundatumque
1567 2071 1609 2109 iri
1652 2083 1743 2110 cum
1793 2073 2007 2123 Tyrannus
2051 2071 2112 2110 hic

1151 2131 1358 2183 Superbus
1385 2136 1658 2185 percepisset-3
1682 2137 1717 2173 in
1744 2147 1835 2174 eum
1864 2136 2027 2181 furens,
2055 2147 2114 2174 re-

1152 2195 1243 2234 licto
1271 2197 1307 2233 in
1335 2196 1500 2235 Thracia
1529 2198 1693 2249 Cialaby
1712 2199 1809 2249 filio,
1835 2211 1926 2238 curn
1953 2206 1993 2238 et
2011 2199 2114 2238 Cha-

1150 2259 1188 2297 lil
1216 2261 1349 2299 Bassia
1379 2261 1538 2311 Collega
1563 2263 1747 2311 primario
1771 2274 1842 2302 suo
1860 2293 1870 2309 ‚
1910 2265 1992 2302 suis
2020 2275 2111 2302 cum

1154 2322 1355 2373 plerisque
1391 2322 1646 2373 cohortibus3
1691 2326 1772 2375 ipse
1813 2326 2112 2377 Hellespontum

1150 2386 1410 2423 transfretare
1427 2417 1437 2434 ,
1463 2391 1502 2424 et
1527 2389 1662 2437 copias
1691 2400 1830 2438 magna
1852 2389 1889 2426 vi
1917 2390 1952 2426 in
1976 2390 2111 2428 Asiam

1151 2448 1350 2487 ductitare
1377 2448 1589 2498 delegerat.
1623 2451 1672 2489 Ut
1692 2452 1766 2490 etsi
1795 2463 1866 2490 vos
1896 2452 2108 2492 Christiani

1148 2512 1298 2562 optumi
1325 2513 1526 2562 principes
1553 2525 1690 2564 pacem
1725 2515 1826 2554 hanc
1859 2516 2105 2566 improbam,

1147 2580 1188 2613 et
1214 2577 1372 2625 penitus
1397 2576 1660 2615 execrandam
1693 2577 1908 2616 observare
1937 2580 2112 2628 coeperi-

1148 2639 1228 2687 tis,
1255 2639 1390 2677 statim
1417 2639 1626 2685 conflicto,
1654 2640 1864 2690 fugatove,
1888 2646 1956 2680 aut
1979 2641 2110 2692 aliqua

1148 2701 1372 2741 conditione
1404 2707 1542 2752 pacato
1576 2703 1828 2742 Charamauo
1854 2705 2002 2755 ingenti
2028 2705 2112 2743 ani-

1149 2776 1211 2803 mo
1241 2765 1369 2803 auctis
1392 2766 1427 2801 in
1454 2764 1545 2804 Asia
1567 2767 1690 2816 copiis
1708 2797 1718 2813 ,
1764 2767 2017 2816 Hellesponto
2048 2779 2107 2805 re-

1150 2839 1313 2875 menso,
1342 2829 1377 2865 in
1405 2827 1610 2866 Thraciam
1639 2830 1780 2868 iterum
1809 2830 1985 2868 validiori
2011 2842 2102 2869 cum

1147 2893 1325 2929 exercitu
1374 2901 1575 2939 remeare,
1622 2897 1661 2929 et
1703 2893 1915 2939 Moesiam,
1957 2893 2110 2932 Panno·

1149 2955 1334 3002 mamque
1358 2957 1437 2991 tota
1459 2963 1531 2992 sua
1557 2964 1647 2992 cum
1675 2958 1870 3004 potestate
1897 2961 2081 3004 repetens
2098 2983 2108 3000 ‚

1152 3016 1404 3064 praeteritam
1427 3045 1434 3063 ,
1462 3021 1744 3066 recentemque
1771 3028 1791 3054 a
1821 3017 1932 3054 vobis
1961 3017 2108 3057 illatam

1149 3076 1222 3115 sibi
1261 3076 1411 3115 cladem
1462 3078 1578 3116 enixe
1618 3077 1820 3117 vindicare
1861 3079 2024 3118 curabit.
2057 3080 2105 3119 At

1149 3139 1251 3184 etsi,
1294 3139 1396 3188 quod
1426 3141 1551 3189 magis
1594 3139 1843 3190 putandum,
1889 3146 1928 3178 et
1972 3143 2102 3192 ipsum

1151 3200 1358 3239 formidare.
1384 3200 1466 3252 jum
1492 3203 1721 3248 cernimus,
1758 3213 1827 3241 vos
1857 3214 1952 3253 pace
1998 3205 2110 3243 mali-

1147 3274 1222 3312 gna
1248 3266 1406 3313 penitus
1432 3269 1590 3313 spreta,
1628 3266 1663 3302 in
1691 3277 1782 3303 eum
1825 3271 1983 3316 paratas
2023 3266 2104 3319 jam

1148 3331 1304 3365 vestras
1339 3327 1539 3371 invictas,
1582 3331 1622 3365 et
1658 3326 1846 3365 florentes
1891 3331 2024 3380 copias
2068 3331 2105 3368 in

1148 3389 1355 3428 Thraciam
1381 3390 1507 3441 ipsam
1533 3388 1761 3429 admovisse
1785 3393 2043 3442 cognoverit,
2064 3398 2105 3432 et
