2517 4009
962 189 1020 227 ST
1027 191 1158 228 EPHA
1165 192 1266 230 NUS

101 261 232 302 nicor.
262 262 415 301 Frater
439 261 622 299 Aloisius
646 262 751 299 della
779 259 911 298 C'ruce
937 260 1067 296 Prior

108 328 246 365 Cornu
279 328 322 365 S.
356 328 401 363 P.
433 327 481 363 D.
513 326 551 362 et
581 326 705 372 optat.

180 392 310 428 Fama
340 392 400 428 est·
429 390 541 427 haud
572 389 647 426 diu
667 389 791 435 ficta,
812 387 936 435 salsa
966 384 1067 425 ‘cels

99 456 172 492 sed
192 464 308 500 vera,
329 463 452 500 quam
474 452 484 499 (
500 453 632 498 juxta
652 451 942 499 Philosophum
963 450 974 497 )
997 458 1065 487 ve-

101 528 196 556 ram
225 527 361 555 omnes
400 517 633 553 autumant.
677 515 855 553 Famant
896 512 1068 560 quilibet

103 588 260 626 nempe,
291 579 338 615 R.
371 579 419 614 D.
450 578 496 613 P.
528 577 646 623 Abba,
676 578 866 613 Vestram
899 575 1066 612 tandem

102 635 415 678 Pater-nitatem
445 648 531 676 una
560 648 653 676 cum
682 639 819 675 vestro
839 638 919 674 toto
941 645 1066 683 anqe-

101 706 181 742 lico
227 703 348 741 Coetu
376 711 474 740 vere
515 703 687 739 imitari
726 701 839 738 vitae
895 699 1067 737 Sancti—

100 768 282 804 moniam
326 766 418 802 Ven.
454 764 496 801 S.
528 764 574 799 P.
605 763 832 811 Auqustini
873 762 1067 798 Doctoris

107 827 450 866 excellentissimi
489 826 650 862 vastam
691 826 898 861 Eremum
949 824 1063 859 inco·

102 892 254 928 lentis:
282 891 356 936 qui
384 899 456 927 nec
493 890 724 936 propterea
758 887 941 925 Sacram
981 885 1069 923 Me-

103 955 350 992 ditationem
380 954 567 991 divinam
608 951 936 1000 aspernabatur,
968 950 1070 996 quin

95 1016 238 1063 potius
245 1015 343 1062 juqi
356 1015 583 1062 oiqilantia
611 1012 934 1061 amplexabatur
953 1020 1068 1048 sum-

102 1089 266 1127 mopere
307 1081 547 1124 utramque.
588 1078 700 1115 Vobis
744 1078 884 1122 itaque
923 1075 1068 1123 Maqni

102 1144 294 1180 Doctoris
315 1142 603 1180 imitatoribus
622 1150 711 1178 ven.
728 1141 811 1177 PP.
835 1140 1067 1177 literarum

98 1206 235 1243 studii
256 1207 431 1252 pariter
462 1206 500 1242 et
520 1206 630 1242 vitae
665 1203 888 1240 solitariae
931 1202 1067 1239 culto—

99 1269 220 1305 ribus
251 1270 297 1305 Ε.
329 1269 377 1304 l).
420 1266 676 1314 Bonifacius
719 1265 935 1302 Simoneta
975 1263 1064 1300 Abb.

107 1330 152 1368 S.
186 1330 417 1377 Sthephani
451 1329 589 1366 Cornu
632 1329 729 1365 Ord.
770 1328 1068 1365 Cisterciensis

101 1401 165 1430 me
194 1393 327 1430 medio
346 1391 553 1440 fragmen
581 1393 716 1429 mittit
748 1391 886 1437 (quod
915 1392 953 1427 et
973 1390 1069 1436 qui-

101 1455 193 1492 dem
224 1455 324 1492 dono
364 1453 588 1501 larqitur)
628 1454 847 1499 sudorum,
888 1461 1068 1490 suarum

105 1517 361 1565 viqilarum:
420 1517 529 1563 Opus
570 1516 767 1554 videlicet
805 1525 912 1563 pene
957 1516 1068 1553 divi-

109 1589 210 1617 num
250 1579 299 1617 ab
339 1588 381 1616 eo
431 1580 542 1617 miro
582 1579 728 1616 ordine
769 1579 1064 1625 compositum:

102 1643 152 1682 ut
191 1643 236 1680 id
276 1642 490 1689 capientes
530 1643 678 1679 mutua
714 1641 932 1679 Charitate
970 1640 1069 1688 (uti

103 1702 273 1750 soletis)
304 1704 437 1741 simul
467 1703 746 1741 benevolentia
779 1705 1072 1741 continuantes

104 1767 326 1805 unanimes
359 1765 438 1814 (ut
469 1775 634 1814 semper
666 1766 854 1814 fuistis)
892 1767 931 1803 et
966 1775 1070 1813 per—

104 1830 344 1868 severantes
374 1830 701 1866 consolidemini.
736 1831 806 1865 Ex
849 1838 890 1865 eo
919 1830 1070 1876 quippe

100 1891 366 1939 percipietiS,
382 1891 472 1928 viri
482 1890 784 1938 famosissimi,
813 1892 1069 1937 modestiam,

106 1955 393 2001 Relliqionem,
415 1954 788 1999 mansuetudinem,
821 1954 1071 1991 dei-ctionem

103 2016 415 2063 munificentiae
447 2016 627 2061 culmen,
654 2017 874 2062 pietatem,
892 2017 1072 2053 clemen-

105 2079 233 2124 tiam,
263 2079 518 2115 cunctarum
563 2079 739 2125 denique
783 2078 1075 2116 Scientiarum

103 2140 393 2177 Monarchiam
421 2139 620 2178 honorum
651 2141 775 2186 atque
804 2150 968 2178 morum
991 2150 1074 2177 om-

108 2204 228 2240 nium
266 2211 567 2250 peramoenum
589 2204 769 2250 odorem,
783 2205 1074 2252 prudentiam.

103 2266 242 2312 Neque
273 2266 456 2303 eiusdem
485 2267 682 2304 Auctoris
723 2268 939 2315 ingenium
972 2278 1075 2315 pro-

107 2329 206 2366 dere
238 2329 474 2375 anqelicum
517 2337 683 2366 necesse
727 2330 787 2366 est
799 2341 814 2376 ,·
842 2329 1076 2377 mirificum

103 2392 242 2440 ipsum
269 2400 313 2428 se
353 2392 611 2429 commendat
652 2401 751 2438 opus
791 2394 837 2429 in
877 2401 918 2428 eo
962 2393 1075 2429 velut

96 2454 304 2501 paradiso
337 2453 348 2501 (
374 2462 468 2491 cum
493 2454 839 2491 animadvertetis
860 2453 870 2501 )
895 2455 958 2491 ita
970 2463 1075 2501 per-

97 2517 246 2564 pulcri
251 2516 383 2565 flores
396 2517 479 2564 leqi
499 2516 736 2553 coniicietis
750 2525 844 2553 cum
848 2516 1074 2562 fructibus

108 2580 414 2617 miracissimis
446 2589 541 2617 cum
565 2580 822 2617 suae-issima
855 2580 1076 2617 harmonia

106 2643 309 2688 cuiusque
329 2642 635 2689 Philosophiae,
653 2643 767 2678 artis
788 2643 823 2678 el
852 2643 1071 2688 scientiae,

110 2705 160 2741 ut
200 2713 408 2750 nusquam
438 2704 487 2742 ab
530 2705 620 2752 ipso
664 2704 746 2741 hau
778 2704 975 2751 plenius,
1011 2705 1074 2742 vel

107 2766 306 2804 abscedat
335 2767 537 2811 hilarius,
559 2767 680 2804 adid
711 2767 772 2803 vel
806 2767 952 2803 tristis
992 2768 1072 2804 etsi

102 2829 285 2876 jejunus
335 2833 590 2868 accesserit.
621 2832 673 2867 At
700 2831 740 2867 si
791 2831 934 2877 primo
970 2840 1071 2878 opus

111 2901 258 2930 nomen
264 2894 479 2941 possideat
494 2895 541 2931 de
547 2895 839 2940 persecutione
859 2892 1071 2932 Christia-

113 2963 292 3002 norum,·
321 2956 460 2992 tamen
499 2956 560 2993 sic
603 2956 752 2992 varius
791 2956 937 2992 varias
966 2956 1072 2993 liber

116 3017 183 3055 hic
215 3018 330 3055 modo
359 3019 544 3055 continet
573 3019 707 3064 artes,
747 3019 853 3063 quod
883 3018 893 3065 (
932 3020 979 3056 ut
1008 3021 1071 3058 ita

111 3077 264 3124 dicam)
300 3079 492 3125 reqinam
512 3079 683 3116 adstare
703 3080 846 3117 videas
868 3089 893 3117 a
913 3081 1071 3120 destris

107 3142 153 3178 in
166 3142 322 3179 vestitu
343 3141 545 3178 deaurato
558 3143 828 3180 circumdata
848 3144 1067 3182 varietate.

111 3205 265 3252 Nempe
295 3203 402 3241 liber
431 3205 519 3252 ipse
549 3213 627 3242 sua
657 3206 862 3243 varietate
885 3208 1072 3246 auctoris

113 3267 181 3304 sui
225 3267 596 3314 perspicacissimi
647 3268 822 3314 denique
864 3270 1069 3317 insiqnem

109 3330 346 3368 doctrinam
376 3330 515 3376 aperit
544 3331 719 3375 partim,
752 3331 864 3369 niodo
893 3332 1068 3381 Pontifi-

2035 189 2108 225 501

1142 271 1237 298 cum
1266 263 1387 300 actus
1429 262 1686 300 summorum
1728 262 1766 299 et
1807 262 1919 299 vitas
1948 261 2113 298 demon-

1141 324 1332 370 strando,
1373 325 1488 362 modo
1531 324 1849 362 commendando
1889 322 2113 360 eorundem

1141 387 1345 434 virtutes3
1383 388 1492 424 vitia
1532 389 1722 433 malaque
1764 387 1952 434 ipsorum
1994 385 2112 422 dam-

1139 450 1273 487 nando
1303 451 1500 487 crimina.
1531 451 1634 496 Hoa,
1665 457 1767 495 quae
1800 448 1896 494 quis
1917 456 1997 484 non
2015 447 2108 484 lau-

1140 512 1210 548 det
1237 521 1360 550 sacro
1399 513 1652 549 monimenta
1694 512 1853 558 liquore
1894 510 2110 557 adspersa.

1138 573 1428 620 Epistolarum
1452 574 1562 610 enim
1584 573 1707 610 huius
1727 572 1911 619 insiqnis
1931 572 1993 608 ita
2014 580 2109 608 sen-

1137 644 1211 671 sus
1240 636 1381 672 varios
1411 636 1553 682 aperit
1588 637 1705 672 claro
1745 643 1962 682 sermone;
2006 634 2112 680 quod

1139 706 1219 733 non
1250 697 1420 734 dubium
1451 698 1519 734 illi
1547 698 1740 745 sinqulas
1776 697 1894 734 heroi
1935 697 2111 733 haerere

1140 761 1358 806 scientias,
1387 761 1474 797 sive
1517 763 1757 798 Astronomo
1787 763 1876 798 sint
1911 763 1985 798 aut
2026 760 2114 797 Me-

1141 823 1247 868 dico,
1276 824 1338 860 oet
1367 823 1561 870 Physico,
1591 832 1664 860 seu
1694 823 1913 863 historico.
1952 823 2113 861 C'osmo-

1141 885 1316 933 qrapho,
1338 884 1696 933 Chiromaticoque
1727 887 1967 923 attinentes.
1991 887 2115 923 Docet

1143 949 1182 985 et
1205 955 1409 995 persaepe
1440 947 1633 985 civilium
1662 949 1799 995 lequm
1842 949 2031 985 ordinem
2064 957 2112 984 ac

1148 1009 1458 1047 C'anonicarum
1487 1008 1796 1047 Institutiones.
1835 1010 1915 1057 (ut
1945 1010 2114 1055 quidem

1142 1069 1344 1118 scribit.)
1380 1071 1555 1118 denique
1588 1072 1738 1110 habent
1757 1073 1990 1120 scriptores
2014 1082 2116 1119 pro-

1141 1136 1259 1173 tinus
1289 1145 1452 1183 omnes;
1482 1137 1633 1173 emicat
1663 1137 1732 1174 hoc
1765 1137 1932 1174 clarum
1961 1146 2073 1183 opus.

1198 1201 1232 1236 1.
1268 1200 1380 1243 Quod
1410 1201 1500 1238 boni
1533 1201 1610 1248 (ut
1640 1201 1722 1238 fex-t
1752 1200 1893 1247 idem)
1919 1201 1991 1238 dat
2011 1209 2113 1248 qra-

1140 1265 1251 1301 vitas
1281 1264 1386 1308 quod
1416 1265 1598 1301 candida
1616 1264 1745 1310 sacta
1775 1266 1979 1301 tulerunt.

1197 1326 1234 1362 2.
1256 1327 1335 1364 Hic
1360 1327 1472 1364 velut
1486 1328 1651 1375 irriqui
1667 1327 1865 1377 refluenti
1894 1328 2118 1374 asper-qine

1137 1389 1279 1434 prati.

1197 1451 1234 1486 3.
1264 1451 1435 1498 Aqmine
1466 1451 1677 1489 subluerit
1698 1452 1858 1500 florum
1912 1453 2112 1498 varioque

1144 1514 1291 1550 colore.

1196 1577 1234 1612 4.
1264 1576 1403 1614 Herba
1433 1578 1545 1615 viret
1558 1578 1735 1623 :placito
1756 1579 1817 1614 sic
1840 1577 1927 1614 stat
1947 1578 2114 1614 senten-

1144 1640 1206 1676 tia
1236 1648 1351 1676 casu.

1196 1702 1233 1738 5.
1255 1703 1470 1750 Proposito
1485 1704 1523 1739 et
1536 1703 1751 1748 quadrant
1767 1703 1986 1748 alienaque
2001 1703 2117 1740 dicta

1142 1767 1396 1812 sequuntur.

1198 1829 1322 1867 Facie
1354 1830 1495 1877 iqitur
1514 1829 1712 1875 jucunda
1732 1829 1876 1875 accipe
1904 1828 2027 1865 corde
2057 1835 2124 1864 se-

1149 1903 1246 1931 reno
1289 1894 1397 1930 alme
1428 1894 1687 1931 consortium
1720 1893 1862 1929 devota
1892 1891 1996 1937 quod
2019 1900 2121 1937 por-

1148 1957 1255 2004 riqit
1276 1965 1426 1993 manus
1447 1956 1804 1993 deoetrocherium:
1823 1956 1993 2002 superis
2007 1955 2120 1992 dela-

1140 2028 1266 2066 psum
1287 2019 1481 2056 videlicet
1516 2017 1738 2056 monilibus
1757 2019 1975 2054 immensis
1996 2026 2119 2054 coru-

1146 2081 1310 2118 scatum
1343 2081 1674 2128 pretiosissimis
1699 2080 1910 2128 lapidibus
1934 2081 2121 2127 splendi-

1147 2145 1293 2182 datum
1311 2172 1320 2190 ,
1343 2144 1622 2181 vernantibus
1654 2145 1777 2190 atque
1802 2143 2120 2181 coruscantibus

1145 2207 1320 2252 qemmis
1354 2206 1574 2242 radiatum
1605 2234 1614 2251 ,
1654 2207 1892 2243 contextum
1938 2206 2120 2252 insiqni-

1139 2269 1213 2306 bus
1238 2270 1498 2317 marqaritis
1517 2297 1526 2314 ,
1559 2279 1665 2308 auro
1695 2278 1851 2316 quoque
1883 2270 2121 2316 purissimo

1148 2334 1509 2380 circumliqatum,
1545 2334 1583 2370 et
1617 2335 1806 2380 arqentO,
1831 2341 1878 2369 ac
1899 2333 2118 2379 splendore

1148 2395 1402 2432 luminatum
1434 2394 1574 2439 Solis,
1606 2394 1763 2430 lumine
1787 2420 1925 2428 .....
1953 2394 2119 2430 clarum

1149 2458 1187 2493 et
1216 2458 1446 2503 syderum,
1479 2458 1524 2493 in
1566 2457 1764 2494 videlicet
1803 2457 2012 2493 communi
2051 2466 2119 2493 ce-

1147 2521 1242 2556 stra
1263 2520 1620 2556 excellentissima
1640 2517 1898 2555 Bibliotheca
1930 2516 2001 2564 (ut
2022 2519 2118 2555 inde

1148 2582 1370 2618 redactum
1413 2582 1575 2628 maqis,
1618 2582 1831 2628 maqisque
1870 2581 2002 2617 sicuti
2042 2581 2118 2618 lun

1147 2652 1277 2690 super
1301 2643 1602 2680 candelabrum
1620 2643 1761 2690 posita
1782 2642 1987 2679 elucescat
2007 2641 2018 2687 )
2050 2642 2119 2678 ho-

1145 2705 1317 2752 norifice
1348 2707 1410 2742 sic
1443 2705 1592 2742 ibidem
1615 2705 1834 2742 locandum
1848 2714 1929 2751 per
1958 2714 2026 2741 cos
2045 2706 2118 2750 qui

1144 2768 1260 2804 inter
1289 2768 1582 2805 ortodoxorum
1620 2768 1740 2805 clara
1770 2767 1951 2804 Patrum
1992 2776 2117 2813 opera

1143 2831 1319 2877 qloriose
1341 2831 1453 2868 vivat
1474 2831 1519 2866 in
1558 2831 1790 2867 aeternum.
1827 2831 2117 2868 Verumtamen

1143 2893 1345 2930 universa
1374 2894 1541 2930 vanitas
1570 2894 1703 2930 omnis
1743 2892 1856 2930 homo
1886 2895 2036 2930 vicens.
2077 2895 2116 2930 et

1144 2955 1327 3003 imaqine
1388 2957 1690 3003 pertransiens
1712 2984 1722 3001 ,
1773 2954 2034 3001 frustraque
2075 2965 2118 2993 se

1141 3017 1409 3063 conturbans,
1449 3026 1566 3054 casso
1606 3019 1729 3063 atque
1759 3027 1832 3054 suo
1873 3017 2009 3055 labore
2044 3019 2111 3056 ul-

1142 3082 1208 3117 tro
1237 3089 1281 3117 se
1311 3088 1522 3118 exercens.
1552 3081 1688 3117 Valete
1727 3080 1988 3117 Venerabiles
2029 3081 2114 3119 Pa-

1142 3143 1246 3188 tres,
1276 3144 1358 3179 mei
1388 3151 1543 3188 quoque
1572 3143 1736 3180 obsecro
1767 3143 1820 3179 ad
1843 3144 1966 3190 pium
1983 3152 2112 3181 memo

1142 3206 1338 3243 resestote
1368 3206 1579 3243 dominum
1599 3206 1802 3243 nostrum.
1833 3206 1972 3243 Amen.

1194 3268 1263 3304 Ea>
1291 3267 1460 3305 Abbatia
1492 3268 1535 3305 S.
1572 3267 1804 3315 Sthephani
1831 3267 1967 3307 Cornu
1982 3268 2105 3315 juce-

1142 3331 1220 3368 πίε.
1253 3329 1355 3366 XVI.
1390 3331 1484 3368 Kal.
1515 3330 1609 3367 Jan.
1636 3331 1750 3368 1497.
