2517 4009
903 227 1282 269 SALONIUS

148 291 465 332 SALlMBENUS
493 292 540 331 de
563 293 820 342 Salimbenis‚
842 295 890 334 de
906 296 1057 335 Greno-

12 381 14 386 ψ
93 355 156 393 nis
171 384 183 400 ,
213 355 441 393 Parmensis
457 385 468 402 ‚
484 353 580 394 Ord.
600 357 795 397 Minorum
815 358 1054 408 Theologus,

90 419 130 453 et
160 416 197 453 in
227 417 389 467 optimis
419 416 546 455 literis
585 424 800 467 versatus,
844 421 949 458 circa
995 431 1058 459 an.

90 475 205 515 4280.
235 478 404 527 Scripsit
449 476 642 518 historias
683 481 751 519 sui
786 481 972 532 temporis
1017 486 1055 521 et

34 554 36 557 .
89 536 312 576 Chronicon
341 537 484 578 Italiae
514 552 643 591 usque
673 542 720 581 ad
752 554 902 582 annum
935 545 1050 583 4280.

24 591 26 595 ’
85 598 160 637 Alii
193 597 420 638 Chronicon
448 600 670 642 Parmense
693 609 850 644 vocant.
869 606 1052 644 Possevi-

87 671 164 699 nus
192 665 301 700 tomo
330 662 378 701 11.
408 662 636 713 Apparatus
665 676 753 715 pag.
783 666 861 704 370
915 665 1051 704 Willot

82 720 266 761 Athenae
295 723 464 761 sodalitii
493 725 743 764 Franciscani
761 738 797 777 p.
816 727 906 765 324.
929 725 1050 764 Wad-

82 783 229 834 dingus
258 795 294 835 p.
327 784 417 822 324.
451 786 701 838 Waddingus
730 787 778 826 de
800 788 935 838 script.
954 786 1048 825 Ord.

83 845 294 884 Minorum.

133 906 224 956 (304
245 908 285 946 F.
313 907 534 948 Salimbene
552 910 625 948 fuit
641 909 690 948 de
710 910 869 948 Familia
902 909 1050 948 Adamc'

76 962 126 1007 de
155 970 310 1008 Parma.
341 970 437 1009 Vide
468 972 612 1021 (Mattei
642 971 734 1010 Ant.
763 971 853 1019 Fel.)
891 971 1046 1009 Lettera

76 1027 355 1070 dell’Anonimo
383 1031 533 1071 Pisano
561 1031 677 1071 all’A.
705 1032 808 1071 della
837 1032 920 1072 vica
934 1032 978 1071 di
999 1034 1042 1071 F.

76 1089 168 1129 Elia
195 1095 337 1144 stamp.
374 1093 414 1131 in
446 1095 596 1133 Parma
629 1095 733 1134 4783
764 1096 800 1132 in
831 1094 868 1133 4.

127 1153 454 1204 SALlPHlLAX,
481 1157 639 1195 natione
658 1158 897 1202 Britannus,
916 1166 1035 1205 quem

71 1214 240 1254 Balaeus
259 1227 309 1254 ex
335 1218 615 1255 vetustissimo
637 1217 857 1256 Bardorum
888 1226 1037 1266 genere

71 1276 197 1314 fuisse
225 1276 367 1314 credit.
409 1277 535 1326 AJunt
579 1289 672 1316 eum
719 1279 822 1315 circa
866 1288 899 1314 a.
938 1276 1031 1315 960.

70 1339 126 1377 De
157 1337 392 1389 yenealoyz'a
424 1340 573 1389 Re9um
606 1339 895 1377 Britannorum
937 1339 1034 1375 scri-

69 1401 216 1449 psisse.
236 1400 410 1439 Balaeus
427 1400 543 1438 Cent.
567 1401 612 1438 11.
631 1400 872 1439 29 P1tseus
889 1409 923 1436 c.
941 1397 1031 1436 444.

121 1460 180 1500 SA
188 1462 536 1502 LlSBURGENSE
549 1461 772 1501 Chronicon
783 1473 805 1500 a
817 1465 908 1499 nato
919 1459 1032 1499 Chri-

67 1527 130 1561 sto
151 1534 282 1573 usque
311 1523 359 1562 ad
383 1534 446 1562 an.
473 1524 590 1563 4389.
611 1522 736 1562 edidit
756 1522 919 1561 Hieron.
954 1522 1028 1558 Pez

68 1589 165 1623 tom.
196 1585 225 1623 1.
256 1585 502 1636 Scriptorum
534 1585 838 1624 Austriacorum
870 1595 906 1633 p.
938 1583 1027 1622 344.

64 1645 184 1685 Aliud
215 1657 238 1685 a
265 1646 305 1685 S.
329 1646 506 1697 Ruperto
528 1645 574 1685 ad
607 1658 670 1685 an.
703 1647 821 1686 4495.
852 1646 956 1685 idem
999 1649 1026 1682 t.

64 1708 112 1746 11.
129 1718 220 1759 pag.
238 1707 328 1748 427.
354 1709 532 1747 Tertium
555 1707 821 1758 Raymundus
846 1708 1026 1746 Duellius

61 1769 224 1808 Miscell.
258 1770 306 1809 ΙΙ.
348 1781 435 1821 pag.
482 1770 573 1809 430.
613 1770 840 1809 Chronicon
877 1769 1025 1820 duplex

64 1832 325 1871 vernaculum
344 1861 354 1879 ,
379 1832 560 1871 Hahnius
584 1832 747 1871 Collect.
786 1837 880 1870 tom.
910 1832 956 1870 ll.
987 1843 1027 1882 p.

62 1893 153 1931 766.
182 1895 439 1932 Monumenta
479 1893 796 1944 Salisburgensia
835 1878 1023 1933 Canfsius

62 1959 157 1993 tom.
179 1955 245 1993 111.
269 1958 370 2006 part.
400 1955 438 1993 2.
467 1966 556 2005 pag.
587 1955 678 1994 263.
707 1955 930 2006 Diplomata
955 1955 1023 1993 Sa-

60 2016 328 2066 lisburgensia
347 2021 388 2054 et
412 2017 700 2055 Laureacensia
724 2018 783 2055 Jo.
805 2018 947 2055 Petrus
971 2016 1020 2054 de

65 2077 262 2129 Ludewig
290 2082 387 2116 tom.
416 2077 465 2115 ΙΙ.
482 2078 729 2128 Scriptorum
754 2077 1022 2127 Bambergen-

65 2140 169 2179 sium
190 2151 280 2191 pag.
298 2139 388 2178 347.
407 2138 648 2189 Anonymus
672 2138 792 2177 Poeta
813 2139 861 2177 de
881 2139 1020 2178 ordine

63 2201 459 2252 comprovincialium
506 2201 793 2251 Episcoporum
838 2201 1022 2240 Salzbur-

61 2264 258 2312 gensium‚
288 2263 655 2309 Ratisbonensium,
687 2263 1019 2314 Frisingensium,

61 2324 361 2362 Pataviensium
386 2329 428 2362 et
455 2324 776 2371 Sabionensium,
805 2324 939 2363 editus
958 2329 1021 2362 est

61 2396 83 2423 e
106 2384 332 2424 Mabillonio
358 2385 396 2422 in
422 2384 628 2423 Analectis
657 2395 694 2434 p.
726 2386 818 2423 346.
841 2390 881 2424 et
906 2387 1020 2424 Pezio

61 2450 156 2485 tom.
188 2445 218 2484 1.
240 2457 326 2496 pag.
356 2446 393 2485 8.

114 2507 276 2547 SALLA
301 2508 464 2557 (rectius
491 2505 634 2555 SABA)
660 2505 900 2556 Malaspz'na,
927 2507 1017 2546 vide

58 2580 177 2619 supra
208 2575 236 2607 t.
266 2569 309 2607 V.
340 2580 376 2619 p.
407 2569 470 2606 44.

112 2631 205 2680 (305
235 2630 364 2669 SALO
392 2626 627 2667 Parmensis
652 2629 718 2678 qui
746 2639 849 2666 saec.
876 2628 1018 2678 Vl-ju-

58 2696 127 2731 xta
154 2691 243 2731 Affo
273 2690 396 2730 edidit
436 2690 582 2741 Aesopi
606 2688 776 2742 fabellas
801 2690 937 2728 LXlil.
960 2690 1016 2728 in-

59 2756 230 2804 terpres,
261 2763 362 2804 quas
391 2754 512 2791 vertit
541 2752 636 2790 dum
668 2751 849 2790 studeret
893 2751 1016 2790 Athe-

58 2816 132 2853 nis.
155 2816 188 2854 E
210 2819 372 2854 vetusto
403 2813 546 2854 Codice
572 2825 631 2864 ap.
654 2813 848 2851 Thornam
871 2814 1014 2851 Macta-

54 2875 194 2915 codam
237 2877 364 2927 primo
407 2875 530 2914 edidit
561 2874 771 2913 Thadaeus
808 2873 1008 2923 Ugoletus.

59 2938 159 2976 forte
188 2939 336 2976 Romae
367 2936 484 2976 4475.
501 2937 538 2976 4.
554 2936 673 2974 editio
701 2946 803 2986 quae
821 2939 861 2973 et
875 2934 1012 2973 Audii-

57 2998 180 3036 fredio
198 2999 394 3046 innotuit,
414 3009 493 3036 una
508 3008 600 3036 cum
617 2996 762 3047 Aesopi
784 2997 1010 3034 Fab.LX11.

55 3060 221 3109 interpr.
242 3059 407 3096 Avieno.
424 3057 924 3103 Notandaeduae‚Parmae
939 3068 1008 3107 per

55 3121 115 3158 Fr.
141 3119 352 3170 Ugoletum
379 3120 496 3158 4544.
519 3119 556 3155 in
575 3118 612 3156 4.
632 3120 722 3167 (a-c.
753 3117 815 3156 cli.
848 3119 924 3166 44.)
951 3119 1005 3156 uti

55 3181 180 3231 prima
195 3180 244 3219 ab
264 3179 349 3219 Affo
371 3179 584 3229 descripta.
601 3180 651 3218 Et
668 3180 812 3228 (LXlV.
837 3180 1005 3225 tantum)

56 3253 146 3281 cum
177 3240 313 3280 ordine
341 3240 502 3292 vulyari
531 3251 603 3279 seu
633 3241 851 3280 Vernacula
884 3242 1005 3280 inter-

55 3304 274 3352 pretatione
294 3304 437 3353 cuique
468 3302 636 3340 disticho
659 3304 788 3341 soluto
818 3314 1000 3341 sermone

2015 245 2090 284 441

1133 300 1228 338 ibid.
1260 314 1328 352 per
1355 305 1592 344 Franciscus
1626 308 1834 358 Ugoletum
1860 313 1974 351 ⁴526.
2001 315 2038 351 in
2069 316 2090 352 4

1131 362 1206 407 (3-0
1243 363 1305 401 ch.
1340 365 1414 413 40.)
1452 367 1592 416 ligneis
1633 368 1694 419 fig.
1726 370 1952 421 elegantiss.
1981 376 2088 415 Hanc

1127 421 1214 461 Affo
1237 436 1307 463 nec
1328 428 1516 475 Pczzana,
1547 431 1614 478 qui
1636 429 1684 468 de
1709 430 1976 482 Scriptoribus
2000 438 2092 476 Par-

1130 494 1230 532 mae,
1259 497 1331 525 nec
1357 488 1422 526 alii
1445 489 1549 538 quod
1574 492 1695 529 sciam
1721 503 1956 545 cognovere,
1980 497 2089 537 Alias

1127 544 1322 586 editiones
1338 560 1401 587 an.
1421 551 1536 588 4483.
1556 553 1672 590 4485.
1700 555 1814 593 4493.
1844 557 1946 597 4505
1970 560 2085 598 4508.

1129 605 1245 645 1545.
1272 610 1386 648 4547.
1414 612 1531 650 4549.
1558 614 1740 652 452001.
1765 617 1941 657 Pezzana
1963 620 2001 658 in
2019 621 2087 660 ad-

1125 666 1296 707 ditiones
1325 670 1372 708 ad
1399 674 1535 723 script.
1582 675 1707 713 Parm.
1738 678 1913 717 ostendit
1941 692 2084 732 cogno-

1126 738 1243 767 visse.
1263 739 1275 778 )

1178 791 1427 842 sALOMON,
1450 797 1548 834 Baro
1569 808 1595 835 a
1613 799 1889 853 Ramsclzwa9‚
1908 806 2079 853 primum

1122 853 1349 900 MonachuS,
1367 861 1456 905 post
1479 868 1514 895 a.
1538 859 1629 898 894.
1654 860 1788 900 Abbas
1813 864 1852 902 S.
1877 863 1990 912 Galli,
2011 867 2080 906 de-

1123 925 1230 952 mum
1254 927 1289 953 a.
1313 917 1401 955 893.
1420 919 1646 970 Episcopus
1667 922 1991 972 constantiensis,
2010 931 2076 978 qui

1119 986 1152 1013 a.
1183 976 1273 1015 895.
1299 978 1473 1017 Concilio
1496 982 1740 1022 Triburiensi
1768 986 1958 1036 interfuit,
1983 990 2078 1029 obiit

1119 1047 1153 1074 a.
1179 1037 1270 1076 949.
1291 1039 1391 1088 Ejus
1422 1040 1616 1081 Carmina
1640 1045 1836 1094 quaedam
1857 1058 2076 1099 supersunt

1116 1097 1220 1136 edita
1246 1099 1294 1137 ab
1326 1101 1440 1140 Henr.
1473 1103 1632 1143 Canisio
1663 1107 1767 1145 Lect.
1793 1107 1884 1146 Ant.
1908 1114 2002 1148 tom.
2028 1113 2073 1151 ΙΙ.

1118 1164 1216 1207 part.
1249 1161 1283 1199 3.
1311 1173 1397 1212 pag.
1423 1162 1513 1202 235.
1545 1169 1586 1203 et
1617 1167 1654 1203 in
1694 1168 1790 1206 Bibl.
1824 1171 1892 1208 PP.
1924 1183 2014 1210 max
2046 1178 2073 1210 t.

1114 1221 1212 1258 xvi.
1244 1234 1278 1271 p.
1312 1223 1427 1262 4300.
1470 1225 1637 1276 Scripsit
1677 1239 1836 1280 quoque
1876 1232 2071 1281 Lexz'con,

1113 1292 1213 1330 opus
1238 1283 1401 1332 grande,
1427 1285 1473 1324 cle
1493 1291 1638 1337 septem
1655 1290 1813 1330 artibus
1834 1291 2068 1334 liberalibus

1110 1341 1175 1379 lib.
1200 1344 1226 1380 1.
1252 1343 1454 1393 Epc'stolas
1479 1348 1527 1385 ad
1553 1349 1748 1400 diversos,
1789 1355 1996 1394 Sermones
2025 1362 2066 1394 et

1111 1404 1242 1441 varios
1273 1406 1497 1445 Tractatus.
1520 1410 1764 1451 Trithemius
1784 1415 1833 1453 de
1859 1417 1955 1454 viris
1981 1418 2069 1457 illu-

1107 1465 1259 1503 stribus
1288 1466 1526 1507 Germaniae
1551 1482 1640 1521 pag.
1669 1473 1709 1511 7.
1746 1475 1830 1513 Jod·
1871 1479 2067 1518 Mezlerus

1105 1525 1154 1563 de
1187 1527 1283 1565 viris
1315 1528 1458 1567 illustr.
1484 1531 1524 1569 S.
1549 1531 1648 1570 Galli
1673 1534 1700 1571 1.
1724 1535 1786 1572 62.
1812 1537 1858 1574 ll.
1890 1539 1948 1575 16.
1975 1541 2066 1577 Pos-

1105 1589 1272 1627 sevinus
1302 1593 1396 1627 tom.
1427 1591 1474 1629 II.
1514 1592 1742 1643 Apparatus
1776 1608 1812 1647 p.
1845 1597 1932 1636 377.
1964 1601 2061 1638 Hist.

1106 1649 1284 1688 literaria
1308 1650 1458 1690 Galliae
1479 1657 1575 1691 tom.
1597 1655 1657 1694 VI.
1682 1668 1716 1706 p.
1745 1658 1833 1696 464.

1162 1711 1412 1758 SALOMON,
1461 1712 1669 1755 Toletanus
1711 1719 2061 1772 archipresbyter,

1107 1772 1211 1811 circa
1232 1784 1295 1811 an.
1318 1774 1434 1812 4077.
1452 1778 1620 1826 Scripsit
1650 1778 1828 1818 libellum
1858 1781 1905 1820 de
1934 1783 2059 1835 viryi-

1101 1833 1222 1872 nitate
1246 1836 1286 1873 S.
1316 1836 1472 1875 Mariae
1504 1838 1578 1877 Dei
1599 1839 1826 1890 Genitrz'cis‚
1859 1846 1932 1882 nisi
1956 1846 2057 1885 forte

1100 1899 1256 1933 tantum
1282 1895 1540 1949 descriptoris
1558 1912 1706 1940 munus
1728 1905 1934 1943 sustinuit.
1955 1908 2054 1946 Nam

1098 1957 1233 1995 notitia
1274 1957 1378 1996 illius
1414 1971 1464 1998 ex
1495 1961 1576 1999 sola
1607 1962 1725 2001 libelli
1757 1964 2050 2017 subscriptione

1099 2016 1281 2058 babetur.
1306 2020 1390 2057 Nic.
1418 2020 1580 2060 Antonii
1604 2024 1701 2062 Bibl.
1728 2026 1898 2077 Hispana
1926 2029 2049 2069 Vetus

1100 2078 1178 2117 Vll.
1212 2082 1246 2119 4.
1279 2093 1316 2119 n.
1350 2083 1385 2121 9.

1148 2140 1424 2191 SALONIUS‚
1464 2146 1651 2187 Eucherii
1680 2150 1865 2202 Episcopi
1894 2153 2050 2203 Lugdu-

1097 2203 1233 2241 nensis
1263 2203 1381 2252 filius,
1414 2206 1451 2244 in
1478 2211 1718 2248 monasterio
1744 2213 1936 2251 Lirinensi
1958 2214 2054 2253 edu-

1095 2267 1220 2311 catus,
1238 2265 1428 2304 Salviano
1454 2272 1494 2305 et
1518 2270 1715 2308 Honorato
1738 2274 2052 2314 Massiliensibus

1096 2335 1168 2362 nec
1207 2336 1284 2363 non
1318 2328 1524 2366 Vincentio
1556 2331 1749 2369 Lirinensi
1787 2338 2052 2384 praeceptori-

1094 2384 1170 2424 bus
1201 2398 1313 2426 usus.
1343 2389 1488 2428 Factus
1517 2389 1706 2442 deinceps
1724 2393 1946 2444 Episcopus
1971 2407 2047 2434 non

1095 2447 1346 2498 Viennensis,
1379 2455 1422 2490 ut
1446 2451 1567 2502 vulgo
1597 2452 1780 2503 credunt,
1812 2465 1885 2492 nec
1914 2455 2048 2495 Genu-

1094 2509 1229 2558 ensis‚
1260 2510 1329 2548 sed
1375 2511 1637 2551 Genevensis.
1676 2514 1736 2552 Ab
1764 2526 1810 2553 eo
1839 2515 1942 2554 edita
1985 2523 2047 2555 est

1093 2568 1302 2619 Eoeposz'tz'o
1332 2572 1499 2622 mystica
1529 2573 1570 2610 in
1601 2572 1828 2614 Parabolas
1873 2576 2048 2616 Salomo-

1092 2629 1152 2668 nis
1181 2634 1219 2668 ec
1262 2631 1551 2681 Ecclesiascen,
1593 2646 1660 2684 per
1701 2636 1862 2675 modum
1901 2637 2043 2689 dialogi

1092 2691 1193 2728 inter
1224 2693 1354 2741 ipsum
1379 2699 1418 2731 ct
1440 2695 1653 2733 Veranium
1688 2697 1861 2736 fratrem.
1899 2700 2043 2738 Prodiit

1090 2753 1285 2791 seorsium
1313 2755 1519 2804 llaganoae
1546 2757 1660 2796 4532.
1689 2758 1722 2795 4.
1743 2769 1793 2797 ex
1813 2761 1968 2800 officina
1984 2763 2042 2800 Jo.

1088 2813 1246 2864 Secerii,
1293 2816 1443 2855 inserta
1483 2817 1626 2857 deinde
1672 2821 2041 2872 Micropresbytico,

1085 2875 1478 2929 orthodoxographis
1514 2880 1668 2918 lleroldi
1694 2885 1734 2918 et
1756 2882 1942 2932 Grynem,
1968 2896 2040 2922 nec

1087 2947 1161 2974 non
1188 2938 1442 2978 Bibliothecis
1468 2942 1642 2980 l'atrum.
1662 2942 1828 2992 Scripsit
1848 2954 1939 2981 cum
1966 2945 2039 2983 fra—

1085 3002 1143 3035 tre
1173 2998 1331 3038 laudato
1349 3000 1565 3052 Epistulam
1582 3002 1629 3040 ad
1648 3004 1817 3041 Leonem
1838 3006 2039 3055 Magnum,

1081 3070 1184 3108 quae
1215 3061 1252 3097 in
1297 3062 1486 3111 Epistolis
1519 3063 1638 3112 hujus
1667 3069 1822 3111 exstat,
1857 3077 1928 3104 nec
1960 3078 2035 3105 nou

1082 3126 1177 3157 tom.
1206 3121 1266 3158 lV.
1299 3123 1563 3161 Conciliorum
1588 3135 1674 3174 pag.
1700 3125 1816 3163 4038.
1838 3127 1952 3165 Plura
1967 3127 2035 3166 da—

1081 3182 1179 3220 bunt
1208 3182 1308 3220 Aub.
1339 3184 1507 3222 Miraeus
1531 3184 1579 3223 de
1605 3187 1863 3235 scriptoribus
1881 3188 2030 3227 Eccles.

1079 3254 1111 3279 n.
1143 3243 1204 3291 90.
1235 3248 1274 3280 et
1307 3245 1472 3282 Histoire
1506 3246 1675 3284 literaire
1704 3247 1753 3285 de
1779 3248 1811 3285 la
1840 3249 1985 3287 Franco
2004 3254 2030 3286 t.

1081 3305 1123 3341 li.
1151 3315 1233 3353 pag.
1263 3305 1343 3342 2:33.
1364 3306 1455 3343 l‘iiil.
1478 3307 1590 3343 liissii
1612 3309 1930 3347 Encomiasticon
1951 3309 2031 3348 Au-

1659 3389 1680 3424 '2
1694 3387 1740 3424 07
