2517 4009
822 223 1315 265 PEREGRlNUS

82 310 141 343 ter
170 305 296 343 lucem
329 298 453 346 vidit,
475 298 691 336 novissime
718 298 754 334 in
781 296 1034 349 Lugdunensi

84 372 180 405 tom.
209 364 331 404 XVll.
361 373 446 413 pag.
479 360 567 399 456.
598 361 675 398 Hoc
705 365 766 398 est
795 359 898 410 quod
939 360 1034 397 Pro-

71 425 345 481 puqnaculum
371 422 484 462 Fidei
504 420 698 460 adversus
723 421 911 460 haereses
932 422 1034 460 Can-

82 491 170 542 gius
198 487 380 539 appellat.
411 486 511 523 infra
529 517 539 533 ,
571 484 846 523 PlLGRlMUS.

130 549 446 591 PEREGRINUS
456 548 670 587 Monachus
682 547 919 592 Germanus,
937 546 1035 584 scri-

77 618 166 665 ptor
194 611 342 664 speculi
373 611 577 661 virginum
609 610 712 661 quod
745 611 782 647 in
813 609 910 648 Bibl.
936 609 1033 648 San-

81 674 335 727 germanensi
377 672 471 712 Cod.
517 673 605 711 367.
649 673 800 711 evolvit
831 672 1030 721 Gangius.

78 738 164 776 sive
193 736 435 787 dialogorum
459 738 561 774 inter
591 736 844 786 Peregrinum
869 733 1032 785 presby-

77 804 207 839 terum
238 802 278 837 et
293 798 542 837 Theodorum
562 798 774 848 Virginem.
792 796 889 835 Vide
911 807 1030 846 supra

78 863 116 900 in
147 857 383 901 CONRADO
420 859 702 911 Hirsauqiensi
729 864 756 896 t.
787 862 822 898 4.
852 871 885 909 p.
919 859 1030 896 4466.

77 923 340 963 Trithemium
374 924 420 961 ll.
447 922 535 962 403.
562 922 704 960 illustr.
725 920 969 960 Benedictin.
994 924 1033 957 et

78 987 117 1024 in
149 985 343 1026 Chronico
381 985 646 1034 llirsaugiensi
677 983 723 1022 ad
754 983 826 1022 An.
860 985 973 1022 4434.
1005 987 1033 1019 t.

79 1050 114 1088 4.
146 1059 231 1099 pag.
263 1047 351 1087 383.
383 1058 466 1098 seq.
498 1047 561 1086 ubi
592 1047 646 1085 ait
675 1057 766 1084 eum
797 1045 871 1084 sub
913 1043 1031 1082 Pere-

73 1109 185 1161 9rini
225 1110 384 1148 nomine
428 1109 554 1148 multa
596 1108 797 1159 praeclara
842 1107 1031 1158 opuscula

78 1183 221 1211 nomen
253 1182 370 1210 suum
403 1183 452 1210 ex
496 1170 720 1209 humilitate
763 1169 1032 1208 occultantem

78 1235 292 1285 vulgasse,
321 1238 440 1283 atque
470 1232 615 1270 obiisse
659 1230 849 1281 majorem
880 1235 1036 1280 octoge-

78 1297 188 1335 nario
217 1295 332 1344 (circa
361 1293 437 1332 An.
468 1293 596 1341 4490.)

131 1356 398 1397 PEREGRINI
437 1356 670 1398 Sermones,
701 1353 749 1392 de
779 1358 958 1405 tempore
997 1359 1037 1393 et

80 1419 130 1459 de
158 1420 320 1459 Sanctis
349 1429 420 1469 per
449 1419 540 1456 anni
584 1417 806 1465 clrculum,
837 1416 931 1456 editi
961 1417 1034 1456 An.

81 1483 198 1522 4484.
230 1482 346 1521 4493.
377 1481 492 1519 4495.
535 1480 685 1519 Auctor
727 1481 1035 1526 Dominicanus‚

80 1545 284 1596 superiore
315 1543 487 1582 multum
513 1543 668 1593 eloquio
693 1543 852 1581 inferior
875 1548 914 1580 et
938 1547 1039 1581 tem—

77 1619 174 1659 pore
198 1618 357 1658 quoque
381 1607 588 1656 posterior,
614 1609 775 1644 notante
800 1605 937 1643 eodem
957 1606 1040 1643 Tri—

83 1669 233 1708 themio
262 1680 335 1720 cap
378 1667 468 1707 384.
499 1667 547 1706 de
579 1668 617 1707 S.
647 1668 689 1706 E.
722 1668 790 1706 Hic
811 1671 873 1706 est
893 1668 1041 1706 PERE-

81 1731 267 1772 GRlNUS
297 1730 465 1770 Polonus
494 1731 596 1769 circa
628 1729 704 1769 An.
736 1731 850 1770 4322.
879 1730 928 1768 de
959 1741 1035 1780 quo

80 1794 374 1835 Staravolscius
403 1795 442 1831 in
474 1794 687 1832 Centuriae
717 1804 812 1832 suae
841 1804 875 1831 c.
904 1792 968 1831 75.
996 1799 1036 1829 et

79 1857 250 1897 Jacobus
280 1857 419 1903 Quetif
445 1862 539 1894 tom.
572 1858 605 1894 4.
638 1867 725 1907 pag.
756 1857 844 1895 554.
874 1866 956 1905 seq.

133 1919 454 1960 PEREGRINUS
483 1929 552 1969 pro
581 1918 811 1957 Catholicae
833 1918 939 1957 Fidei
969 1930 1036 1957 an-

81 1983 264 2033 tiquitate
294 1987 334 2020 et
377 1982 646 2021 Universitate
676 1980 872 2020 adversus
902 1980 1038 2019 haere-

82 2044 187 2084 ticos.
219 2046 337 2084 Paris.
370 2044 485 2084 4586.
517 2045 550 2082 4.
582 2031 672 2082 cu¹m
703 2043 923 2082 Phoebadio
947 2055 1039 2083 coi:-

83 2114 142 2146 tra
167 2108 386 2148 Constantii
417 2106 606 2154 edictum,
626 2107 792 2145 Martino
817 2107 1036 2146 Turonensi

84 2170 134 2208 de.
158 2170 228 2210 SS.
256 2170 474 2217 Trinitate,
504 2170 684 2219 aliisque.
708 2170 812 2208 Infra
833 2169 1041 2209 VINCEN-

84 2234 198 2273 TIUS
226 2231 461 2272 Lerinensis.
493 2231 588 2271 Vide
618 2234 659 2271 B.
682 2233 876 2271 Vincentii
899 2232 1036 2271 Placcii

85 2295 384 2346 Pseudonymos
414 2306 523 2334 num.
553 2295 671 2334 2064.
696 2308 734 2346 p.
764 2296 854 2333 490.
882 2306 965 2345 seq.

134 2356 454 2398 PEREGRINUS
483 2357 795 2407 Laureaeensis,
825 2369 914 2408 pag.
948 2358 1037 2396 244.

80 2425 121 2459 et
149 2420 277 2466 infra,
308 2418 589 2457 PlLGRlMUS.

143 2482 429 2520 Testamentum
458 2480 731 2531 quotidianum
759 2482 1040 2527 PEREGRINI,

85 2548 225 2584 auctor
251 2543 422 2581 Joannes
450 2542 648 2582 GERSON
666 2574 675 2590 ‚
709 2545 881 2590 inicuius
905 2544 1041 2594 Operi-

84 2606 161 2646 bus
190 2608 325 2645 exstat
354 2608 450 2643 tom.
482 2605 518 2643 3.
547 2616 633 2655 pag.
664 2605 740 2642 762
770 2605 862 2644 765.

140 2666 277 2708 Passio
321 2667 360 2706 S.
407 2666 675 2705 PEREGRIM
723 2666 1043 2705 Antissiodoreu-

86 2731 189 2770 sium
219 2730 335 2781 primi
367 2729 552 2780 Episcopi
582 2734 623 2768 et
651 2731 860 2780 Martyris,
893 2732 929 2769 in
959 2730 1043 2768 Phi-

86 2793 181 2845 lippi
211 2791 355 2831 Labbei
389 2795 485 2830 tom.
530 2793 566 2830 4.
608 2791 872 2830 Bibliothecae
917 2804 1041 2831 novae.

84 2854 446 2904 Manuscriptorum
477 2864 514 2904 p.
546 2853 634 2892 526.
668 2854 758 2893 528.
787 2861 827 2893 et
859 2857 894 2892 in
932 2854 1044 2893 Actis

90 2918 328 2957 Sanctorum
360 2919 457 2956 tom.
487 2916 522 2955 3.
552 2915 639 2966 Maji
671 2916 733 2956 46.
763 2928 849 2968 pag.
881 2918 957 2956 563
983 2928 1041 2968 sq.

90 2978 234 3020 Confer
262 2987 364 3027 quae
407 2977 455 3016 de
496 2977 634 3017 eodem
678 2979 886 3029 Peregrino
927 2991 1043 3030 quem

91 3042 195 3081 circa
213 3039 258 3079 Α.
277 3039 369 3078 259.
393 3038 507 3089 ajunt
528 3040 846 3080 Autissiodorum
875 3044 1046 3091 venisse,

93 3107 131 3144 in
162 3103 287 3155 gestis
315 3102 600 3152 Episcoporum
639 3102 1045 3144 Ant-issiodorensium

92 3165 196 3219 apud
229 3163 402 3204 eundem
435 3164 635 3203 Labbeum
669 3176 703 3214 p.
737 3166 824 3204 444.
856 3177 938 3216 seq.

153 3226 468 3269 PEREGRlNUS
493 3224 740 3278 Simplicius,
758 3237 874 3277 supra
892 3233 985 3266 tom.
1013 3230 1048 3268 53.

95 3303 184 3344 pag.
216 3289 306 3329 494.

148 3350 323 3391 Jacobus
354 3351 509 3389 Plissliz
541 3353 625 3388 sive
673 3351 973 3402 l‘ERETSlUs,
1003 3353 1050 3390 (le

1979 225 2057 265 2⁴5

1111 308 1189 347 quo
1221 297 1470 337 Colomesius
1498 309 1535 348 p.
1580 297 1668 337 447.
1693 297 1900 349 Hispaniae
1924 298 2060 335 Orien-

1112 359 1213 397 talis.
1246 359 1340 398 Vide
1371 371 1491 410 supra
1519 359 1740 400 JACOBUS
1763 358 1810 398 de
1832 357 2006 399 Valentia
2028 363 2055 396 t.

1109 422 1169 459 lV.
1201 433 1288 474 pag.
1320 424 1408 461 340.

1161 485 1261 532 (246.
1284 485 1480 524 PERGER
1503 485 1705 524 Bernardi
1735 487 1774 523 in
1805 484 1977 525 Consilio
2006 485 2060 522 ci-

1106 549 1215 586 vium
1246 548 1529 586 Viennensium
1547 560 1615 598 pro
1642 549 1836 587 invictiss.
1850 549 2057 586 Romanor.

1106 611 1251 657 Regem
1284 612 1550 659 viceregentis
1577 611 1713 650 Oratio
1735 610 1774 648 in
1801 610 1941 662 funere
1961 611 2060 649 San-

1106 676 1190 710 ctae
1218 683 1331 710 mem.
1362 671 1561 711 Frz'dericz'
1589 674 1650 712 lll.
1682 675 1788 712 Rom.
1819 674 1915 724 Imp.
1949 672 2059 711 Vien-

1105 746 1180 772 nae
1211 732 1363 772 habita.
1395 734 1526 773 Editio
1573 736 1658 773 sine
1702 741 1791 774 nota
1824 737 1934 775 Saec.
1978 736 2060 774 XV.

1110 798 1281 847 (Romae)
1309 798 1345 834 in
1365 796 1402 836 4.
1419 797 1480 835 ch.
1508 798 1542 835 4.
1568 798 1688 849 Ιηοίρ.
1709 797 1864 837 Mallem
1885 797 2062 838 Serem’s-

1105 871 1137 899 s.
1160 871 1208 898 ac
1223 859 1423 912 potentiss.
1437 859 1635 912 princeps,
1661 860 1943 899 Maoeimiliane
1961 862 2000 900 S.
2018 863 2062 900 R.

1110 923 1141 961 I.
1166 921 1392 960 moderator
1416 925 1452 960 et
1471 933 1562 961 reoe.
1580 924 1714 961 Desin.
1740 934 1808 962 nec
1829 924 1939 962 vires
1959 935 2061 974 quae

1110 985 1246 1024 Turcis
1264 985 1436 1024 minores
1458 989 1561 1035 sunt,
1589 983 1849 1025 indubitatam
1868 987 2063 1039 promitti-

1107 1058 1194 1086 mus
1218 1049 1259 1084 in
1283 1048 1359 1085 Deo
1382 1048 1605 1086 victoriam.
1630 1049 1688 1086 Me
1714 1060 1832 1099 prope
1858 1054 1979 1088 extat.
2000 1050 2007 1097 J

1161 1110 1453 1149 PERPETUUS
1484 1111 1704 1160 Episcopus
1733 1111 1782 1149 ab
1803 1110 1846 1149 Α.
1873 1110 1963 1150 464.
1988 1112 2066 1150 Tu-

1110 1174 1320 1218 ronensis,
1350 1174 1464 1211 cuius
1510 1173 1794 1212 Testamentum
1825 1174 1948 1212 edidit
1995 1176 2066 1212 Da-

1108 1234 1268 1272 cherius
1298 1239 1392 1272 tom.
1425 1236 1468 1270 V·
1499 1236 1674 1285 spicileg.
1704 1248 1790 1287 pag.
1824 1237 2063 1285 ⁴05.<t.111.

1109 1295 1203 1334 edit.
1243 1306 1367 1333 novae
1412 1307 1495 1345 pag.
1544 1297 1646 1343 303.)
1680 1298 1768 1337 inde
1806 1310 1992 1338 recusum
2027 1300 2063 1336 in

1109 1357 1220 1396 Actis
1265 1358 1500 1396 Sanctorum
1546 1363 1640 1397 tom.
1674 1361 1708 1399 4.
1752 1361 1897 1411 Aprilis
1927 1363 1962 1400 8.
2001 1362 2064 1400 ubi

1110 1420 1220 1470 plura
1251 1419 1325 1457 hoc
1355 1419 1404 1457 de
1429 1421 1623 1471 Perpetuo
1648 1428 1833 1461 annotata
1860 1424 1982 1462 lector
2006 1435 2066 1462 re.-

1110 1482 1247 1532 periet.
1278 1481 1376 1520 Vide
1406 1486 1447 1520 et
1475 1494 1576 1533 quae
1606 1484 1652 1522 ad
1686 1484 1891 1524 Sidonium
1923 1486 2068 1536 Apolli-

1111 1555 1247 1583 narem
1278 1549 1318 1583 et
1346 1545 1393 1583 ad
1424 1544 1656 1597 Gregorium
1688 1548 1960 1586 Turonensem
1988 1548 2066 1584 Viri

1111 1607 1242 1655 docti,
1274 1612 1314 1646 et
1344 1609 1673 1648 Sammarthanos
1696 1614 1791 1648 tom.
1818 1612 1851 1649 4.
1878 1621 1962 1660 pag.
1992 1610 2068 1648 736

1114 1675 1154 1707 et
1183 1671 1382 1710 Francisci
1408 1673 1532 1710 Jureti
1565 1677 1679 1712 notas
1707 1673 1754 1712 ad
1786 1673 1992 1712 Paulinum
2019 1672 2067 1710 de

1113 1734 1194 1771 vita
1218 1734 1372 1772 Martini
1390 1735 1611 1773 Turonens.
1631 1735 1715 1774 libri
1739 1736 1801 1774 VI.
1819 1747 1980 1774 versum
2004 1735 2066 1773 28.

1163 1795 1469 1849 Chrz'stophorus
1486 1798 1822 1849 PERSONA,sup.
1841 1804 1868 1836 t.
1892 1799 1906 1836 4
1930 1810 1965 1849 p.
1977 1797 2067 1843 348.

1164 1857 1375 1898 Gobelmus
1404 1861 1643 1900 PERSONA.
1674 1865 1769 1900 tom.
1802 1861 1838 1900 3.
1870 1872 1906 1911 p.
1939 1860 2004 1899 63.

1161 1920 1390 1973 Arzonymus
1419 1923 1697 1962 PERUSINUS
1728 1925 1834 1962 circa
1866 1923 1938 1962 An.
1967 1924 2070 1962 4445

1109 1984 1327 2023 Monachus
1357 1984 1492 2023 Ordin.
1520 1986 1666 2024 Bened.
1685 1988 1854 2037 scriptor
1878 1986 2068 2025 Actorum

1110 2052 1150 2086 et
1179 2047 1456 2087 Miraculorum
1487 2049 1526 2087 S.
1559 2047 1779 2087 Herculani
1806 2050 1892 2087 sive
1920 2049 2072 2087 Hercu-

1112 2109 1212 2148 liam'
1254 2111 1438 2161 Episcopi
1478 2112 1655 2150 Perusini
1686 2116 1726 2150 et
1768 2113 1965 2162 Martyris.
1994 2112 2074 2150 Ex—

1113 2177 1222 2211 stant
1247 2173 1310 2212 illa
1342 2174 1378 2211 in
1413 2173 1524 2213 Actis
1555 2175 1792 2214 Sanctorum
1824 2179 1851 2212 t.
1883 2176 1918 2213 4.
1948 2175 2073 2213 Martii

1115 2237 1149 2274 4.
1174 2246 1260 2286 pag.
1293 2237 1353 2275 54.
1387 2237 1484 2274 etin
1513 2238 1703 2275 Tractatu
1733 2238 1999 2288 praeliminari
2024 2235 2070 2274 ad

1113 2302 1208 2335 tom.
1239 2299 1272 2336 4.
1303 2298 1394 2337 Julii
1427 2310 1500 2350 cap
1544 2301 1580 2338 4.
1610 2304 1731 2350 atque
1776 2300 1987 2350 integriora
2034 2301 2070 2336 in

1114 2360 1302 2398 Bernardi
1333 2362 1435 2399 Pezii
1465 2361 1670 2400 anecdotis
1702 2366 1797 2400 tom.
1828 2362 1867 2400 2.
1894 2366 2005 2411 parte
2037 2361 2071 2398 3.

1114 2433 1207 2472 pag.
1235 2423 1325 2462 425.
1355 2423 1445 2462 444.

1167 2483 1287 2523 Feliae
1318 2485 1612 2525 PETANClUS.
1643 2487 1737 2537 Sup.
1770 2491 1796 2525 t.
1829 2487 1863 2524 2.
1889 2498 1923 2535 p.
1956 2486 2046 2524 5567.

1166 2547 1498 2586 PETAVIANUM
1529 2549 1751 2587 Chronicon
1784 2548 1832 2587 ab
1856 2549 1900 2586 Α.
1926 2549 1967 2587 C.
1994 2549 2071 2586 688

1114 2608 1161 2646 ad
1196 2610 1312 2648 4445.
1341 2621 1389 2647 ex
1420 2611 1614 2648 Manuser.
1660 2611 1874 2649 Alexandri
1924 2613 2071 2650 Petavii

1115 2671 1266 2710 editum
1299 2671 1347 2709 ab
1377 2670 1540 2710 Andrea
1572 2672 1624 2710 du
1655 2672 1812 2711 Chesne
1843 2677 1870 2710 t.
1896 2674 1930 2712 3.
1956 2674 2075 2711 Fran-

1115 2744 1192 2772 cor.
1226 2745 1313 2784 pag.
1344 2734 1436 2772 349.
1468 2734 1560 2774 354.

1169 2793 1537 2833 PETERMANNUS
1557 2794 1773 2841 Ettem'nus,
1799 2799 1935 2833 auctor
1951 2794 2074 2833 Chro-

1118 2857 1194 2894 nici
1227 2856 1417 2895 Helvetici
1448 2857 1520 2895 An.
1556 2858 1657 2895 4ῧο7
1689 2869 1737 2896 ex
1767 2869 1844 2907 quo
1884 2857 2071 2896 nonnulla

1117 2919 1292 2957 Joannes
1323 2919 1492 2958 Wolssus
1523 2925 1617 2958 tom.
1650 2922 1686 2958 2.
1728 2921 1882 2958 lection.
1929 2931 2074 2958 memo-

1121 2981 1305 3020 rabilium
1338 2993 1423 3033 pag.
1458 2982 1518 3020 12.

1172 3044 1480 3092 ΡΕΤΙΙᾸΑΜῙΞ,
1499 3045 1739 3094 promaelius
1756 3045 2072 3083 Donatistarum.

1120 3110 1160 3144 et
1189 3107 1384 3145 Cirtensis
1428 3108 1513 3144 sive
1552 3107 1875 3144 Constantiensis
1922 3109 1957 3144 in
1997 3109 2074 3146 bu-

1122 3167 1239 3206 midia
1272 3169 1518 3219 Episcopus,
1551 3180 1692 3219 magna
1725 3181 1814 3219 pars
1845 3170 2074 3208 Collationis

1122 3230 1461 3274 Carthaginiensis
1504 3231 1546 3269 A.
1594 3232 1635 3269 C.
1683 3232 1768 3271 444.
1802 3231 1898 3280 Ejus
1930 3232 2071 3271 librum

1124 3291 1168 3328 dr
1194 3291 1306 3329 unico
1334 3291 1536 3342 baptismo,
1555 3295 1742 3337 singulari
1769 3296 1912 3345 scripto
1939 3295 1976 3333 S.
1996 3295 2074 3333 Au—

1128 3355 1336 3405 gustinus.
1368 3360 1402 3391 et
1436 3356 1508 3393 alio
1542 3355 1753 3408 Epistolam
1783 3356 1868 3405 ejus
1897 3358 2054 3396 conluta
