2517 4009
928 183 1291 224 SIDONIUS

113 276 224 304 nemo
248 263 482 310 damnatur,
507 269 609 310 qzcae
633 259 772 294 contra
793 266 942 293 morem
971 254 1068 293 alio-

112 339 204 366 rum
211 325 398 378 judicum
417 321 639 373 confitentes
654 329 785 357 omues
802 317 984 365 absolve,
1003 317 1074 356 secl

108 401 185 441 per
194 387 408 441 Justitiam.

171 449 384 502 Confessus
407 444 655 493 absolvitur)
695 444 877 481 Ruricius
918 441 1076 480 Sidonio

116 515 182 553 lib.
209 515 243 552 l.
264 523 325 561 ep.
348 511 383 547 8.
411 504 751 546 Praedicantibus
774 503 886 543 vobis
916 503 1076 555 saepius

117 573 279 613 audisse
303 582 363 609 me
378 568 532 618 recolo,
555 566 781 606 nullatenus
805 564 856 604 ab
886 565 1076 617 iniquita-

118 634 224 675 tibus
246 643 317 672 nos
332 641 450 682 posse
470 629 664 682 purqari,
691 628 772 667 uisi
783 627 982 679 fuerimus
999 626 1078 664 cri-

116 696 226 735 mina
244 697 395 741 nostra,
418 690 656 730 conscientia
684 692 961 740 compunyente
990 698 1078 725 con-

115 758 225 811 fessi.

170 819 262 859 ibid.
288 822 367 856 not.
394 817 524 855 Porro
547 815 706 862 autem)
746 812 836 852 add.
873 811 963 850 vide
1000 812 1079 850 Ru-

117 883 256 922 ricium
281 880 483 919 Ominatio
504 879 530 916 l.
553 878 592 915 2.
617 889 677 927 ep.
699 876 762 914 27.

172 944 238 984 lv.
256 944 317 982 45.
336 954 376 992 p.
392 941 481 980 264.
498 938 718 978 ELAPHIO
737 937 746 984 l
762 937 944 975 Ruricius
961 946 1022 985 ep.
1041 934 1077 971 7.

119 1008 144 1045 l.
169 1007 206 1045 2.
233 1006 380 1043 Domno
409 1000 586 1048 sublimi,
613 1009 845 1050 semperque
872 995 1079 1047 maynifico

115 1066 245 1120 fratri
269 1063 432 1116 Elaphio
453 1061 638 1102 Ruritius
653 1059 886 1110 Episcopus.

171 1141 209 1179 p.
242 1128 332 1167 265.
360 1130 441 1164 not.
472 1123 669 1175 Epuluml
707 1121 798 1160 add.
837 1121 1004 1169 illosque
1031 1117 1080 1156 ad

119 1193 352 1230 Tractatum
374 1198 508 1226 meum
531 1186 579 1224 de
601 1185 762 1222 Fratriis
789 1183 934 1232 relego.

173 1253 236 1291 IV.
260 1251 321 1290 ⁴6.
347 1262 383 1301 p.
409 1248 500 1288 6267.
540 1244 766 1292 RUBICIO)
801 1245 896 1283 Viro
921 1243 1079 1281 inlustri

118 1326 169 1353 ex
198 1324 343 1364 genere
363 1311 620 1357 Aniciorum,
663 1307 808 1345 Omatii
847 1306 918 1343 viri
955 1315 1082 1354 aeque

118 1375 302 1415 inlustris
326 1383 470 1425 genere
493 1402 502 1419 ,
528 1381 675 1422 genero
690 1400 700 1416 ,
722 1368 872 1406 Iberiae
896 1364 1053 1415 conjugi
1073 1393 1081 1411 ,

115 1438 146 1490 j.
168 1436 299 1476 Carm.
323 1436 406 1474 XL.
445 1433 592 1473 Sidonii
625 1431 752 1469 amico
793 1433 834 1467 et
870 1427 1082 1474 Imitatori,

124 1504 170 1538 ut
191 1510 240 1536 ex
265 1497 340 1536 hac
364 1495 518 1546 epistol.
545 1498 585 1531 et
605 1505 666 1543 ep.
692 1491 792 1529 vlu.
814 1490 880 1528 lib.
911 1490 938 1527 1.
969 1489 1083 1526 Ruri-

120 1562 167 1600 cii
192 1559 240 1599 ad
273 1558 479 1598 Sidonium
506 1558 694 1593 constat:
733 1557 870 1603 postea
902 1550 1084 1588 Lemovi-

119 1623 230 1661 censi
255 1621 479 1671 Episcopo,
501 1618 707 1655 Fortunat.
733 1614 798 1652 lib.
826 1615 862 1652 l.
892 1623 1014 1651 carm.
1045 1612 1082 1649 5.

124 1685 188 1723 cui
205 1683 353 1721 multas
369 1680 529 1730 scripsit
549 1677 738 1729 epistolas
757 1678 934 1714 Faustus
950 1706 960 1723 ,
985 1685 1084 1712 non-

120 1745 254 1785 nullas
276 1744 480 1790 Graecus,
510 1741 749 1786 Caesarius,
779 1737 974 1784 Sedatus,
1005 1737 1085 1774 Eu-

122 1808 292 1850 frasius,
317 1806 544 1844 Victorinus
564 1834 572 1852 ,
592 1801 834 1847 TurentiuS,
861 1809 962 1848 quas
991 1808 1083 1836 cum

123 1868 282 1907 duobus
301 1867 411 1906 libris
435 1865 693 1916 epistolarum
719 1860 901 1911 eJ'usdem
933 1859 1084 1897 Ruricii

124 1929 320 1969 debemus
341 1928 498 1967 Canisio
519 1927 563 1964 V.
584 1930 664 1975 opt.
686 1929 726 1962 et
749 1922 930 1962 eruditis.
962 1922 1086 1959 Extat

123 1995 262 2030 autem
278 1990 344 2028 lib.
368 1991 404 2028 l.
421 2000 483 2039 ep.
503 1989 542 2026 8.
563 1987 610 2026 ad
636 1986 842 2024 Sidonium
862 2013 869 2032 ,
892 1984 954 2022 cui
978 1982 1088 2021 Sido-

128 2054 219 2091 nius
241 2050 457 2102 respondet
476 2050 560 2088 hac.
586 2050 702 2099 epist.

181 2114 332 2154 1V521.
358 2125 394 2164 p.
420 2112 512 2152 280.
537 2110 726 2158 ASPRO)
752 2108 841 2147 add.
867 2107 918 2146 At
940 2108 1004 2146 ille
1030 2109 1088 2145 ni-

127 2177 204 2215 mis
228 2186 369 2226 aspere
393 2177 434 2212 et
464 2172 708 2211 illiberaliter
746 2181 819 2208 nos
849 2173 1087 2220 aspernatus

127 2242 215 2285 est,
254 2241 374 2287 atque
417 2235 558 2274 durius
595 2234 749 2284 accepit
771 2261 779 2278 ,
822 2242 942 2281 quam
996 2231 1086 2268 belli

128 2299 310 2336 homines
348 2297 504 2343 solent,
546 2297 583 2332 in
631 2295 741 2333 hisce
788 2293 1088 2332 commentariis

129 2358 325 2409 quaedam
342 2357 456 2395 aliter
473 2361 633 2406 accepta
652 2367 772 2406 quam
790 2356 874 2405 ipse
890 2354 1061 2392 voluerit
1078 2365 1087 2401 ς

127 2431 272 2458 verum
294 2424 427 2457 tamen
449 2418 522 2454 etsi
545 2416 825 2454 remaledicere
843 2416 983 2462 liceat,
1008 2426 1085 2451 non

129 2480 407 2521 remaledicam
426 2508 434 2527 ,
457 2489 529 2516 nec
546 2477 728 2527 injuriam
749 2477 898 2514 ultione
913 2476 1086 2522 solabor,

129 2554 221 2582 cum
245 2541 350 2592 quod
373 2541 628 2579 Christianus
647 2543 687 2576 et
711 2538 815 2576 dicto
846 2539 950 2586 regis
971 2537 1090 2574 obau-

130 2604 258 2652 diens,
284 2609 368 2642 tum
392 2603 483 2653 quia
509 2601 602 2639 mihi
621 2600 854 2649 religiosus,
878 2602 1090 2636 concretus

132 2666 293 2718 quidem
317 2664 524 2715 hispidus,
550 2663 731 2700 hirsutus
751 2691 758 2709 ,
784 2659 854 2697 sed
876 2659 1089 2696 venerabili

127 2728 316 2778 squalore
334 2727 533 2777 pretiosus
552 2755 560 2769 ‚
581 2724 685 2762 birro
702 2714 891 2767 detritus,
909 2725 949 2758 at
967 2721 1091 2758 multo

133 2800 267 2827 rerum
289 2799 363 2827 usu
379 2788 499 2825 tritus
524 2790 563 2823 et
593 2784 738 2834 ingenii
775 2781 1093 2830 versatilis,jus-

135 2860 184 2888 su
222 2848 445 2887 moribundi
487 2847 596 2884 senis
627 2845 808 2883 retulerit
847 2844 976 2892 ipsum
1021 2843 1092 2880 has

134 2911 299 2960 injurias
340 2911 550 2959 scripsisse
592 2908 718 2946 aliena
761 2905 836 2943 lide
861 2934 868 2952 ,
903 2904 1094 2953 jussisse-

137 2983 215 3022 que
237 2975 281 3010 ut
310 2971 472 3021 spongia
498 2969 668 3007 deletilis
697 2967 989 3017 adpingeretur.
1021 2966 1095 3004 Ca-

136 3034 312 3073 lumniae
353 3037 488 3071 tamen
530 3030 716 3068 invidiam
756 3028 944 3075 amoliar,
989 3033 1093 3065 tomo

139 3097 200 3134 Vl.
227 3106 260 3133 a.
283 3096 326 3134 C.
364 3094 453 3132 484.
491 3094 548 3131 sic
591 3093 672 3137 ait,
720 3089 775 3127 ad
817 3088 1095 3139 Aprunculum

138 3156 240 3195 hunc
280 3158 460 3206 spectare
496 3152 675 3199 videtur,
710 3151 816 3201 Aper
865 3149 926 3187 ille
964 3149 1095 3188 itidem

137 3216 386 3256 Arvernensi
411 3219 539 3254 matre
563 3217 701 3261 ortus,
727 3216 762 3250 et
784 3211 980 3250 Arvernis
1005 3211 1093 3250 edu-

133 3282 273 3324 catus,
316 3277 371 3316 ad
412 3288 528 3328 quem
567 3278 683 3314 emeat
722 3272 896 3325 ejusdem
948 3272 1099 3312 Sidonii

2031 175 2109 213 126⁹

1144 252 1308 304 epistola
1332 251 1395 290 leb.
1428 254 1464 291 V.
1485 263 1541 303 ep.
1568 252 1630 289 21,
1655 261 1735 300 qua
1748 248 1802 286 ad
1816 246 2000 298 patriam
2020 255 2112 284 eum

1147 314 1262 352 uisus
1302 317 1363 352 est
1398 324 1612 359 revocare,
1660 323 1729 361 per
1767 311 1832 348 illa
1867 308 1988 346 verba
2016 306 2112 357 quid

1152 376 1259 414 aliud
1289 376 1452 426 intelligi
1476 379 1608 425 potest
1628 403 1635 419 ,
1655 384 1775 423 quam
1792 372 1943 422 Aprum
1966 371 2112 407 Arver-

1161 438 1273 475 nensi
1295 442 1421 474 matre
1451 441 1580 475 ortum
1608 441 1648 472 et
1669 434 1861 472 Arvernis
1884 431 2113 476 educatum,

1155 503 1200 537 ut
1229 510 1278 536 ex
1309 498 1468 537 Sidonio
1497 498 1638 547 liquet,
1678 495 1848 535 eundem
1894 504 1984 531 esse
2021 503 2112 530 eum

1159 559 1415 610 Aprunculo,
1440 570 1559 608 quem
1585 557 1689 607 quod
1713 557 1817 607 Aper
1847 553 2116 594 Arvernensis

1154 633 1174 660 a
1220 626 1345 659 matre
1388 624 1498 665 erat,
1545 621 1841 657 Arvernensem
1896 627 2056 667 quoque
2095 626 2115 652 a

1154 688 1281 721 matre
1304 687 1441 732 putat,
1465 692 1536 719 nec
1561 692 1609 719 ex
1634 682 1708 718 alio
1725 680 1902 727 authore,
1927 689 2046 728 quam
2065 688 2115 714 ex

1156 745 1262 794 Apro
1295 743 1508 782 Sidoniano
1543 743 1718 792 colligit:
1746 752 1822 778 non
1853 741 1958 778 enim
1983 750 2032 777 ex
2059 738 2118 776 Si-

1154 806 1269 844 donio
1285 835 1292 852 ,
1310 805 1488 851 Ruricio,
1504 798 1776 855 Gregorio‘aut
1794 804 1891 841 actis
1911 801 2118 850 &Aprun-

1154 869 1230 906 culi
1257 867 1464 906 discimus.
1493 867 1531 905 S.
1555 866 1833 917 Aprunculum
1873 861 2117 901 Arvernensi

1155 935 1282 968 matre
1306 934 1462 975 ortum,
1484 932 1523 966 et
1548 928 1743 966 Arvernis
1773 926 1985 964 educatum
2005 937 2014 960 .·
2046 933 2117 960 nec

1155 991 1203 1030 ad
1233 991 1347 1029 illum
1372 995 1553 1041 spectare
1578 990 1700 1028 latine
1733 988 1903 1026 dicimus
1932 996 2001 1036 pro
2039 985 2122 1023 affi-

1157 1064 1248 1090 nem
1293 1063 1408 1099 esse‚
1436 1057 1475 1090 et
1499 1063 1548 1089 ex
1576 1051 1714 1090 eadem
1754 1054 1885 1101 gente.
1931 1049 2014 1086 Non
2058 1050 2121 1083 est

1138 1107 1249 1164 ¹ergo
1270 1143 1278 1157 ‚
1300 1113 1406 1163 quod
1433 1113 1526 1151 mihi
1552 1124 1686 1150 meum
1705 1112 1942 1162 gentilitium
1967 1119 2110 1145 nomen

1155 1178 1464 1227 improperaret,
1495 1175 1600 1226 quod
1629 1174 1734 1224 apud
1763 1173 1901 1211 doctos
1929 1176 1969 1209 et
1998 1171 2122 1208 bonos

1156 1249 1296 1276 omnes
1321 1237 1495 1286 alicujus
1520 1238 1693 1275 nominis
1717 1240 1790 1274 cst.

1211 1300 1273 1338 1V.
1299 1300 1364 1338 22.
1389 1312 1426 1349 p.
1443 1300 1534 1338 284.
1561 1303 1641 1336 not.
1683 1297 1931 1337 Concinnare
1961 1294 2121 1333 menda-

1159 1359 1289 1408 cium)
1310 1360 1400 1398 add.
1428 1361 1672 1398 Anastasius
1701 1359 1802 1408 Aug.
1832 1359 1946 1407 epist.
1978 1356 2026 1395 ad
2053 1357 2122 1394 Se-

1159 1427 1314 1468 natum,
1336 1433 1383 1459 ue
1401 1419 1685 1472 fuyilivoroum
1721 1418 1890 1457 audiant
1916 1419 2123 1456 concinna-

1163 1487 1220 1522 tos
1246 1493 1466 1528 sermones,
1493 1485 1530 1519 et
1552 1481 1753 1519 mendacio
1777 1479 1856 1518 solo
1881 1479 2135 1529 compositos.'

1214 1547 1276 1584 lv.
1296 1546 1358 1583 23.
1387 1557 1423 1594 p.
1442 1545 1519 1581 288
1554 1548 1634 1581 not.
1650 1543 1700 1580 Ec
1720 1542 1920 1580 (lominum
1941 1543 2125 1592 sequens)

1160 1607 1249 1646 add.
1274 1607 1448 1645 Eucher.
1471 1605 1622 1644 Homel.
1647 1604 1695 1642 de
1718 1606 1934 1654 poenitent.
1955 1604 2127 1642 Ninevit.

1167 1669 1253 1706 Non
1300 1667 1479 1705 indicabo
1515 1666 1578 1705 vis
1601 1666 1641 1704 in
1666 1665 1707 1704 id
1729 1677 1876 1717 ipsum,
1904 1667 1936 1704 sl.
1962 1663 2067 1715 quod
2086 1668 2127 1702 tu

1167 1730 1208 1768 in
1234 1733 1268 1767 te
1291 1739 1456 1767 severus
1481 1727 1662 1778 agnoscis
1681 1758 1688 1776 ,
1710 1738 1777 1778 690
1789 1725 1988 1777 propitius
2008 1735 2127 1775 agyno-

1168 1801 1301 1838 scam,
1330 1789 1437 1840 quod
1452 1793 1494 1827 tu
1518 1789 1644 1827 tristis
1673 1799 1842 1827 accusas
1861 1819 1870 1835 ‚
1903 1799 1970 1838 690
2001 1786 2128 1824 laetus

1171 1851 1377 1891 absolvam
1396 1866 1405 1890 .·
1430 1850 1536 1902 quod
1551 1854 1593 1889 tu
1612 1849 1843 1888 recordaris
1860 1849 1898 1886 in
1909 1847 2126 1899 publicum,

1162 1925 1229 1965 690
1251 1912 1470 1952 obliviscar
1490 1913 1531 1950 in
1549 1916 1768 1951 aeternum.

1218 1977 1279 2014 lv.
1306 1974 1369 2013 22».
1396 1987 1433 2025 p.
1459 1975 1548 2012 493.
1577 1979 1662 2012 not.
1679 1971 2129 2024 Barbaproliaea)ad‹l.

1163 2038 1260 2076 nihil
1285 2037 1458 2088 amplius
1484 2067 1492 2085 ,
1511 2036 1559 2074 de
1577 2036 1695 2075 barba
1717 2038 1823 2074 enim
1846 2046 1986 2082 ,coma
2007 2038 2047 2072 et
2066 2044 2130 2071 co-

1162 2111 1256 2138 rona
1281 2100 1456 2138 libellum
1476 2098 1692 2149 procudam
1714 2129 1725 2146 ,
1753 2100 1831 2136 Deo
1852 2098 2026 2146 auspice.

1215 2162 1258 2199 V.
1284 2161 1322 2198 7.
1355 2172 1443 2210 pag.
1486 2161 1577 2198 230.
1615 2164 1694 2198 not.
1731 2158 1794 2197 Ad
1830 2156 2122 2208 inlelliyendum

1163 2222 1307 2270 sancei)
1344 2224 1491 2260 omissa
1542 2226 1638 2260 sunt
1672 2221 1820 2259 verba:
1863 2222 1900 2257 in
1945 2221 2131 2258 Salviano

1165 2284 1232 2322 lib.
1259 2286 1292 2322 l.
1318 2283 1478 2333 rupices
1500 2281 1680 2320 chartae.

1219 2358 1254 2395 p.
1287 2345 1378 2383 321¹.
1410 2349 1488 2382 not·
1533 2343 1778 2393 Spinqarum
1824 2342 2004 2390 unques)
2034 2342 2123 2380 add.

1164 2406 1404 2445 Prudentius
1454 2405 1604 2453 hymno
1654 2406 1853 2443 Laurentii
1876 2417 1883 2440 :
1938 2403 2011 2440 Asc
2068 2403 2129 2440 liic

1165 2480 1290 2507 avare
1313 2466 1512 2506 contrahit
1544 2470 1614 2504 etc.

1220 2531 1260 2568 V.
1301 2531 1362 2568 42.
1409 2541 1444 2578 p.
1488 2529 1578 2566 332.
1623 2532 1705 2565 not.
1750 2527 1990 2567 CALMlNlO
2031 2535 2128 2574 suo)

1165 2591 1253 2629 add.
1283 2595 1335 2628 et.
1368 2591 1404 2627 in
1438 2590 1680 2639 Episcopatu
1724 2589 1949 2632 Aniciensi,
1994 2599 2130 2626 mona-

1166 2654 1356 2698 sterium,
1399 2651 1502 2700 quod
1554 2650 1700 2688 dicitur
1748 2651 1787 2688 S.
1836 2649 2069 2696 Theofredi,
2107 2661 2128 2688 a

1167 2713 1288 2752 fundo
1312 2712 1560 2758 aedificavit,
1595 2711 1769 2758 dotavit,
1818 2711 2056 2760 ditavitque,
2088 2716 2128 2748 et

1169 2775 1217 2813 de
1247 2785 1320 2814 suo
1351 2775 1510 2812 nomine
1558 2773 1846 2811 Calminiacum
1895 2772 2126 2822 appellavit,

1170 2837 1288 2886 vulgo
1309 2837 1347 2875 S.
1367 2834 1542 2884 Chaffre.
1568 2835 1657 2873 hist.
1682 2836 1721 2873 S.
1742 2835 1921 2873 Calminii
1938 2836 2012 2872 MS.
2036 2845 2069 2872 c.
2089 2835 2126 2871 7.

1224 2899 1264 2936 V.
1295 2899 1354 2937 17.
1387 2910 1420 2947 p.
1454 2892 1545 2935 3432
1574 2902 1652 2935 not.
1690 2896 1889 2947 Quicquid
1917 2895 2128 2947 spoponde-

1169 2960 1244 3010 rit)
1269 2960 1359 2999 add.
1389 2960 1556 2998 Carolus
1585 2961 1710 3009 Magn.
1746 2960 1807 2996 lib.
1839 2961 1874 2996 6.
1904 2970 1989 3008 cap.
2020 2959 2110 2997 25¹.

1224 3035 1260 3072 p.
1297 3023 1384 3061 348.
1424 3025 1502 3058 not.
1543 3020 1699 3058 Placuit
1725 3020 1800 3065 aa)
1849 3023 1993 3058 omissa
2032 3027 2128 3059 sunt

1172 3085 1314 3122 verba:
1347 3086 1583 3121 Petronius:
1609 3082 1732 3133 paulo
1774 3086 1864 3120 ante
1902 3082 1943 3120 in
1984 3082 2128 3120 condu-

1171 3150 1278 3184 ctum
1309 3146 1503 3183 accurrit.
1537 3147 1649 3184 lnitio
1680 3148 1809 3195 Satyr.
1845 3151 1884 3183 et
1936 3146 2018 3184 loco
2065 3156 2130 3183 eo-

1173 3221 1260 3247 rum
1280 3211 1375 3248 haec
1403 3210 1598 3258 reposita:
1623 3208 1751 3248 Condi
1770 3210 1922 3259 proprie
1951 3208 2127 3247 aedificia

1175 3270 1375 3308 dicuntur.
1421 3272 1610 3314 ServiuS,
1644 3270 1892 3317 Conclitores,
1923 3273 1988 3320 qui
2036 3282 2128 3309 con-
