2517 4009
925 182 1302 256 TOMICH'US

112 285 291 326 Martene
330 289 371 326 et
409 287 498 327 Urs.
534 287 695 327 Durand
735 288 941 328 Thesauro
973 301 1077 328 novo

118 347 414 389 Anecdotorum
434 354 540 388 tomo
558 350 617 389 Ill.
634 363 669 402 p.
687 352 780 390 777.
797 352 876 390 Val.
895 352 1076 391 Andreas

111 411 148 449 in
176 412 274 450 Bibl.
293 413 446 464 Belgica
473 425 510 464 p.
535 413 613 452 840
637 425 726 452 cum
755 415 955 454 Sweertio
981 427 1072 454 eum

113 474 354 514 monachum
392 474 667 515 Elmonensem
688 483 824 528 vocat,
850 483 889 516 ct
920 478 969 516 de
996 490 1076 517 mo-

111 538 274 576 nasterii
317 535 552 578 E'lnonensis
591 539 825 579 fundatione
865 543 1074 591 scripsisse

108 599 230 638 tradit
246 601 470 640 Sweertius
488 603 524 639 in
551 602 721 640 Athenis
743 604 909 654 Belgicis
928 617 962 655 p.
984 605 1073 644 695.

111 662 184 713 ipsi
200 675 359 714 quoque
376 664 514 704 tribuit
535 666 662 705 Vitam
677 664 877 716 Balduinz‘,
894 667 1079 706 Insulanz'

111 726 288 767 Comitis.
324 727 436 767 Adde
474 728 556 768 Jac.
605 730 808 780 Meyerum
850 731 885 768 in
930 730 1072 769 Annal.

110 789 316 830 Flandriae
341 803 375 831 3.
403 793 518 832 4070.

160 854 182 880 ⁸*
238 855 442 896 Tomellus
497 857 715 897 Monachus
774 857 1072 898 Husnoniensis

110 920 261 960 nullam
279 921 388 960 dedit
408 921 626 964 Historiam
648 925 840 964 Abbatiae,
871 927 1072 965 Elnonen-

109 983 178 1031 sis,
211 987 427 1035 quamvis,
462 987 495 1026 id
528 990 672 1027 asserit
703 990 928 1029 Sweertius
959 991 1020 1029 hic
1051 1003 1070 1029 a

108 1044 414 1088 Bibliothecario
444 1052 676 1103 productus:
710 1053 825 1091 Forte
856 1055 966 1092 enim
1000 1055 1071 1093 Co-

107 1109 193 1149 dice
231 1111 308 1151 MS.
338 1114 561 1154 chertius
606 1116 756 1166 legerat
790 1127 860 1166 pro
918 1117 1069 1155 Hasna-

103 1172 251 1214 m'ensis
295 1174 532 1216 Elnonensz‘s
575 1179 811 1216 oscitatione
861 1179 1035 1228 quadam
1058 1208 1065 1227 ⁷

108 1247 211 1286 quae
241 1240 430 1290 exemplo
463 1251 538 1278 non
570 1245 692 1279 caret.
724 1239 827 1279 Hinc
851 1241 1000 1280 factum
1026 1246 1071 1281 ut

109 1299 200 1337 novi
228 1299 413 1340 Chronici
436 1302 581 1341 author
603 1303 830 1343 baberetur.
869 1304 1071 1343 Autbores

108 1360 305 1401 Historiae
345 1364 558 1403 Literariae
576 1365 726 1404 Galliae
743 1368 784 1404 T.
806 1365 905 1405 VIII.
926 1379 961 1417 p.
983 1366 1068 1405 446.

110 1425 372 1474 suspicantur
402 1425 620 1466 Historiam
654 1428 755 1467 hanc
787 1430 977 1469 Abbatiae
999 1432 1071 1468 lla-

64 1503 67 1504 ⁷
111 1488 340 1526 snoniensis
370 1487 542 1528 hiulcam
575 1502 664 1529 esse
691 1493 727 1529 in
753 1491 882 1541 editis,
909 1497 947 1530 et
975 1492 1071 1530 forte

111 1548 164 1587 illi
197 1549 339 1589 deesse
375 1551 566 1603 quidquid
607 1554 782 1592 excurrit
804 1555 999 1592 Historiae
1025 1553 1073 1591 ab

112 1621 217 1650 anno
247 1612 352 1653 1070
382 1625 509 1665 usque
534 1615 580 1654 ad
608 1616 760 1656 obitum
788 1617 964 1655 Rollandi
994 1614 1072 1654 Ab·

106 1672 226 1724 batis,
251 1677 368 1716 cuius
388 1677 559 1727 elogium
588 1677 651 1716 hic
673 1690 692 1717 a
712 1679 887 1718 Tomello
913 1679 1070 1729 legitur,

111 1747 255 1788 nempe
286 1739 334 1778 ab
364 1738 408 1778 A.
443 1739 560 1779 4070.
590 1752 720 1792 usque
750 1741 797 1780 ad
828 1741 875 1780 A.
901 1742 1016 1780 4085.

163 1800 421 1841 TOMICHUS
437 1833 448 1851 ,
474 1814 607 1842 rerum
636 1803 953 1854 Aragonensium
977 1803 1071 1841 scri-

111 1865 219 1913 ptor,
240 1864 308 1913 qui
330 1875 394 1902 res
410 1875 504 1903 cum
530 1865 654 1904 Gallis
675 1871 809 1916 gestas
835 1865 882 1903 ad
908 1877 943 1903 a.
969 1864 1073 1904 4390

110 1925 338 1976 scripserat.
365 1927 485 1966 Citari
512 1927 618 1967 hunc
641 1928 755 1966 video
779 1940 799 1967 a
818 1930 967 1966 Joanne
996 1928 1074 1966 Ma-

107 1988 216 2026 riana
241 1988 308 2027 llb.
335 1989 382 2028 48
417 2000 450 2029 c.
488 1991 536 2029 44
573 1990 747 2031 nondum
789 1995 943 2036 tamen,
968 1989 1071 2040 quod

106 2051 244 2100 sciam,
262 2053 370 2102 typis
390 2053 639 2104 evulgatum.
669 2055 772 2093 Haec
791 2053 911 2093 Andr.
935 2053 1074 2093 Schot-

112 2117 179 2153 tus
201 2114 298 2152 Bibl.
322 2115 482 2166 Hispan.
504 2128 541 2167 p.
562 2116 654 2156 352.

163 2176 470 2228 TONANTIUS,
495 2180 588 2219 vtde
615 2180 728 2228 infra,
751 2179 965 2219 vlTALls.

161 2240 448 2286 TORMUNDI,
489 2243 670 2282 monachi
709 2243 1069 2291 Claraevallensis,

110 2312 191 2342 sec.
230 2305 316 2342 XII.
359 2304 558 2356 Epz'stolae
592 2306 640 2345 de
684 2306 884 2345 Bernardo
915 2306 1071 2345 Sanctis

108 2365 330 2417 adscripto,
370 2372 512 2407 extant
535 2373 628 2407 tom.
656 2370 716 2409 VI.
742 2370 840 2420 Opp.
879 2367 1068 2408 Bernardi

161 2491 470 2544 TORTARIUS‚
497 2493 612 2543 vide,
647 2494 952 2534 RODULPHUS
980 2494 1075 2533 Tor-

108 2554 250 2595 tarius.

161 2617 405 2660 Francz‘seus
428 2621 559 2667 TOTl.
585 2622 818 2670 Perusinus,
845 2620 927 2659 ord.
950 2621 1071 2659 Mino-

112 2693 201 2721 rum
222 2684 348 2732 ‚circa
369 2695 402 2723 a.
436 2684 669 2736 4326jussu
701 2684 865 2723 Joannis
891 2685 931 2723 S.
947 2685 1072 2722 Theo-

107 2746 191 2785 dori
217 2747 440 2787 Cardinalis
471 2749 630 2788 Diaconi
655 2749 814 2798 scripsit
837 2749 1070 2786 Tractatum

107 2807 154 2848 de
188 2812 385 2860 potestate
424 2810 654 2860 Ecclesiae,
694 2813 761 2862 qui
795 2816 857 2849 est
896 2812 932 2848 in
975 2810 1069 2848 Bibl.

107 2872 348 2913 Colbertina.
365 2874 549 2914 Oudinus
569 2880 675 2914 tomo
699 2877 762 2914 lll.
788 2887 824 2925 p.
844 2873 935 2913 880.

161 2936 513 2983 TRANQtJtLLVs
537 2937 782 2978 Parthenius
803 2937 1069 2985 Andronicus,

109 3000 268 3038 natione
301 3000 499 3049 Dalmata,
544 3002 581 3039 in
618 3001 838 3040 Academia.
875 3002 1070 3052 Lipsiensi

108 3059 247 3100 habuit
272 3061 502 3101 Orationem
525 3062 571 3102 de
590 3063 778 3103 laudibus
802 3063 1069 3115 Eloquentiae,

109 3135 211 3174 quae.
234 3123 324 3162 ibid.
349 3136 385 3163 a.
409 3125 526 3169 4518,
546 3127 565 3163 4
588 3128 856 3176 typisoxcusa
883 3131 957 3164 est.
985 3127 1068 3165 Alia

109 3185 242 3225 Oratio
266 3189 405 3225 contra
433 3187 583 3227 Turcas
607 3188 662 3226 acl
687 3189 905 3227 Germanos
927 3188 1070 3239 prodiit

109 3247 316 3300 Augustae
342 3249 456 3299 4518,
478 3251 498 3288 4
526 3251 574 3301 pl.
598 3253 634 3289 3.
657 3252 831 3290 Viennae
857 3251 972 3290 1541.
1000 3253 1068 3289 Lo-

111 3312 274 3351 vanium
306 3313 507 3363 protectus
545 3318 607 3352 est
649 3313 696 3352 ad
731 3313 943 3352 visendum
976 3313 1072 3352 Era-

113 3383 264 3414 smum.
289 3375 385 3416 Vide
407 3376 684 3428 Czwittingeri
708 3377 949 3428 llungariam
967 3376 1071 3416 litte-

2040 217 2118 258 567

1155 294 1279 330 ratam
1298 302 1335 341 p.
1359 290 1421 331 46.
1442 290 1647 331 Leichium
1670 290 1718 331 dc
1736 291 1887 344 origine
1915 292 2118 344 Typogra-

1152 353 1265 404 phiac
1295 354 1510 404 Lipsiensis
1536 367 1572 405 p.
1599 354 1662 394 39.

1205 416 1569 463 TRASlMUNDUs
1588 417 1650 456 vel
1671 419 1801 468 potius
1822 418 2114 471 Traymundus,

1153 490 1228 517 non
1251 478 1396 524 AbbaS,
1422 479 1490 517 sed
1516 480 1735 519 monachus
1761 481 2114 529 Claraevallensis,

1151 542 1253 580 circa
1278 554 1314 580 a.
1355 541 1458 581 4180
1482 543 1643 593 scripsit
1676 542 1839 583 Librum
1863 544 1908 583 cle
1932 549 2022 584 arte
2057 545 2116 584 cli-

1151 603 1286 642 ctandc‘
1307 604 1464 654 collegit
1502 617 1662 657 quoquc
1699 606 1897 659 Epz'stolas
1931 608 2047 647 Petri
2075 613 2115 647 et

1151 666 1330 715 Henrz‘ci,
1353 667 1553 708 Abbatum
1580 670 1985 711 Claraevallmsium:
2012 673 2115 710 inter

1150 740 1249 779 quas
1273 728 1375 769 duae
1415 732 1539 782 ipsius
1564 732 1815 772 Trasimundi
1850 734 2048 774 habentur
2075 735 2112 772 in

1149 792 1246 830 Bibl.
1274 794 1342 831 ΡΙ).
1381 793 1637 834 Cisterciensi
1666 799 1773 834 tomo
1813 795 1878 835 Ill.
1906 808 1940 847 p.
1968 796 2046 836 259
2073 801 2112 836 et

1148 855 1241 896 261.
1267 858 1354 897 Car.
1387 858 1436 897 de
1461 858 1581 897 Visch
1616 860 1712 898 Bibl.
1750 860 1997 910 Scriptorum
2025 860 2108 899 ord.

1150 921 1430 961 Cisterciensis
1450 937 1483 975 p.
1504 924 1595 963 343.
1618 925 1660 963 ln
1683 924 1818 963 codice
1841 924 1936 963 Bibl.
1959 924 1997 962 S.
2019 926 2115 963 Ger-

1150 990 1254 1028 mani
1303 990 1489 1029 scribitur
1539 989 1850 1029 Transmunclzcs.
1902 992 2018 1028 Rern.
2066 989 2113 1027 de

1148 1053 1398 1091 Montfaucon
1427 1053 1524 1091 Bibl.
1550 1054 1646 1092 Bibl.
1669 1054 1776 1093 MSS.
1804 1066 1838 1104 p.
1868 1053 1984 1092 4438.

1200 1115 1501 1154 TRIBRARCHI
1520 1117 1757 1155 Mutinensis
1772 1114 1947 1167 Epzstola
1967 1114 2022 1153 acl
2036 1113 2111 1153 Tho

1145 1188 1263 1219 mam.
1288 1176 1572 1217 cambiatorem
1597 1179 1892 1226 Bononiensem,
1916 1178 1970 1216 ad
1991 1178 2110 1216 Boni-

1137 1238 1341 1291 jacobum.
1362 1241 1598 1280 Patavinum
1613 1246 1782 1294 poetam,
1806 1241 2027 1281 Eoecusatio
2052 1241 2106 1280 ad

1146 1301 1182 1340 cl.
1208 1302 1395 1342 Bersi'am
1423 1304 1579 1353 Ducem,
1606 1304 1711 1356 quod
1729 1305 1912 1344 carmina
1935 1317 2012 1344 sua
2036 1316 2112 1343 non

1147 1365 1227 1403 sint
1244 1365 1394 1417 scripta
1416 1366 1455 1404 in
1481 1365 1581 1404 bona
1603 1367 1761 1416 charta,
1778 1379 1902 1419 neque
1923 1367 2109 1406 minz‘ata:

1147 1439 1188 1465 (η
1211 1427 1312 1466 Guz‘l.
1341 1429 1549 1476 Macrum,
1570 1429 1759 1479 pictorem
1781 1429 1987 1481 oplz'mnm,·
2015 1429 2112 1482 Epi-

1147 1488 1325 1540 taphium
1347 1490 1386 1528 in
1407 1490 1582 1529 Barthol.
1605 1490 1651 1529 (le
1675 1490 1885 1530 Jacobaez's
1915 1492 2020 1530 Pado
2045 1492 2111 1530 (le-

1146 1562 1323 1590 mersum
1344 1564 1381 1591 a.
1405 1554 1500 1592 4464
1535 1566 1583 1592 ex
1609 1555 1688 1592 MS.
1715 1554 1810 1592 Bibl.
1835 1554 1963 1593 lullae
1991 1566 2111 1593 manu

1147 1614 1250 1652 Frid.
1278 1616 1440 1653 Besselii
1466 1615 1662 1667 descripta
1689 1617 1831 1655 extant
1858 1618 1893 1655 in
1921 1617 2018 1656 Bibl.
2043 1618 2114 1655 Re-

1147 1678 1424 1727 giomontana.
1467 1682 1570 1716 teste
1610 1679 1851 1729 praefatione
1899 1679 1945 1718 ad
1993 1679 2113 1730 hujus

1147 1739 1310 1777 Besselii
1350 1741 1694 1781 Miscellaneorum
1740 1742 2114 1793 Philologico-Criti-

1148 1811 1285 1840 corum
1312 1802 1549 1852 Syntagma.

1200 1864 1465 1904 TRlFOLlUS
1491 1866 1706 1917 Presbyter
1724 1867 1828 1906 clrca
1854 1879 1888 1906 a.
1910 1868 1986 1907 520
2009 1869 2106 1907 scri-

1148 1927 1228 1976 psit
1245 1926 1462 1978 Epistolam
1483 1928 1538 1966 ad
1556 1930 1752 1968 Faustum
1773 1932 2004 1970 Senatorem
2025 1943 2112 1970 con-

1150 1990 1215 2027 tra
1238 1989 1429 2028 Joannem
1460 1991 1645 2043 Scytlzanz
1677 1992 1930 2042 monachum,
1961 1994 2111 2033 editam

1149 2053 1321 2102 primum
1342 2055 1378 2091 in
1399 2055 1587 2094 Conciliis
1607 2057 1762 2105 Labbei,
1784 2063 1923 2109 postea
1940 2062 2046 2097 tomo
2068 2060 2114 2098 ll.

1149 2115 1337 2154 Harduini
1367 2129 1404 2167 p.
1432 2118 1548 2157 4460.

1200 2179 1501 2220 TRlPARTlTA
1526 2180 1701 2221 Historia
1727 2184 2008 2224 Ecclesiastica
2045 2197 2107 2223 vo·

1147 2245 1260 2280 catur
1281 2254 1340 2286 eo,
1371 2244 1475 2295 quod
1502 2257 1549 2283 ex
1577 2245 1703 2284 tribus
1729 2249 1881 2296 graecis
1908 2248 2114 2298 Scriptori-

1146 2304 1241 2352 bus,
1265 2305 1503 2354 Sozomeno,
1530 2308 1691 2346 Socrate
1717 2314 1757 2346 et
1781 2309 2038 2356 Theodorito,
2062 2311 2112 2349 ab

1147 2367 1366 2418 Epiphanio
1377 2369 1621 2409 Scholastica
1643 2372 1678 2408 in
1700 2371 1868 2411 latinum
1891 2373 2110 2420 translatis,

1146 2440 1166 2467 a
1203 2430 1439 2469 Cassiodoro
1476 2433 1640 2472 collecta
1688 2438 1728 2471 et
1762 2435 1987 2484 conscripta
2026 2435 2111 2473 fuit.

1146 2493 1283 2544 anue
1304 2494 1464 2533 ducitur
1484 2507 1503 2534 a
1523 2497 1768 2546 temporibus
1787 2497 2038 2536 Constantini
2059 2498 2110 2536 M.

1148 2567 1275 2606 usquc
1299 2557 1346 2596 ad
1374 2556 1854 2609 Tlieoclosz‘mnjuniorem,
1880 2561 1966 2598 sive
1991 2561 2040 2598 ab
2073 2571 2108 2598 a.

1147 2619 1226 2658 306
1250 2620 1296 2658 ad
1338 2620 1428 2659 441.
1454 2621 1505 2659 Et
1532 2622 1626 2659 olim
1653 2621 1814 2672 quidem
1856 2623 1944 2672 plus
1971 2623 2115 2670 valuit,

1147 2695 1266 2733 quam
1307 2683 1442 2731 hodie,
1479 2696 1570 2723 cum
1612 2685 1716 2734 ipsos
1757 2685 1842 2723 illos
1877 2686 2110 2724 triumviros

1150 2745 1357 2792 babemus,
1387 2758 1459 2785 nec
1484 2751 1639 2785 tantum
1665 2758 1802 2786 eorum
1830 2747 1959 2785 fontes
1980 2746 2107 2795 adire,

1148 2808 1216 2847 sed
1247 2810 1449 2848 meliorem
1476 2811 1614 2856 etiam,
1641 2821 1759 2860 quam
1787 2822 1888 2860 quae
1914 2810 2021 2848 illius
2046 2814 2109 2848 est

1146 2871 1380 2923 Epiplianii,
1406 2875 1630 2912 versionem
1659 2874 1807 2924 legere,
1841 2878 1881 2911 et
1917 2879 2110 2923 usurpare

1147 2946 1377 2985 possumus.
1395 2937 1634 2975 Continuata
1651 2942 1713 2974 est
1728 2947 1746 2974 a
1767 2935 1970 2985 Sigeberto
1991 2936 2110 2973 Gem-

1147 2998 1321 3037 blacensi
1363 3010 1489 3049 usque
1528 2998 1576 3037 ad
1613 3011 1647 3037 3.
1692 2999 1791 3037 4143
1830 3003 1950 3048 atquc
1991 2997 2110 3048 liujus

1148 3062 1321 3100 laborem
1347 3063 1504 3111 excepit
1536 3072 1581 3099 ac
1609 3066 1849 3110 persecutus
1874 3065 1936 3099 est
1967 3061 2111 3100 [tober-

1147 3128 1224 3171 tus,
1246 3123 1368 3162 abbas
1392 3124 1431 3162 S.
1453 3123 1653 3161 Michaelis
1679 3123 1727 3161 dc
1754 3125 1882 3162 Monte
1903 3134 2030 3174 usquc
2055 3123 2103 3162 ad

1145 3198 1179 3225 a.
1218 3187 1334 3225 sil17.
1365 3186 1495 3224 Editio
1533 3187 1711 3225 Francos.
1750 3186 1852 3225 4588
1890 3187 1952 3225 fol.
1990 3189 2025 3225 in
2065 3199 2110 3225 eo

1146 3253 1319 3300 praestat
1348 3249 1561 3299 prioribus,
1587 3249 1711 3299 quod,
1737 3249 1924 3288 adhibitis
1959 3251 2109 3300 aliquot

1147 3313 1436 3350 vetustissimis
1452 3312 1763 3362 exemplaribus,
1777 3324 1796 3351 3
1819 3312 1974 3351 mendis
1989 3325 2108 3365 prope

1149 3375 1315 3414 infinitis
1351 3380 1586 3427 repurgata,
1613 3376 1991 3427 narrationibusque
2016 3378 2108 3417 anni
