2517 4009
832 258 1328 298 REIMBALDUS

137 332 156 355 ³⁸*
185 331 297 371 Alter
337 331 412 369 iste
447 328 690 381 Reginaldus
724 328 827 367 idem
858 334 920 368 est
949 341 1040 369 cum

81 394 213 444 priori,
240 403 382 443 nempe
407 388 499 431 cum
524 390 739 442 Reginaldo
769 390 817 429 de
848 392 1040 442 piperno,

81 466 204 505 quare
236 465 311 492 non
342 457 426 492 erat
456 464 528 492 cur
571 452 636 492 hic
679 463 701 491 a
741 453 1042 492 Blbiiotliecario

83 521 221 555 nostro
249 516 564 567 gemincrentur.

133 576 453 617 REGINALDUS
486 576 658 625 Umber,
689 588 724 616 a.
757 577 872 616 4298.
903 578 1042 615 Lector

80 641 182 679 sacri
207 639 341 678 Palatii
367 638 581 690 Apostolici
602 669 610 687 ,
632 640 792 689 scripsit
809 639 848 677 z'n
869 642 1043 689 quatuor

78 700 200 740 libros
223 701 531 741 Sententiarum.
550 702 725 740 Jacobiili
751 701 843 739 Bibl.
859 701 1041 739 Umbriae

76 763 170 806 240.
200 763 389 802 Wiilotus
418 767 458 801 et
484 764 727 802 Possevinus
749 763 855 800 bunc
879 761 1042 800 Arcbic-

78 826 285 876 piscopum
316 826 646 876 Rotomagensem
678 824 852 872 faciunt,
883 827 922 862 et
948 824 1042 863 Car-

77 886 251 926 dinalem
284 888 543 925 portuensem
575 887 846 937 Episcopum;
876 884 944 923 sed
973 897 1041 923 ne—

76 960 155 999 que
202 948 557 999 Archiepiscopum
602 959 733 998 neque
785 947 1037 987 Cardinalem

79 1011 202 1049 fuisse
232 1010 347 1049 docet
376 1010 627 1061 Waddingus
657 1010 799 1048 Annal.
843 1010 1037 1048 Minorum

76 1071 125 1111 ad
155 1083 192 1111 a.
217 1072 334 1112 1298.
364 1083 386 1110 n
434 1073 470 1110 4.
499 1083 618 1122 quem
650 1073 770 1110 etiam
813 1071 960 1109 confer.
991 1070 1038 1108 de

82 1133 344 1184 scriptoribus
372 1132 551 1183 ejusdem
583 1133 733 1171 ordinis
763 1145 798 1184 p.
829 1132 919 1171 304.

127 1195 516 1246 REGINO,primum
548 1195 777 1242 Monachus,
795 1194 885 1232 dein
903 1194 952 1233 ab
971 1205 1039 1232 an-

79 1268 130 1296 no
147 1257 237 1296 891.
259 1268 386 1307 usque
417 1257 507 1295 899.
525 1256 658 1294 Abbas
676 1256 946 1302 Prumiensis,
968 1254 1038 1292 sed

73 1318 123 1357 ab
141 1319 203 1357 ilia
219 1317 412 1368 dignitate
424 1317 571 1356 invidia
581 1317 830 1356 aemulorum
843 1316 1038 1367 dejectus.

69 1380 268 1418 Privatam
294 1383 431 1429 postea
456 1380 580 1417 vitam
605 1380 731 1429 gessit
756 1379 794 1416 in
836 1382 1038 1416 monaste-

76 1442 133 1480 rio
161 1444 202 1481 S.
223 1441 421 1481 Maximini
441 1470 449 1489 ,
472 1444 658 1479 mortuus
683 1451 718 1478 a.
744 1440 834 1478 908.
857 1441 1039 1491 Scripsit.

130 1504 166 1543 1.
193 1501 418 1542 Chronicon
445 1513 472 1540 α
501 1504 592 1539 nato
625 1500 784 1541 Christo
814 1500 869 1539 ad
889 1513 929 1538 α.
948 1502 1040 1540 908,

77 1563 182 1615 quod
203 1568 338 1603 exstat
354 1569 450 1602 tom.
476 1564 491 1602 I
516 1565 672 1602 Pistorii
704 1576 740 1614 p.
773 1565 806 1602 1.
830 1568 870 1602 et
896 1564 935 1601 in
959 1564 1042 1602 edi-

76 1628 184 1665 tione
204 1626 430 1665 Struviana.
451 1625 598 1665 Ed³.tus
617 1637 778 1676 quoque
801 1630 863 1664 est
882 1637 1042 1676 separa-

73 1689 144 1728 tim
166 1689 528 1739 1521.Μοςυηιῑειο
566 1688 675 1739 upud
715 1690 772 1726 Jo.
813 1687 1041 1737 Schoeffer,

81 1751 144 1790 foi.
161 1747 306 1790 deinde
319 1763 410 1790 cum
428 1751 581 1790 Abbate
600 1752 862 1802 Urspergensi
880 1750 1043 1801 Argent.

83 1814 199 1853 1609.
230 1814 295 1852 foi.
315 1815 511 1854 Numeros
535 1825 732 1852 annorum
779 1812 943 1864 quidam
986 1825 1046 1851 re-

82 1877 260 1915 centiore
283 1887 404 1914 manu
427 1875 651 1925 adscriptos
676 1886 767 1914 esse
801 1878 1044 1914 statuerunt.

81 1938 270 1978 Testatur
293 1942 427 1976 autem
453 1938 513 1975 Jo.
535 1937 784 1976 Mabillouius
820 1937 857 1974 in
899 1938 1046 1974 Itinere

80 2000 317 2039 Germanico
343 2011 378 2050 p.
403 2000 467 2038 25.
487 1999 582 2038 edit.
600 2000 763 2038 Fabricii
786 2001 824 2037 in
841 1999 1045 2037 codicibus

79 2063 252 2112 optimae
276 2066 391 2100 notae
414 2063 644 2099 monasterii
665 2061 969 2109 Gembiacensis
1005 2063 1045 2098 et

80 2123 278 2162 Murensis
321 2123 392 2161 bos
436 2134 627 2162 numeros
670 2123 894 2173 adscriptos
925 2126 1045 2171 atque

81 2184 178 2224 adeo
206 2184 255 2224 ad
286 2186 417 2235 ipsum
447 2191 650 2224 auctorem
683 2184 915 2224 referendos
939 2196 1042 2222 esse.

81 2245 194 2285 Adde
223 2247 448 2286 Builartum
492 2247 705 2286 Academie
749 2246 821 2285 des
865 2247 1045 2284 sciences

87 2312 183 2346 tom.
214 2308 240 2345 Ι.
273 2319 316 2358 p..
342 2309 433 2347 121.
462 2319 573 2359 seqq.

137 2369 176 2407 2.
205 2369 261 2407 De
289 2368 508 2420 disciplinis
538 2369 829 2409 Ecclesz'astici's
868 2373 904 2408 et
946 2369 1048 2408 Reli-

84 2430 200 2482 9ione
231 2429 489 2479 Christiana,
519 2431 664 2482 prodiit
695 2434 868 2482 primum
902 2443 952 2470 ex
974 2433 1048 2471 Co-

84 2493 171 2532 dice
201 2492 508 2532 Helmstadiensi
537 2503 559 2531 a
588 2493 792 2531 Joachimo
819 2493 1048 2532 ilildebran-

83 2553 133 2593 do
162 2554 313 2593 editore
343 2554 509 2593 Helmst.
543 2555 658 2593 1659.
699 2555 732 2592 4.
768 2554 912 2592 deinde
950 2565 1043 2593 cum

85 2617 208 2656 variis
249 2615 519 2655 additionibus
562 2626 657 2654 cura
702 2615 838 2666 Steph.
884 2616 1048 2655 Baiuzii.

85 2679 204 2719 1671.
231 2679 255 2717 8

138 2741 176 2780 3.
199 2741 256 2780 De
284 2740 529 2780 Harmonica
559 2739 798 2778 institutione
827 2739 874 2778 ad
907 2741 1049 2779 Ratbo-

84 2804 181 2843 dum
211 2803 566 2854 Archiepiscopum
592 2803 893 2849 Trevirensem,
919 2807 959 2841 et
985 2804 1049 2841 Le-

34 2865 39 2871 '
89 2865 328 2904 ctionarium
355 2865 470 2904 totius
492 2864 613 2912 anni,
639 2864 772 2902 Codex
805 2875 923 2903 manu
955 2876 1048 2903 exa-

87 2931 201 2966 ratus
230 2938 320 2966 cum
343 2939 463 2978 supra
481 2927 642 2977 scriptis
663 2927 767 2964 notis
792 2927 956 2965 musicis
983 2927 1047 2965 iilo

87 3000 186 3028 aevo
217 2990 388 3028 usitatis.
418 2990 507 3028 Fuit
538 2990 708 3038 primum
739 2988 904 3027 Gerurdi
929 3000 949 3027 a
971 2991 1048 3028 Ma—

87 3053 255 3098 stricbt,
286 3049 429 3089 deinde
457 3050 514 3088 Jo.
561 3049 752 3100 Ludolphi
796 3052 1047 3089 Bunemanni

84 3114 264 3152 Rectoris
295 3113 459 3153 Scboiae
490 3113 736 3160 Mindensis‚
768 3125 873 3153 nunc
904 3118 965 3151 est
1008 3115 1044 3152 in

82 3175 180 3215 Bibl.
212 3176 385 3215 Senatus
415 3177 644 3226 Lipsiensis.
687 3176 782 3215 Vide
823 3176 1047 3215 Eccardum

87 3248 222 3277 rerum
254 3238 534 3278 Francicarum
557 3239 740 3278 xxxiii.
773 3239 862 3278 133.
883 3239 1049 3277 Matthe-

89 3301 188 3338 sonii
219 3300 404 3340 Criticam
438 3303 627 3341 Musicam
659 3302 740 3340 Vol.
774 3302 800 3339 1.
833 3312 868 3351 p.
900 3301 962 3339 83.
1009 3306 1049 3338 et

88 3363 176 3402 147.
208 3374 321 3413 seqq.
349 3364 445 3402 God.
482 3363 626 3402 Leonii.
673 3363 819 3402 Baudis
859 3363 954 3401 diss.
1001 3364 1048 3401 do

1998 265 2076 304 305²

1118 328 1246 367 indole
1276 340 1510 369 caussarum
1539 331 1847 370 Ecclesticarum
1879 343 1964 383 pag.
2012 336 2076 374 33.

1118 390 1239 429 Aliud
1271 391 1500 442 exemplum
1531 398 1593 430 est
1625 391 1762 430 Uimae
1792 393 1829 429 in
1865 394 2077 434 Bibliothe—

1118 463 1163 490 ca
1194 452 1410 491 Krafftiana
1432 482 1439 501 ,
1465 458 1567 491 teste
1583 454 1841 504 Bevschlagio
1859 456 1895 492 in
1917 456 2077 508 Sylloge

1114 513 1314 552 variorum
1348 514 1644 564 Opuscuiorum
1678 521 1784 554 tomo
1829 517 1854 554 1.
1887 517 2019 556 fascic.
2050 519 2077 556 Ι.

1118 586 1153 625 p.
1188 574 1278 613 216.
1304 576 1419 614 Plura
1451 577 1651 615 Fabricius
1683 581 1818 615 noster
1840 588 1958 628 supra
1981 584 2077 617 tom.

1120 637 1144 674 i.
1191 648 1226 686 p.
1266 637 1356 676 ’221-
1390 639 1533 676 ilistor.
1565 639 1734 677 literaria
1765 639 1913 678 Galliae
1944 645 1970 678 t.
2017 642 2077 680 Vi.

1119 710 1153 748 p.
1189 699 1276 736 148.
1309 710 1395 748 seq.

1171 759 1506 808 REGffiOLDUS,
1533 761 1754 811 Episcopus
1777 762 2080 804 Eicbstedensis

1118 822 1356 860 undecimus
1388 834 1456 871 per
1484 833 1611 860 annos
1642 824 1784 862 XXIV.
1813 825 1908 862 obiit
1932 837 1967 864 a.
1990 827 2081 866 989.

1117 884 1253 921 Trium
1286 883 1510 933 linguarum
1558 886 1711 934 peritus
1743 886 1865 924 fuisse
1911 888 2081 938 dicitur,

1115 946 1274 995 scripsit
1309 945 1413 983 Vitas
1444 947 1472 984 S
1516 945 1693 992 Nicolat,
1722 946 1861 995 Blasii,
1896 948 2076 988 Wz'libal-

1115 1005 1158 1044 cli
1179 1006 1268 1044 item
1305 1005 1545 1046 ii'unibaldc'.
1579 1009 1680 1047 ilaec
1712 1010 1985 1049 Bruscbiusin
2009 1013 2084 1051 Ca-

1117 1068 1243 1118 taiogo
1276 1069 1563 1119 Epis.7oporum
1596 1070 2082 1112 Eichstedensium.1dem

1114 1134 1316 1168 testantur
1355 1131 1534 1169 Molanus
1581 1136 1621 1169 et
1666 1134 2082 1184 Baronius‚quorum

1115 1193 1342 1229 testimonia
1372 1193 1576 1232 Canisium
1620 1195 1884 1244 impulerunt,
1918 1202 1960 1234 ut
2000 1203 2082 1236 sta-

1115 1256 1271 1299 tueret,
1306 1254 1432 1290 Vitam
1476 1254 1580 1292 iilam
1611 1257 1653 1294 S.
1692 1255 1914 1304 thibaldt,
1959 1270 2080 1308 quam

1114 1312 1209 1350 Ant.
1242 1315 1347 1351 Lect.
1379 1320 1496 1353 tomo.
1530 1317 1593 1355 lii.
1627 1323 1727 1367 part.
1759 1320 1785 1356 Ι.
1818 1331 1903 1370 [ως
1929 1322 1978 1359 13
2003 1321 2084 1359 edi-

1114 1374 1171 1412 dit
1189 1406 1200 1423 ,
1226 1378 1288 1413 cui
1316 1380 1450 1414 tamen
1475 1378 1512 1414 in
1536 1378 1678 1417 Codice
1699 1384 1926 1420 monasterii
1946 1383 2085 1421 Wind-

1116 1436 1327 1487 bergensis
1360 1448 1504 1475 nomen
1537 1439 1757 1488 praefixum
1791 1454 1866 1480 non
1900 1445 1983 1491 fuit,
2015 1446 2086 1483 Re-

1122 1498 1283 1547 ginoldo
1332 1498 1586 1538 tribuendam
1629 1512 1730 1539 esse.
1777 1504 1948 1542 Jacobus
1993 1517 2085 1544 vero

1126 1560 1349 1611 Basnagius
1380 1566 1470 1611 post
1499 1561 1766 1601 Mabiilonium
1798 1563 1979 1614 dubitat,
2023 1579 2090 1605 ne-

1123 1633 1202 1671 que
1237 1622 1273 1660 id
1305 1621 1462 1673 injuria.
1494 1624 1684 1662 Testatur
1713 1626 1819 1662 enim
1852 1627 2090 1677 Anonymus

1121 1684 1224 1723 alius
1255 1684 1304 1723 de
1335 1686 1596 1725 translatione
1625 1687 1883 1736 reliquiarum
1909 1689 2088 1728 Wilibal-

1124 1746 1160 1784 di
1194 1750 1288 1784 tom.
1320 1747 1542 1794 lI.editus,
1572 1749 1833 1799 Reginoidum
1857 1752 1981 1789 vitam
2007 1763 2092 1790 car-

1124 1810 1231 1847 mine
1253 1811 1492 1860 scripsisse,
1519 1810 1617 1849 haec
1641 1816 1777 1850 autem
1807 1818 1870 1851 est
1898 1815 2089 1864 prosaica.

1123 1869 1224 1909 Acta
1256 1872 1294 1910 S.
1327 1870 1480 1920 Blasii,
1502 1883 1605 1922 quae
1638 1875 1674 1910 in
1706 1873 1818 1913 Actis
1849 1876 2090 1914 Sanctorum

1123 1938 1218 1971 tom.
1245 1935 1272 1972 1.
1298 1934 1498 1973 Februari.
1531 1947 1564 1986 p.
1591 1935 1681 1974 344.
1713 1937 1837 1975 edidit
1862 1938 2091 1988 Boiiandus,

1125 1996 1254 2034 eidem
1298 1996 1530 2048 conjectura
1573 1997 1746 2048 quadam
1781 2005 1940 2038 asserit.
1979 2001 2091 2040 Adde

1124 2058 1424 2097 Henschenium
1464 2064 1556 2097 tom.
1580 2060 1625 2098 li.
1659 2060 1770 2099 Febr.
1802 2074 1837 2111 p.
1868 2062 1932 2100 70.
1964 2068 2004 2100 et
2032 2064 2091 2100 Jo.

1122 2121 1233 2170 Bapt.
1266 2112 1482 2159 Sollerium
1514 2126 1608 2160 tom.
1635 2123 1680 2160 11.
1713 2124 1805 2162 Julii
1835 2135 1871 2174 p.
1905 2125 1991 2162 488.

1176 2182 1635 2232 REGIOMONTANUS,
1662 2185 1752 2224 vide
1776 2197 1896 2236 supra
1918 2188 2092 2226 Joamzes

1122 2244 1338 2283 Mullerzis.

1176 2299 1401 2336 Chronicon
1424 2300 1942 2341 REICHERSPERGENSE
1968 2315 1988 2341 a
2012 2315 2094 2342 mo-

1123 2360 1249 2399 nacho
1280 2361 1454 2399 coenobii
1482 2363 1879 2413 Reicberspergensis
1905 2365 1941 2401 in
1968 2365 2092 2403 Bava-

1124 2426 1178 2463 ria
1205 2424 1465 2474 compilatum
1484 2423 1607 2462 edidit
1624 2423 1850 2474 Christopb.
1873 2426 2091 2465 Gewoidus

1123 2486 1347 2533 Monachii,
1380 2486 1498 2524 1161.
1525 2487 1554 2523 4.
1587 2491 1723 2535 postca
1754 2488 1812 2524 Jo.
1848 2489 1988 2526 Petrus
2018 2489 2090 2526 Lu-

1125 2548 1293 2587 dovicus
1324 2554 1420 2585 tom.
1447 2549 1492 2586 ΙΙ.
1514 2550 1551 2586 S.
1575 2550 1617 2586 R.
1643 2548 1829 2586 German.
1856 2561 1892 2599 p.
1919 2549 2008 2587 427.
2030 2551 2092 2587 ln-

1124 2611 1263 2660 cipita
1290 2615 1382 2648 nato
1421 2610 1603 2657 Christo,
1639 2614 1679 2647 et
1718 2621 1846 2660 usque
1884 2611 1933 2649 ad
1979 2614 2088 2652 1194.

1124 2673 1338 2723 pertingit,
1373 2672 1640 2710 universalem
1661 2673 1820 2722 potius,
1851 2684 1970 2723 quam
2008 2676 2089 2712 siu-

1123 2734 1299 2784 gularem
1318 2745 1414 2773 suae
1432 2735 1603 2784 regionis
1623 2733 1826 2773 historiam
1843 2735 2088 2775 describens.

1171 2795 1466 2835 REIMANNUS
1491 2796 1555 2835 vel
1576 2798 1818 2844 Osmannus,
1837 2799 1999 2848 scripsit
2031 2800 2089 2838 Γί-

1126 2862 1204 2896 cam
1242 2859 1282 2898 S.
1323 2858 1531 2906 Cadroae,
1553 2859 1717 2898 Abbatis
1742 2860 2086 2903 walciodorensis,

1124 2921 1303 2971 aequalis
1334 2923 1421 2970 sui,
1449 2923 1592 2960 mortui
1615 2933 1647 2960 a.
1685 2921 1774 2959 974.
1819 2933 1920 2972 quae
1955 2930 2086 2962 exstat

1125 2985 1162 3021 in
1195 2984 1306 3022 Actis
1328 2985 1398 3022 SS.
1421 2988 1516 3021 tom.
1541 2984 1552 3021 l
1588 2983 1674 3021 474.
1704 2988 1743 3020 et
1779 2983 1884 3033 apud
1915 2985 2089 3024 ,113ὺί110-

1126 3047 1234 3085 nium
1261 3047 1347 3085 Sec.
1373 3048 1415 3084 V.
1443 3045 1645 3085 Benedict.
1670 3057 1756 3096 pag.
1781 3046 1869 3083 487.
1891 3047 2002 3086 Adde
2027 3049 2090 3087 iii-

1133 3113 1230 3147 stor.
1257 3109 1471 3147 literarium
1493 3109 1641 3148 Galliae
1673 3115 1752 3148 tom
1795 3111 1856 3148 Vi.
1881 3123 1916 3161 p.
1943 3111 2035 3150 ⁷⁴59.

1180 3171 1529 3220 REIMBALDUS,
1552 3184 1670 3222 quem
1693 3174 1940 3213 Mabiiiunius
1964 3175 2089 3213 Cano-

1127 3236 1260 3273 nicum
1293 3236 1331 3273 S.
1362 3236 1503 3274 Mariae
1522 3239 1562 3274 et
1585 3237 1625 3274 S.
1666 3237 1862 3275 Lamberti
1898 3237 2086 3276 Leodien-

1124 3299 1179 3336 sis
1210 3302 1350 3342 vocat,
1372 3299 1543 3345 rectius,
1577 3299 1830 3349 Praepositus
1851 3300 1890 3338 S.
1922 3302 2086 3338 joannis

1128 3361 1374 3399 Leodiensis:
1398 3372 1486 3399 nani
1512 3363 1561 3398 ita
1582 3363 1617 3400 in
1637 3362 1751 3400 titulo
1773 3363 1972 3414 Epistoiae
1996 3364 2087 3401 Wa<
