2517 4009
783 229 1283 271 OCTAVIANUS

95 302 325 351 sistorialis‚
354 301 388 350 a)
416 300 534 350 quus
565 299 701 339 Oratio
724 300 770 339 (le
798 301 882 341 Vita
907 306 943 341 et
965 313 1043 341 me-

92 363 185 404 ritis
212 365 514 404 Bonaventurae
544 362 776 404 Cardinalis
801 366 957 404 Sanctis
978 365 1045 404 ad-

96 427 292 466 scribendi
309 426 356 466 A.
377 425 492 466 4483.
512 426 662 475 habita,
680 427 824 477 prodiit
839 433 880 466 et
899 439 988 467 cum
1006 428 1045 467 S.

92 491 396 528 Bonaventurae
412 488 597 539 operibus
617 493 657 527 et
673 489 776 540 apud
803 491 961 530 Surium
983 491 1044 529 44.

90 551 170 591 Jui.
198 556 240 590 et
269 555 297 590 t.
327 551 350 589 3
381 550 466 589 Act.
499 551 678 590 Sanctor.
707 553 800 591 Julii
831 563 915 602 pag.
945 552 1036 591 824.

140 613 462 654 OCTAVIANUS
488 615 575 652 sive
607 614 862 654 OCTAVIUS
889 613 1046 654 Ubaldi-

89 688 166 718 nus
181 709 192 726 ‚
217 677 495 725 Florentinus,
521 688 569 715 ex
592 678 786 728 Episcopo
807 676 1043 716 Bononiensi

89 739 311 781 Cardinalis
339 738 388 778 ab
417 739 532 778 Anno
563 741 577 779 l
590 739 681 779 2114.
711 739 757 778 ad
791 740 907 779 4272.
945 743 1047 779 inter

88 803 303 853 scriptores
332 803 490 840 Latinos
517 802 668 840 mediae
692 804 838 840 aetatis
863 802 1047 842 laudatur

88 867 111 906 a
139 865 286 916 cangio
304 894 314 914 ,
341 876 571 915 quanquam
611 865 764 915 scripta
793 864 906 914 ejus,
936 877 1048 916 prac-

87 933 151 968 ter
178 928 366 967 Carmina
396 928 530 966 italica
562 927 862 967 Crescimbenio
899 939 1047 967 memo-

87 994 198 1038 rata,
229 989 365 1029 referri
396 989 502 1029 nulla
534 990 795 1028 meminerim.
828 990 925 1029 Vide
953 991 1043 1030 iulii

86 1053 191 1105 Nigri
223 1052 428 1091 historiam
459 1053 699 1104 scriptorum
726 1053 1042 1093 Florentinorum

87 1126 178 1167 pag.
201 1114 291 1155 538.
317 1125 404 1165 seq.

140 1177 392 1219 OCTAVIUS
438 1176 663 1229 Cleophilus
684 1207 693 1224 ‚
737 1188 833 1217 vero
880 1190 1046 1229 praeno-

89 1241 196 1279 mine
225 1238 493 1287 Franciscus,
524 1239 677 1279 Octavii
700 1240 804 1280 tilius
826 1241 1044 1280 Phanensis

88 1303 174 1341 sive
202 1303 419 1350 Fanensis,
452 1304 568 1341 Poeta
591 1306 632 1340 et
655 1303 888 1351 Litterator‚
913 1305 1044 1342 extin-

86 1368 179 1403 ctus
205 1364 496 1404 centumcellis
527 1367 564 1403 in
596 1366 706 1404 ltalia
736 1365 810 1404 An.
837 1367 942 1406 4490
964 1378 1042 1417 quo

87 1437 192 1465 anno
221 1427 350 1466 lucem
382 1428 528 1467 Romae
558 1428 658 1466 vidit
688 1428 775 1478 ejus
796 1428 940 1468 Faneis
957 1431 1043 1467 sive

86 1488 136 1528 de
163 1489 266 1528 bello
295 1491 463 1529 Fanensi
486 1491 570 1529 libri
599 1492 662 1530 ΙΙΙ.
690 1491 844 1529 heroico
868 1493 1044 1531 carmine

84 1552 143 1591 De
172 1552 253 1590 vita
282 1553 372 1602 ejus
414 1553 652 1592 Franciscus
697 1552 936 1603 Polyardus‚
976 1555 1046 1592 Fa-

84 1615 236 1654 nensis.
264 1615 332 1653 De.
364 1616 525 1666 scriptis
554 1616 674 1654 etiam
705 1616 871 1655 Vossius
900 1616 967 1655 lib.
991 1617 1043 1654 111

83 1677 132 1716 de
178 1676 383 1716 Histori'cis
426 1679 576 1717 Latinis
619 1690 705 1728 pag.
744 1679 833 1717 840.
865 1689 948 1728 seq.
980 1680 1043 1718 cui

84 1739 185 1779 adde
213 1739 319 1791 quod
349 1741 503 1780 Octavii
540 1740 740 1790 Epistolas
782 1752 962 1779 amorum
995 1740 1043 1779 ad

81 1803 225 1843 Iuliam
257 1803 332 1843 sub
360 1802 564 1842 Bernardi
585 1801 743 1843 Cillenii
771 1804 930 1841 nomine
961 1803 1043 1842 edi-

78 1866 138 1906 dit
155 1865 372 1905 Goldastus
392 1867 495 1904 inter
518 1866 721 1905 Catalecta
745 1865 888 1904 Ovidii.
914 1867 1038 1904 Fran-

81 1929 156 1969 cos.
188 1930 306 1969 4640.
326 1930 362 1968 8.
385 1934 427 1967 et
446 1929 522 1969 sub
542 1940 714 1980 genuino
739 1929 898 1967 nomine
917 1929 1044 1966 Fran-

81 1991 178 2030 cisci
202 1991 359 2031 Octavii
371 1992 568 2031 Gruterus
592 1996 688 2030 tom.
709 1992 746 2030 2.
771 1991 885 2029 delic.
904 1993 1043 2031 Poctar

83 2052 218 2094 Italor.
247 2065 334 2106 pag.
367 2055 456 2095 436.
487 2053 577 2094 445.

133 2116 390 2157 OCTAVIUS
419 2115 669 2156 Horatianus
695 2116 872 2155 Medicus
894 2146 902 2164 ‚
935 2118 1039 2155 circa

80 2178 155 2219 An.
187 2179 276 2218 390.
307 2179 357 2218 de
387 2191 466 2230 quo
493 2180 591 2219 Bibl.
638 2180 763 2218 Latin.
809 2180 876 2218 IV.
906 2181 968 2219 42.
1000 2185 1040 2218 et

81 2252 201 2294 supra
232 2243 272 2282 in
300 2241 576 2282 NUENARIO.

133 2303 297 2353 ODDO,
328 2306 429 2345 infra
459 2307 575 2346 ODO.

131 2367 441 2414 ODELRICUs,
472 2368 569 2407 infra
603 2366 831 2408 Uldaricus.

131 2429 465 2477 ODENDUNUS‚
490 2430 528 2477 b)
557 2433 604 2468 ut
629 2441 696 2481 eqo
717 2430 877 2481 accepi,
909 2432 1037 2481 inquit

80 2503 166 2542 cap.
204 2492 294 2531 340.
325 2492 551 2540 Lelandus,
581 2492 795 2531 Monachus
839 2493 1038 2532 Eovesha-

79 2551 226 2592 mensis
249 2555 283 2602 c)
297 2552 388 2606 fuit,
410 2553 591 2605 idemque
610 2553 870 2606 Philosophus
890 2566 937 2592 ac
954 2557 1038 2593 Ma-

83 2615 316 2655 thematicus
359 2615 542 2668 inprimis
575 2615 758 2655 illustris.
790 2617 961 2668 Scripsit
994 2618 1038 2656 li-

81 2679 195 2717 brum
218 2678 266 2717 de
287 2678 461 2717 motibus
485 2679 748 2729 planetarum,
779 2679 850 2729 qui
867 2683 904 2717 et
927 2680 1037 2718 thoo—

81 2741 202 2780 ricam
231 2738 381 2791 refert,
409 2751 457 2779 ac
488 2740 678 2779 Almanac
706 2739 901 2778 Judaeum
920 2741 957 2789 d)
978 2753 1037 2780 se-

81 2805 197 2842 cutus
211 2805 279 2840 est.
297 2803 592 2851 Bertholetuse)
610 2800 789 2842 Medicus
807 2801 914 2841 cliaez't
929 2803 1034 2852 mihi,

79 2873 122 2904 se
148 2862 365 2916 aliquando
397 2863 538 2917 leyisse
579 2864 786 2904 Odenduni
824 2864 1036 2918 eleyantem

81 2926 130 2966 de
159 2928 380 2966 mutatione
408 2929 512 2967 aeris
544 2926 729 2967 libellum.

134 3068 173 3109 a)
195 3069 331 3102 Carolus
355 3070 525 3101 cartarius
549 3071 582 3100 in
605 3069 735 3109 syliabo
752 3068 938 3103 advocator
952 3073 1037 3104 sacri

74 3119 279 3153 consistorii
304 3127 379 3160 pag.
399 3119 448 3150 3⁴16.

135 3170 173 3212 b)
192 3170 289 3202 Baleo
310 3172 347 3201 X.
371 3170 422 3201 75.
447 3169 671 3208 odinqconns
686 3193 694 3206 ‚
719 3170 803 3201 cirsa
826 3172 887 3199 An.
913 3168 1001 3202 1280.

2000 241 2077 282 1123

1169 304 1420 346 ODERICUS
1445 308 1532 345 sive
1559 305 1770 358 odoricus,
1794 309 2009 351 Ordericus
2025 313 2074 351 de

1119 367 1310 418 Forojulio
1347 370 1432 408 sivc
1459 381 1479 407 c
1510 376 1624 421 portu
1655 371 1801 411 Naonis
1825 375 1967 425 oppido
1989 377 2074 415 Fori

1119 431 1240 478 Julii,
1271 431 1363 470 Ord.
1397 433 1530 470 Minor.
1576 433 1791 474 defunctus
1825 437 1927 475 Utini
1958 439 2074 477 Anno

1122 493 1236 532 4334.
1266 493 1314 532 de
1344 505 1422 544 quo
1455 500 1610 543 praeter
1632 496 1898 549 Waddingum
1921 501 2075 540 Bollan-

1120 553 1196 592 dus
1226 556 1262 592 in
1292 554 1403 594 Actis
1434 557 1611 595 Sanctor.
1637 562 1730 598 tom.
1756 561 1790 598 4.
1811 562 1987 601 Januarii
2011 565 2074 603 44.

1120 628 1205 668 pag.
1237 618 1325 656 983.
1357 629 1439 668 seq.
1467 620 1634 670 scriptor
1661 622 1721 661 hic
1743 622 1942 663 Historiae
1960 637 2075 677 pere-

1115 679 1355 729 qrinationis
1391 691 1490 719 suae
1529 687 1573 720 ut
1611 689 1726 722 vocat
1758 686 1948 725 Trithern.
1987 699 2074 739 cap.

1120 742 1209 781 560.
1251 744 1338 780 sive
1382 743 1593 782 Itinerarii
1631 746 1830 786 sexdecim
1876 761 2072 790 annorum

1113 815 1190 854 per
1205 808 1343 855 partes
1371 805 1453 844 sive
1476 807 1650 857 reqionis
1684 808 1922 860 Infidehum,
1949 816 1992 850 ut
2017 814 2073 851 in-

1119 867 1305 906 scribitur
1339 870 1375 906 in
1408 869 1550 909 Codice
1581 870 1814 910 Cottoniano
1844 885 1880 922 p.
1911 874 1973 912 74.
2012 874 2072 913 Ab

1119 929 1205 968 aliis
1236 929 1338 968 idem
1370 933 1561 982 scriptum
1595 939 1762 974 vocatur
1792 936 1887 974 liber
1922 937 1967 975 de
2001 937 2072 976 mi-

1117 989 1313 1031 rabilibus
1336 993 1474 1032 Mundi
1489 1025 1500 1043 ‚
1525 995 1587 1033 vel
1617 997 1736 1035 ctiam
1753 996 1799 1035 de
1822 997 1992 1038 (liversis
2015 1001 2072 1037 ri-

1119 1051 1224 1093 tibus
1252 1058 1292 1093 ec
1327 1055 1611 1096 conditionibus
1650 1057 1769 1098 huius
1794 1059 1944 1100 Mundi.
1976 1062 2070 1100 Vide

1118 1117 1301 1156 Vossium
1334 1129 1419 1169 pag.
1451 1121 1539 1158 5l0.
1572 1121 1714 1159 Exstat
1735 1123 1771 1160 in
1801 1124 1927 1162 Lucae
1953 1124 2072 1163 Wad-

1119 1179 1225 1231 dingi
1257 1181 1468 1220 annalibus
1515 1184 1708 1222 Minorum
1743 1189 1849 1223 tomo
1879 1188 1995 1224 tertio
2023 1186 2071 1225 ad

1118 1243 1192 1280 An.
1225 1243 1342 1282 4334.
1375 1255 1485 1283 num.
1516 1247 1579 1284 44.
1609 1251 1648 1284 et
1680 1247 1716 1283 in
1747 1248 1922 1286 Bollandi
1961 1249 2072 1287 Actis

1117 1304 1292 1343 Sanctor.
1337 1309 1432 1344 tom.
1465 1308 1500 1345 4.
1545 1308 1705 1347 Januar.
1736 1321 1820 1360 pag.
1853 1312 1941 1349 986.
1979 1313 2069 1351 994.

1116 1366 1261 1405 additis
1290 1369 1409 1406 etiam
1437 1371 1565 1408 notis:
1590 1375 1630 1409 et
1654 1376 1807 1421 partem
1833 1378 1860 1410 t.
1888 1375 1923 1412 4.
1948 1375 2068 1425 April.

1118 1431 1151 1468 4.
1183 1441 1270 1480 pag.
1301 1431 1363 1469 52.
1395 1441 1478 1481 seq.
1508 1433 1639 1471 Etiam
1677 1433 1825 1472 Gallico
1855 1434 1927 1474 hoc
1958 1437 2070 1474 itinc-

1116 1492 1263 1530 rarium
1294 1498 1427 1531 exstat
1458 1495 1494 1531 in
1518 1495 1613 1533 Bibl.
1636 1496 1869 1535 Cottoniana
1895 1509 1981 1549 pag·
2005 1499 2069 1538 75.

1117 1555 1268 1592 Joanne
1299 1555 1430 1606 Longo
1452 1557 1680 1606 interprete.
1706 1558 1738 1596 A
1760 1558 1981 1611 Waddingo
2006 1572 2074 1599 au-

1117 1620 1197 1654 tem
1225 1622 1382 1667 praeter
1404 1619 1611 1658 Sermones
1635 1619 1817 1659 diversos
1841 1626 1960 1672 atquc
1983 1622 2074 1673 Epi-

1116 1676 1238 1717 stolas
1280 1680 1429 1718 multas
1473 1681 1644 1720 traditur
1688 1682 1822 1721 itidem
1863 1687 2073 1735 scripsisse

1120 1739 1320 1780 Chronica
1363 1743 1636 1794 compendiosa
1664 1747 1685 1784 a
1725 1745 1855 1784 Mundi
1886 1747 2072 1793 exordio,

1119 1803 1166 1842 ad
1200 1804 1317 1842 finem
1351 1805 1473 1845 ferme
1495 1807 1751 1847 Pontificatus
1775 1810 1939 1847 Joannis
1960 1811 2073 1849 xxii

1121 1879 1170 1906 ex
1195 1867 1351 1918 illisque
1376 1867 1581 1907 Chronicis
1605 1870 1686 1909 loca
1710 1871 1903 1921 quaedam
1931 1873 1967 1910 in
1994 1873 2074 1912 An-

1119 1929 1275 1968 nalibus
1306 1932 1498 1970 Minor-um
1532 1933 1622 1972 hinc
1666 1934 1755 1972 inde
1800 1934 2075 1985 producuntur

1117 1993 1235 2031 etiam
1258 1994 1277 2032 a
1296 1994 1458 2032 Baluzio
1483 2006 1531 2033 ex
1553 1995 1695 2035 Codice
1714 1997 1938 2035 Colbertino
1963 2009 2069 2037 num.

1116 2054 1232 2093 5495.
1265 2057 1301 2093 in
1334 2058 1438 2095 notis
1467 2056 1514 2095 ad
1548 2059 1672 2108 Papas
1703 2058 2006 2099 Avenionenses
2036 2073 2071 2112 p.

1117 2118 1233 2158 4442.
1265 2119 1381 2158 4447.
1412 2119 1479 2158 sed
1513 2120 1576 2158 hic
1608 2126 1725 2172 nef-iat
1763 2121 1972 2161 Odoricum
2005 2124 2072 2163 ha-

1114 2181 1207 2219 bere
1229 2186 1431 2220 auctorem
1447 2213 1457 2229 ‚
1488 2184 1801 2222 Franciscanum
1825 2190 1955 2223 tamen
1977 2188 2069 2224 scri-

1113 2247 1265 2293 ptorem
1311 2244 1549 2292 confitetur,
1584 2245 1820 2294 illorumque
1864 2247 2067 2297 aequalem

1113 2309 1351 2356 temporum,
1378 2306 1445 2344 sed
1465 2308 1530 2356 qui
1552 2308 1817 2345 narrationem
1841 2319 1953 2346 suam
1979 2320 2070 2347 con-

1112 2368 1330 2406 tinuaverit
1362 2379 1489 2419 usque
1519 2369 1566 2407 ad
1598 2368 1855 2408 Benedictum
1888 2371 1974 2409 ΧΗ.
1997 2371 2067 2409 hoc

1112 2434 1175 2467 est
1205 2431 1306 2468 ultra
1339 2430 1413 2468 An.
1445 2431 1561 2470 4334,

1163 2493 1254 2540 (⁶236
1267 2491 1550 2542 Eloqiostorico
1565 2491 1641 2530 alle
1651 2492 1833 2543 qestadel
1841 2494 1883 2531 B.
1902 2493 2066 2531 Odoreco

1110 2553 1195 2592 dell'
1212 2554 1294 2593 ord.
1322 2555 1368 2595 de
1386 2556 1536 2593 Minori
1556 2554 1817 2594 conventuali
1837 2566 1904 2593 con
1927 2555 1963 2593 Ia
1980 2558 2066 2593 Sto-

1110 2616 1176 2654 ria
1204 2616 1255 2654 (la
1285 2616 1344 2655 lui
1362 2616 1510 2655 dettata
1532 2616 1588 2654 (le'
1609 2616 1699 2655 suoi
1728 2616 1863 2667 viayyi
1899 2618 2066 2657 Asiatici

1110 2676 1315 2716 illustrata
1339 2677 1389 2716 da
1411 2690 1463 2716 un
1494 2678 1673 2729 rele‘571‘oso
1697 2677 1784 2717 dcll’
1803 2678 1896 2717 ΟΜΖ.
1925 2684 2062 2720 stesso.

1111 2740 1161 2787 (F.
1191 2740 1288 2779 Gius
1332 2742 1468 2788 voum)-
1501 2742 1595 2778 Yon.
1633 2741 1740 2779 latta
1787 2743 1899 2780 4761.
1934 2744 1966 2780 i.
1999 2745 2060 2789 tif-⁷.

1110 2802 1226 2841 Card.
1258 2805 1296 2841 L.
1327 2804 1555 2854 Canganclli
1587 2802 1802 2852 atomum.)

1162 2865 1414 2905 ODERICL'S
1432 2869 1517 2904 sivo
1535 2866 1831 2911 OLDERIUFS,
1844 2865 2061 2908 odelricus.

1113 2928 1338 2978 Odelerius,
1361 2928 1584 2973 Odelerius,
1612 2928 1826 2967 ordericus
1842 2960 1850 2969 .
1868 2931 2065 2970 vimus

1102 3073 1217 3104 Baleus
1242 3078 1400 3105 memorat
1424 3076 1458 3104 Χ.
1482 3074 1532 3105 74.
1559 3081 1587 3106 οι
1613 3084 1648 3106 οι
1667 3084 1705 3105 co
1730 3076 1856 3105 Pitscus
1881 3082 1954 3112 pag.
1996 3074 2070 3104 542¹.

1103 3124 1204 3161 nujus
1223 3122 1368 3153 Prosarii
1398 3123 1548 3161 tabulas,
1575 3126 1696 3163 quinus
1724 3127 1772 3155 usi
1796 3127 1896 3155 ctiam
1922 3125 2072 3164 ⁴tlphon-

1104 3171 1252 3201 sinerum
1283 3169 1468 3201 tabularum
1503 3177 1676 3210 auctores,
1717 3173 1812 3204 edere
1843 3173 1947 3203 voluit
1987 3174 2072 3203 inter

138 3222 170 3257 c)
199 3220 474 3252 Evesliamensis
490 3243 500 3258 ‚
522 3218 599 3250 Ord.
618 3217 744 3250 Bencd.
759 3219 876 3250 Confer
891 3221 1038 3251 Pitseum
1105 3220 1350 3250 mathematicos
1368 3224 1492 3250 wieres
1512 3221 1682 3253 Edu-ardus
1712 3222 1907 3254 Bcrnardns.
1938 3225 1981 3253 De
1995 3224 2072 3254 aiii>

73 3277 148 3311 pag.
177 3271 252 3304 56⁸2,

133 3320 169 3360 d)
193 3321 397 3363 Prosae-ium
420 3321 593 3352 Judaeum
624 3319 807 3359 Anqlimnn
823 3343 831 3356 ,
872 3321 957 3350 circa
987 3323 1045 3351 An.

74 3369 166 3402 126⁰.
195 3373 294 3412 cujus
312 3371 445 3405 tabulas
468 3374 577 3402 motus
606 3373 744 3401 octavae
767 3369 924 3409 sphaerae
960 3370 1045 3402 idern

1107 3272 1175 3308 rjus
1198 3270 1332 3308 scriptis
1358 3268 1430 3300 vide
1457 3272 1642 3302 venerandi
1670 3274 1773 3304 nostri
1795 3273 1898 3304 Wollii
1915 3272 1996 3303 nihl.
2014 3275 2072 3302 14η·-

1110 3319 1240 3349 inm-mn
1267 3327 1297 3349 n.
1327 3318 1413 3349 mio.
1434 3324 1512 3351 torn.
1536 3319 1545 3351 i
1575 3331 1603 3361 p.
1627 3322 1700 3353 0⁸8.
1727 3327 1757 3353 rt
1784 3327 1807 3354 ι.
1833 3324 1886 3353 ΙΙΙ.
1907 3331 1938 3362 p.
1957 3321 2030 3352 tiit.

1176 3368 1207 3398 θ’)
1232 3368 1468 3401 Bartloetctus.
