2517 4009
949 237 1220 279 NlCE'l't
2024 237 2076 275 97

86 315 307 355 Monasterii
331 312 539 363 complexo
560 311 599 349 S.
636 308 846 348 Ambrosiii
876 313 917 347 et
951 309 1040 347 Ful-

85 378 209 428 gentii
237 376 286 415 de
303 374 371 415 SS.
389 375 584 414 Trinitate
600 377 640 411 et
657 373 850 423 Fulgentii
867 372 916 411 de
932 382 1040 410 crea·

85 440 188 478 turis
209 440 233 478 a
254 437 362 478 DEO
383 437 432 475 de
458 435 578 473 nihilo
598 436 752 474 creatis.
784 435 937 485 Scripta
976 433 1039 471 illa

84 499 246 539 Nicetae
271 501 308 537 in
332 498 510 549 Epist-ola
535 498 688 536 ilenrici
717 508 767 534 ex
808 496 871 534 illo
908 497 1040 534 Mona-

83 563 204 601 sterio
223 560 271 600 ad
295 560 542 610 Stephanum
563 558 834 608 Philosophiae
849 558 955 596 fonte
971 557 1039 596 de-

83 627 224 664 center
246 622 444 661 imbutum
470 621 545 660 An.
569 621 671 660 4093
707 620 798 659 data
821 623 862 658 et
885 621 907 658 a
935 620 1038 658 cele·

14 711 15 714 =
80 685 252 725 berrimo
274 684 550 724 Montfaucono
574 683 736 732 vulgata
761 683 798 719 in
816 682 944 720 Diario
961 683 1039 720 Ita-

83 747 157 786 lico
185 757 273 797 pag.
294 747 362 785 84.
383 745 480 784 haec
500 749 622 784 sunt:
648 745 703 782 De
730 744 886 782 ratione
925 742 1042 781 Fidei

80 808 138 846 De
158 806 337 859 Spiritus
360 808 402 847 S.
415 811 603 858 potentia.
629 807 683 844 De
715 804 886 844 diversis
908 803 1040 856 appel-

82 865 294 906 lotionibus
341 866 504 904 Domino
542 868 675 904 nostro
716 865 827 904 JEsu
870 865 1040 905 CHristo

81 927 417 968 convenientibus.

134 989 307 1029 NICETI
322 991 483 1040 Epicopi
501 986 647 1027 librum
661 987 708 1026 de
728 987 825 1026 Fide
840 999 1042 1026 commen-

79 1051 148 1092 dat
170 1051 436 1091 Cassiodorus
463 1062 548 1102 cap.
575 1051 638 1090 46.
658 1051 959 1089 Institutionum
981 1053 1042 1089 Di-

80 1115 278 1152 vinarum.
305 1114 508 1152 Incertum
534 1124 584 1152 an
605 1111 780 1151 eundem
818 1123 910 1151 cum
942 1113 1040 1151 libro

81 1176 220 1226 quinto
243 1173 391 1214 Niceae
410 1174 460 1213 de
483 1185 562 1225 quo
582 1185 715 1224 supra.

132 1235 374 1276 NICETlUM
398 1235 694 1285 Trajectensem
719 1236 820 1274 circa
839 1234 913 1274 An.
950 1236 1039 1275 536.

79 1308 200 1347 quem
224 1301 418 1335 memorat
448 1297 622 1346 cangius
644 1296 884 1346 Episcopum
905 1326 913 1342 ‚
955 1298 1042 1336 nul-

82 1357 165 1396 lum
191 1358 370 1408 reperio,
403 1368 533 1407 neque
574 1358 757 1395 meminit
793 1359 913 1396 citato
956 1358 1040 1396 loco

79 1418 326 1459 Dacherius:
347 1419 414 1469 qui
435 1419 558 1457 etiam
578 1419 766 1458 NICETII
797 1418 1039 1468 Lugdunen-

80 1481 135 1519 sis
156 1509 166 1530 ‚
189 1481 257 1531 qui
279 1480 418 1520 eadem
435 1481 538 1519 vixit
575 1485 817 1530 tempestate
848 1482 903 1519 ait
942 1481 1038 1520 nihil

79 1545 218 1580 extare
238 1572 247 1592 ,
276 1542 383 1592 quod
407 1553 500 1581 eum
524 1546 729 1581 auctorem
753 1542 1036 1592 opusculorum

80 1603 158 1643 sub
183 1603 322 1643 Nicetii
347 1605 603 1642 Trevirensis
637 1605 802 1642 nomine
839 1603 1037 1642 editorum

80 1666 206 1716 possit
224 1664 407 1704 suadere.

133 1726 174 1766 S.
194 1726 431 1766 NICETIUS
463 1725 710 1766 Trevirensis
735 1726 784 1765 ab
803 1724 850 1764 A.
875 1726 964 1765 527.
990 1726 1039 1765 ad

80 1787 172 1827 566.
194 1789 444 1840 Episcopus,
469 1788 518 1827 de
543 1799 622 1838 quo
644 1789 839 1826 Baronius
863 1788 910 1826 ad
941 1791 1042 1827 Mar-

83 1849 253 1901 tyrolog.
278 1852 390 1889 Rom.
413 1851 460 1890 V.
490 1850 700 1889 Decembr.
743 1850 1038 1889 Sammarthani

80 1915 110 1949 t.
137 1913 152 1950 4
180 1911 333 1951 Galliae
358 1904 614 1951 Christianae
638 1922 725 1961 pag.
750 1909 842 1950 747.
879 1922 963 1961 seq.
1001 1917 1042 1950 et

79 1970 264 2012 Oudinus
289 1979 370 2013 tom
396 1975 411 2014 4
439 1985 527 2025 pag.
553 1973 668 2012 4449.
688 1984 772 2023 seq.
793 1972 932 2011 Nicetii
950 1974 1042 2024 Epi-

75 2035 184 2086 scopi
217 2039 415 2075 tractatus
459 2034 508 2074 de
549 2033 696 2085 viyz'lz'is
726 2046 933 2085 perperam
974 2037 1043 2073 tri-

80 2095 204 2136 butus
240 2098 281 2136 S.
327 2096 625 2137 HIERONYMO
662 2102 782 2147 atque
818 2098 921 2135 inter
953 2097 1041 2147 ejus

78 2159 226 2208 scripta
266 2158 426 2207 editus,
451 2158 533 2197 sed.
559 2160 710 2198 auctori
735 2169 808 2197 suo
828 2160 1040 2198 restitutus

76 2231 100 2260 a
121 2220 316 2260 Dacherio
335 2224 430 2259 tom.
457 2222 480 2260 3
501 2221 694 2270 spicilegii
722 2220 828 2270 (edit.
855 2232 982 2259 novae
1007 2226 1040 2259 t.

81 2284 97 2322 4
133 2294 170 2333 p.
192 2282 285 2330 224)
309 2282 373 2322 ubi
396 2282 628 2322 inscribitur
652 2281 699 2320 de
721 2281 869 2332 vzyzlz‘is
906 2293 1041 2321 servo-

79 2355 173 2383 rum
193 2344 300 2394 DEI,
325 2356 400 2383 nec
423 2348 559 2383 tamen
585 2343 634 2382 de
658 2345 865 2382 Laicorum
896 2345 1040 2393 vigiliis

77 2407 210 2456 agitur
227 2434 237 2454 ,
262 2417 335 2444 nec
359 2405 526 2444 Abbatis
556 2404 617 2443 hic
647 2415 779 2442 sermo
808 2409 871 2442 est
894 2405 941 2443 ad
967 2407 1044 2443 Mo-

78 2467 247 2517 nachos,
263 2466 332 2505 sed
361 2467 544 2516 Episcopi
563 2466 754 2515 populum
775 2466 1014 2516 alloquentis
1033 2497 1041 2515 ‚

77 2533 124 2566 ut
152 2527 252 2566 bene
281 2527 513 2566 observavit
539 2527 719 2565 Valesius
750 2526 796 2564 ad
834 2528 1041 2565 Sozomeni

79 2589 180 2627 V111.
210 2589 246 2626 8.
261 2600 349 2639 pag.
371 2588 460 2627 462.
478 2586 695 2637 Subjunxit
716 2587 932 2626 Dacherius
953 2588 1042 2626 Ser-

80 2661 239 2689 monem
259 2649 306 2689 de
323 2648 573 2689 psalmodiae
589 2647 698 2695 bono,
715 2660 834 2698 quom
856 2660 930 2686 una
947 2660 1040 2687 cuin

78 2713 283 2763 superiore
311 2711 358 2750 ad
380 2713 576 2751 Nicetium
608 2712 694 2749 sive
716 2709 893 2748 Nicetam
925 2709 1042 2748 Daco-

81 2785 170 2813 rum
197 2774 441 2825 Episcopum
462 2773 548 2822 (hoc
565 2777 628 2811 est
650 2771 842 2810 NICEAM
878 2771 927 2808 dc
964 2782 1042 2820 quo

79 2832 213 2883 supra)
242 2832 415 2871 retulere
443 2830 611 2870 Codices
640 2831 894 2879 Manuscripti
914 2831 1044 2880 inspe-

81 2894 135 2932 cti
158 2892 314 2932 Labbeo
338 2905 424 2944 pag.
450 2894 514 2932 26.
539 2893 636 2932 Bibl.
670 2904 795 2930 novae
830 2892 1044 2930 Manuscri-

80 2958 253 3006 ptorum.
284 2956 458 2994 Exstant
486 2960 526 2993 et
555 2955 644 3005 ejus
670 2952 870 3004 Epistolae
894 2952 996 2991 (luae
1020 2955 1040 2991 a

81 3015 291 3056 Sirmondo
316 3017 486 3066 primum
509 3020 605 3054 tom.
627 3017 641 3054 4
670 3016 878 3054 Concilior.
895 3015 1042 3053 Galliac

79 3087 168 3129 pag.
191 3078 281 3117 340.
313 3077 402 3117 322.
436 3081 475 3115 ct
500 3077 523 3115 a
547 3077 686 3116 Carolo
716 3077 868 3115 Cointio
893 3081 972 3113 tom
1004 3077 1040 3113 2.

80 3137 223 3178 Annal.
247 3140 429 3178 Francor.
457 3149 547 3189 pag.
571 3139 633 3176 80.
659 3142 699 3175 ct
724 3139 789 3175 ⁶235.
813 3142 934 3186 atque
953 3137 1042 3174 inde

82 3200 120 3246 in
151 3202 270 3240 tomis
290 3200 557 3239 Conciliorum
576 3199 780 3249 vulgatae,
806 3209 882 3237 una
904 3196 1044 3235 adlu-

133 3339 168 3378 ο)
190 3340 332 3373 Gonzalo
359 3340 488 3372 lllcscas
512 3344 591 3371 torn.
620 3339 646 3370 l.
684 3347 757 3378 pag.
783 3338 856 3370 283.
895 3337 1044 3369 Labbcus

1112 307 1327 347 stinianum
1353 308 1447 358 Imp.
1476 317 1552 356 qua
1578 317 1671 344 eum
1695 310 1875 346 extrema
1892 311 2020 346 aetate
2038 309 2075 346 in

1115 370 1295 409 haeresin
1323 370 1690 408 Phantasiastarum
1715 372 1756 406 et
1779 368 2079 418 Aphthardoce-

1109 437 1239 471 tarum
1269 431 1414 482 prolabi
1448 432 1577 467 visum
1611 434 1772 468 revocat
1799 430 1849 468 ab
1877 441 2009 468 errore
2038 436 2079 469 et

1114 494 1238 532 altera
1269 492 1323 530 ad
1348 489 1694 532 Chlodoswindam
1725 491 1924 541 (Gregorio
1953 493 2078 531 Turo-

1115 557 1228 593 nensi
1261 555 1320 593 lV.
1352 555 1390 593 3.
1419 559 1459 591 ot
1490 552 1854 600 35.(‘;10tsindam)
1884 554 2073 603 Reginam

1114 616 1480 667 Longobardorum‚
1512 620 1556 654 ut
1571 615 1781 653 Alboinum
1799 616 1942 664 Regem
1959 626 2078 665 spon—

1113 691 1202 718 sum
1235 690 1353 718 sunm
1386 678 1434 716 ab
1465 688 1595 715 errore
1627 676 1862 715 Arianorum
1885 676 1931 714 ad
1959 676 2075 715 fidem

1114 740 1361 780 Catholicam
1387 739 1571 777 adducat.

1170 804 1210 841 S.
1240 801 1492 840 NICOLAUS
1524 801 1549 838 1.
1594 805 1855 849 cognomento
1902 800 2072 849 lllaynus

1115 867 1148 913 a)
1179 867 1382 904 Romanus
1412 864 1566 913 patria,
1588 866 1628 900 et
1658 862 1759 910 Papa
1791 862 1991 898 Romanus
2028 860 2077 898 ab

1116 927 1190 965 An.
1221 926 1313 964 858.
1341 925 1404 962 25.
1436 925 1545 962 Mart.
1577 922 1625 961 ad
1657 923 1732 960 An.
1762 921 1851 959 867.
1883 922 1977 959 Νον.
2013 922 2073 960 42.

1116 987 1232 1038 cujus
1264 985 1463 1036 Epistulae
1505 989 1669 1023 centum
1714 984 1873 1021 circiter
1915 987 2078 1020 exstant

1111 1050 1284 1099 junctim
1315 1047 1444 1086 editae
1478 1048 1514 1083 in
1546 1046 1664 1084 tomis
1689 1045 1952 1084 Conciliorum
1979 1045 2076 1082 Binii

1115 1118 1209 1150 tom.
1242 1112 1302 1149 Vl.
1329 1111 1415 1147 sive
1445 1109 1540 1146 tomi
1571 1108 1674 1145 tertii
1707 1110 1817 1156 parte
1848 1108 1940 1144 het
1962 1106 2077 1155 Regia

1116 1179 1211 1211 tom.
1241 1172 1367 1211 XXII.
1398 1170 1538 1208 Labbei
1565 1173 1659 1205 tom.
1688 1167 1785 1205 Vlll.
1819 1166 2006 1204 llarduini
2048 1171 2075 1203 t.

1115 1237 1144 1273 V
1175 1239 1215 1273 et
1246 1235 1417 1272 maxime
1448 1231 1571 1269 Coleti
1604 1230 1752 1266 Veneta
1784 1234 1877 1265 tom.
1917 1230 1965 1266 X.
2012 1228 2077 1266 ubi

1115 1295 1314 1346 appendix
1344 1295 1462 1331 etiam
1495 1292 1610 1329 tertia
1640 1302 1687 1328 cx
1718 1290 1866 1328 Baluzii
1898 1294 1991 1327 tom.
2033 1290 2077 1326 V.

1116 1357 1330 1397 Miscellan.
1362 1366 1451 1405 pag.
1481 1353 1570 1391 1479.
1604 1351 1691 1389 485.
1725 1351 1813 1388 487.
1842 1355 1881 1389 et
1899 1350 2078 1388 Dacherii

1113 1426 1208 1457 tom.
1243 1419 1303 1457 42.
1335 1416 1510 1466 spicileg.
1542 1425 1629 1464 pag.
1664 1412 1726 1449 42,
1765 1413 1874 1460 (tom,
1922 1413 1935 1450 4
1984 1411 2078 1448 odit.

1115 1492 1240 1519 novae
1272 1490 1357 1530 pag.
1383 1478 1488 1519 596.)
1510 1477 1659 1514 Earum
1691 1474 1868 1511 omnium
1900 1474 2078 1510 notitiam

1113 1542 1254 1582 tradidi
1286 1546 1380 1579 tom.
1412 1539 1466 1576 IX
1496 1537 1594 1575 Bibl.
1636 1537 1809 1574 Graecae
1850 1545 1937 1584 pag.
1983 1534 2071 1571 530.

1112 1617 1194 1655 seq.
1239 1605 1297 1642 Ex
1346 1602 1407 1639 his
1450 1598 1648 1649 Epistolas
1678 1595 1879 1634 sexdecim
1910 1605 2071 1632 causam

1112 1667 1238 1705 Photii
1269 1667 1500 1714 spectantes
1530 1665 1570 1698 et
1588 1658 1726 1696 iisdem
1748 1658 1824 1695 illis
1844 1655 2078 1694 adMichae-

1115 1727 1188 1766 lem
1214 1727 1452 1776 Imperator.
1481 1732 1600 1773 quam
1632 1720 1680 1759 ab
1701 1722 1785 1769 ipso
1802 1719 1991 1767 scriptam
2010 1729 2077 1755 no-

1116 1794 1217 1828 tavit
1245 1787 1485 1826 Anastasius
1518 1783 1613 1822 Bibl.
1644 1786 1684 1819 et
1716 1781 1882 1818 Decreta
1910 1791 1960 1816 ex
1980 1780 2077 1817 Gra—

1115 1853 1221 1890 tiano
1251 1852 1290 1888 in
1322 1859 1445 1888 unum
1476 1845 1639 1884 collecta
1670 1847 1710 1880 et
1740 1842 1827 1880 sub.
1864 1842 1951 1879 XX.
1983 1842 2076 1878 titu-

1116 1915 1164 1952 lis
1193 1913 1346 1963 digesta
1391 1908 1514 1946 edidit
1554 1908 1613 1944 Jo.
1658 1903 1880 1948 cochleas,
1923 1902 2073 1951 Lipsiae

1117 1975 1232 2014 4536.
1266 1975 1300 2011 4.
1332 1971 1427 2010 Inde
1459 1971 1603 2007 Romae
1637 1965 1750 2004 4542.
1790 1964 1858 2001 fol.
1891 1963 2075 2000 Coloniae

1115 2041 1236 2086 atque
1266 2034 1355 2072 alibi
1388 2041 1528 2069 recusa
1561 2028 1715 2066 notavit
1760 2025 1855 2063 Lud.
1902 2024 2074 2062 lacobus

1116 2098 1213 2136 Bibl.
1243 2092 1474 2145 Pontificiae
1495 2103 1580 2142 pag.
1615 2089 1704 2128 463.
1728 2087 1836 2126 Alias
1878 2085 2074 2135 Epistulas

1115 2158 1310 2210 quasdam
1329 2158 1384 2194 J0.
1402 2153 1619 2193 Cordcsius
1640 2150 1763 2188 edidit
1778 2160 1869 2187 cum
1890 2147 2075 2185 [lincina-

1114 2222 1145 2259 ri
1174 2218 1383 2258 Remensis
1412 2214 1601 2265 Epistolis
1630 2213 1749 2250 l'aris.
1780 2210 1894 2248 0615.
1919 2209 1952 2246 4.
1977 2210 2075 2245 Lon-

1114 2293 1162 2333 ge
1191 2281 1328 2331 plures
1357 2289 1404 2316 cx
1435 2276 1573 2314 iisdem
1614 2273 1814 2324 Epistolac
1858 2272 1996 2309 obviae
2035 2271 2070 2306 in

1115 2348 1222 2381 tomo
1252 2341 1369 2378 tertio
1399 2337 1663 2377 Conciliorum
1711 2334 1860 2371 Galliae
1883 2361 1891 2374 ‚
1937 2342 2072 2369 recen-

1117 2407 1232 2442 sente
1264 2398 1495 2444 Sirmondo,
1525 2402 1565 2434 et
1591 2395 1693 2446 apud
1726 2394 1938 2432 Baronium
1965 2396 1992 2428 t.
2022 2392 2070 2428 X.

1117 2463 1261 2503 Annal.
1293 2463 1492 2510 Responsa
1519 2456 1575 2495 ad
1601 2453 1789 2495 Consulto
1807 2452 2070 2501 Bulqarorum

1116 2526 1253 2574 Capita
1276 2522 1369 2560 Lvi.
1397 2520 1577 2569 vulgavit
1599 2518 1833 2554 Franciscus
1853 2514 2070 2551 'l'urrianus

1115 2596 1207 2623 cum
1238 2580 1599 2622 Constitutionibus
1628 2577 1863 2628 Apostoliris
1882 2586 1930 2611 cx·
1952 2573 2069 2611 {irac-

1115 2658 1160 2683 co
1178 2675 1185 2691 ,
1201 2643 1509 2691 Canonibusquc
1527 2640 1708 2679 Nic-aenis
1727 2636 1948 2674 1.xxx.‹=x
1976 2635 2070 2672 Ara-

1116 2708 1201 2745 bico
1231 2707 1366 2744 Latine
1396 2704 1549 2750 vorsis,
1580 2702 1772 2748 Antvcrp.
1797 2698 1906 2736 ¹:378.
1931 2696 1992 2733 l'ol.
2012 2708 2067 2731 in-

1115 2769 1164 2806 do
1195 2768 1386 2806 Baronius
1416 2764 1463 2802 ad
1498 2766 1570 2801 Au.
1603 2762 1691 2800 366.
1724 2772 1760 2796 n.
1793 2761 1827 2796 7.
1861 2760 1912 2796 lli·
1956 2755 2068 2795 Salo-

1116 2841 1226 2867 mone
1255 2830 1356 2877 Regu
1387 2829 1557 2875 Mai-tyro
1588 2825 1625 2861 in
1664 2823 1862 2860 Britannia
1907 2819 2068 2857 Ari-ino-

1118 2894 1195 2929 rica
1220 2922 1230 2938 ,
1260 2889 1307 2928 ad
1339 2888 1457 2939 cujus
1489 2887 1724 2936 legationem
1742 2883 1868 2931 capita
1907 2891 2068 2929 respon·

1117 2955 1272 2990 sionum
1290 2951 1434 2991 Nicolai
1463 2951 1488 2987 l.
1517 2950 1638 2997 l'apnc
1661 2945 1871 2995 publicavit
1894 2942 2067 2979 Sirmon-

1116 3015 1192 3053 dus
1223 3019 1249 3051 t.
1276 3015 1297 3051 3
1321 3025 1356 3064 p.
1378 3013 1468 3050 274.
1494 3007 1735 3049 consulenda
1774 3006 1869 3043 Acta
1907 3006 2067 3040 Sancto-

1117 3087 1204 3114 rum
1237 3080 1262 3113 t.
1295 3076 1355 3113 Vl.
1387 3075 1490 3112 junii
1522 3072 1586 3109 ¹253.
1617 3082 1650 3119 p.
1684 3069 1771 3105 ¹228.
1801 3077 1883 3114 seq.
1909 3066 2066 3102 Praeter

1119 3137 1315 3187 Epistulas
1348 3135 1527 3173 laudatas
1556 3134 1575 3169 a
1607 3130 1809 3177 sigeberto
1830 3139 1863 3164 c.
1887 3126 1973 3165 102.
1992 3126 2068 3162 Du-

1118 3198 1266 3236 randus
1297 3197 1361 3234 lv.
1390 3197 1452 3234 24.
1483 3195 1531 3232 do
1561 3192 1708 3231 officiis
1736 3195 1775 3226 ct
1822 3188 2064 3226 ‘l‘rithemins

1111 3343 1134 3370 ι.
1157 3341 1175 3368 -.·
1199 3337 1238 3367 dc
1261 3340 1292 3368 s.
1315 3340 1348 3367 c.
1375 3345 1405 3375 p.
1436 3335 1501 3365 127.

1676 3400 1743 3438 lot
