2550 4009
0 1663 2 1705 ζ
73 1665 136 1705 dis
166 1666 230 1705 vel

0 1752 1 1755 =
73 1729 171 1768 locis
185 1728 683 1780 composuit.Singularem
702 1739 862 1780 quoque
879 1728 1038 1767 laudem

0 1818 3 1837 ,
74 1797 280 1831 merentur
315 1791 473 1831 additae
497 1804 519 1830 a
546 1791 700 1830 Watsio
721 1792 860 1830 Variae
889 1792 1041 1830 Lectio-

829 210 1300 252 MATTHAEUS
2008 216 2054 256 51

69 290 118 329 ad
140 289 253 330 4259.
271 299 346 329 una
358 285 761 325 cumcontinuatione
779 283 1021 324 GUlLELMl

70 349 307 403 Riskanyeri
325 349 373 388 ab
397 348 473 388 An.
499 347 615 387 4259.
635 347 682 386 ad
710 348 824 387 4273.
855 347 915 397 (de
945 357 1023 396 qua

68 427 188 467 supra
230 419 324 453 tom.
354 413 390 451 3.
436 422 524 462 pag.
564 411 666 458 453.)
707 410 812 449 edita
850 410 1022 461 primum

67 477 262 518 Matthaeo
308 474 476 514 Parkero
519 473 702 524 Archiep.
747 470 1024 512 cantuariensi

66 544 230 581 curante
255 537 377 577 Lond.
401 536 518 576 4574.
542 537 605 575 fol.
624 541 664 576 et
685 531 855 575 fideliter
871 544 1026 580 recusa,

68 613 115 643 ac
139 602 399 651 neutiquam,
427 604 470 638 ut
496 600 628 639 visum
668 599 834 638 Baronio
865 602 905 635 et
936 598 1029 635 Pos-

67 666 233 712 sevino,
262 663 311 702 ab
348 663 559 702 haereticis
605 662 865 712 interpolata,
895 660 1027 710 Tiguri

68 727 182 768 4606.
209 727 272 766 fol.
296 725 440 765 deinde
471 726 661 777 singulari
693 724 825 764 studio
855 723 1029 762 Wilelmi

69 790 208 836 WatS,
228 789 409 828 Doctoris
434 789 624 839 Theologi
655 787 777 827 Lond.
803 787 919 826 4640.
958 787 1029 825 Pa-

68 854 136 893 ris.
163 853 265 892 4644
287 855 409 903 atque
432 853 575 891 iterum
600 850 721 890 Lond.
748 850 849 889 4684
873 850 938 888 fol.
962 849 1029 900 qui

66 917 357 967 Manuscriptos
382 914 550 954 Codices
577 918 617 953 et
651 912 877 953 Chronicon
901 911 1032 951 minus

69 981 157 1019 sive
180 979 408 1029 Epitomen,
438 976 630 1016 Guilelmi
668 975 878 1015 Lambardi
910 986 1031 1013 manu

68 1045 274 1081 exaratam
299 1041 403 1079 circa
417 1050 481 1078 an.
503 1039 619 1079 4565.
645 1044 686 1077 et
707 1039 744 1076 in
770 1039 899 1089 priore
920 1042 1031 1089 parte

68 1115 200 1154 usque
215 1102 264 1142 ad
285 1115 349 1141 an.
375 1102 491 1142 4235.
513 1101 683 1140 contulit
704 1101 927 1140 Chronicon
950 1101 1033 1140 RO-

68 1165 187 1206 GERI
216 1163 470 1210 Wendoveri‚
494 1163 611 1213 cujus
629 1165 810 1214 vestigiis
828 1168 1032 1202 auctorem

69 1229 267 1268 institisse
304 1231 489 1278 apparet,
532 1227 822 1276 subiunxitque
864 1226 1034 1265 ineditas

0 1335 1 1339 ,
68 1295 186 1331 antea
209 1289 396 1329 Matthaei
421 1288 528 1328 Vitas
548 1287 721 1327 duorum
736 1288 919 1339 Offarum
935 1290 1034 1327 Mer-

68 1354 152 1393 ciae
174 1354 352 1404 Regum,
377 1352 503 1403 patris
524 1355 564 1390 et
591 1351 656 1390 filii
675 1383 685 1399 ,
711 1363 732 1389 e
758 1351 906 1401 quibus
928 1351 1034 1389 filius

0 1436 1 1446 2
69 1415 313 1457 Coenobium
340 1414 379 1453 S.
404 1413 547 1453 Albani
576 1413 773 1461 condidit,
797 1413 915 1463 cujus
945 1414 1035 1452 reli-

70 1478 188 1530 quiae
212 1487 355 1516 recens
376 1478 564 1515 inventae
585 1488 649 1515 an.
667 1476 758 1515 793.
775 1478 808 1525 a)
833 1480 873 1514 et
896 1475 1038 1526 viginti

0 1562 2 1566 ν
71 1540 194 1579 trium
212 1540 254 1580 S.
276 1537 425 1577 Albam
445 1537 647 1578 Abbatum
662 1570 672 1587 ‚
695 1550 769 1578 nec
791 1550 867 1577 non
891 1537 1037 1577 librum

73 1602 434 1642 additamenturum
458 1614 579 1653 quem
601 1602 828 1642 Matthaeus
849 1602 1038 1653 supplen-

271 1665 521 1705 illustrandis
551 1666 673 1704 variis
713 1665 901 1704 historiae
941 1676 1038 1704 suae

73 1865 169 1903 nes,
200 1866 346 1893 vocum
377 1855 634 1894 barbararum
666 1856 907 1906 glossarium
929 1886 939 1902 ,
972 1854 1040 1893 ad-

72 1918 275 1965 versaria,
307 1916 552 1968 iudicesque.
593 1916 812 1956 Historiam
841 1915 894 1955 ab
932 1915 1036 1956 Orbe

72 1979 223 2018 condito
252 1991 378 2032 usque
402 1979 457 2018 ad
477 1980 635 2019 Annum
665 1982 780 2020 4066.
819 1982 1037 2020 Manuscri-

72 2047 186 2094 ptum
213 2044 250 2081 in
280 2043 382 2082 Bibl.
414 2042 632 2094 Sidnejana
659 2049 855 2083 memorat
884 2045 1040 2084 Pitseus

72 2117 159 2158 pag.
190 2107 282 2146 338.
321 2118 372 2145 ex
409 2118 490 2158 qua
534 2107 752 2158 profecisse
795 2107 1039 2146 Matthaeum

72 2168 577 2218 westmonasteriensem,
619 2171 705 2208 sive
748 2172 880 2221 potius
910 2176 1038 2209 totum

74 2233 326 2282 expressisse
366 2236 478 2271 notat
516 2239 607 2283 post
638 2233 817 2272 Caveum
863 2233 1040 2283 aliosque

71 2293 174 2332 Guil.
198 2295 359 2333 Nichols
380 2295 418 2332 in
440 2295 538 2334 Bibl.
567 2295 850 2335 historicorum
875 2296 1041 2346 Angliae

71 2366 158 2407 pag.
188 2356 252 2395 62.
284 2358 496 2396 Praeterea
528 2358 674 2396 Baleus
703 2359 767 2397 IV.
797 2358 860 2397 27.
888 2370 1041 2397 memo-

72 2423 134 2458 rat
155 2418 468 2472 Descriptionem
489 2419 638 2459 Mundi
651 2422 738 2460 sive
758 2422 935 2460 tabulam
955 2433 1048 2471 geo-

73 2481 303 2531 graphicam
336 2482 506 2529 rudem,
546 2485 815 2533 praemissam
852 2483 1046 2522 historiae

73 2543 112 2580 in
142 2543 341 2582 Manuscr.
378 2545 497 2594 Regio
541 2545 661 2582 Lond.
703 2545 798 2583 Vide
827 2545 1034 2585 Oudinum

73 2609 169 2643 tom.
187 2606 223 2645 3.
249 2617 334 2657 pag.
361 2607 423 2646 28.
451 2617 536 2657 seq.
552 2606 774 2646 Historiam
789 2606 1041 2659 Hybernien-

73 2669 181 2707 sium
204 2680 306 2720 quae
332 2669 493 2721 incipit:
527 2671 695 2720 Maqnus
730 2670 934 2709 Patricius
959 2671 1044 2722 Hy-

28 2750 30 2752 *
78 2729 306 2770 bernorum.
326 2733 471 2772 Confer
486 2732 691 2772 historiam
713 2733 899 2772 Matthaei
919 2736 1045 2772 Paris.

77 2793 124 2832 ad
153 2805 220 2833 an.
245 2795 361 2835 4452.
392 2795 518 2834 Vitam
543 2795 770 2835 Eadmundi
805 2797 927 2836 Richii
969 2797 1045 2836 Ar—

77 2855 315 2908 chiepiscopi
362 2859 551 2898 Cantuar.
579 2871 700 2909 quam
746 2860 881 2899 laudat
925 2861 1045 2898 etiam

79 2919 279 2958 Lelandus
301 2931 386 2971 cap.
407 2921 498 2960 249.
523 2933 574 2960 ex
596 2923 853 2962 RlCllARDO
886 2921 1048 2961 ls'icanio

81 2989 123 3021 et
146 2983 298 3033 Roqero
322 2981 526 3023 BACONE
563 2985 782 3035 profecisse
810 2997 902 3024 rum
930 2990 1051 3024 testa-

82 3049 166 3084 tus.
192 3045 316 3085 Vitam
339 3046 379 3085 S.
407 3044 615 3095 Guthlaci‚
637 3052 678 3086 et
701 3049 741 3087 S.
765 3046 943 3087 Volstani
958 3049 1056 3099 Epi-

84 3111 206 3161 scopi.
222 3108 421 3149 Chronica
443 3109 602 3161 majora
623 3108 811 3150 Coenobii
829 3113 870 3150 S.
890 3110 1052 3161 Albani,

85 3177 126 3212 et
153 3171 200 3211 de
227 3172 415 3225 passione
445 3173 486 3212 S.
524 3172 759 3225 Amplnbali.
807 3175 1050 3213 Matthaeum

88 3233 277 3275 Paridem
301 3236 408 3275 hunc
433 3236 670 3286 scriptorem
690 3241 834 3274 vocant
857 3238 1050 3287 nonnulli,

141 3371 174 3410 a)
192 3369 312 3402 Confer
335 3371 412 3402 Acta
429 3371 577 3400 sanctor.
603 3369 654 3399 ‘2-2.
684 3371 776 3401 Junii
807 3372 901 3400 Tom.
923 3372 976 3403 lv.

1099 289 1142 325 ut
1161 286 1335 323 Joannes
1359 285 1548 324 picardus
1563 285 1613 324 ad
1637 285 1878 325 Anselmum
1897 287 2069 326 Cantua-

1099 350 1273 387 riensem
1301 360 1384 399 pag.
1409 347 1484 387 574
1511 349 1574 387 alii
1607 354 1651 388 ut
1675 349 1900 389 Matthaeus
1934 350 2069 389 West-

1101 413 1431 450 monasteriensis
1456 423 1542 462 pag.
1563 412 1654 450 349.
1680 414 1890 452 Parisium.

1154 473 1445 513 MATTHAEUS
1483 473 1708 514 Patavinus
1743 475 2065 526 Augustinianus

1101 537 1248 575 charus
1273 537 1470 576 Clementi
1496 537 1558 575 Vl.
1592 549 1712 588 quom
1755 540 1897 588 Papam
1943 539 2067 578 fuisse

1102 603 1261 639 constat
1286 599 1335 637 ab
1358 598 1434 637 An.
1455 599 1572 638 4342.
1598 600 1644 639 ad
1670 601 1784 640 4352.
1810 602 1869 640 Ex
1910 604 2071 653 scriptis

1103 661 1192 714 ejus
1213 662 1310 700 nihil
1327 663 1349 700 a
1369 661 1590 700 Possevino
1613 694 1620 712 ,
1643 664 1707 702 vel
1735 664 1910 716 Philippo
1937 666 2068 704 Elssio

1104 736 1191 776 pag.
1220 724 1310 763 473.
1334 725 1606 763 encomiastici
1624 724 1904 777 Augustiniani
1923 740 2072 768 memo·

1105 789 1181 827 rari
1208 787 1325 826 video
1350 799 1471 838 quam
1498 789 1740 839 Sermones,
1778 802 1908 841 neque
1942 791 2071 830 editos

1106 851 1194 890 illos
1219 850 1288 889 sed
1316 851 1497 889 Veronae
1521 853 1827 904 Manuscriptos.

1160 913 1448 954 MATTHAEUS
1475 912 1727 961 mamarius,
1746 916 1927 956 Medicus
1943 917 2074 956 Saler-

1108 978 1297 1025 nitanus,
1323 988 1444 1027 quem
1485 982 1670 1016 secutum
1697 989 1740 1016 se
1780 990 1871 1018 esse
1900 984 2074 1019 testatur

1106 1039 1288 1090 AEgidius
1304 1038 1558 1089 Corbejensis
1576 1041 1644 1091 qui
1662 1042 1766 1080 circa
1783 1042 1830 1081 A.
1850 1043 1966 1082 4498.
1980 1045 2076 1081 scri-

1109 1104 1215 1154 psit,
1242 1107 1285 1141 ut
1309 1102 1388 1140 dixi
1413 1113 1534 1153 supra
1561 1108 1656 1141 tom.
1686 1106 1699 1143 4
1729 1116 1818 1156 pag.
1845 1106 1910 1144 20.
1939 1106 2072 1156 itaque

1107 1165 1348 1204 Medicarum
1380 1165 1719 1205 Bibliothecarum
1752 1170 1972 1219 scriptores
1997 1181 2074 1207 non

1110 1229 1244 1267 minus
1274 1227 1323 1266 de
1344 1232 1475 1266 aetate
1508 1228 1689 1268 Platearii
1726 1230 2076 1282 falluntur,quam

1110 1290 1158 1329 de
1175 1291 1452 1341 praenomine,
1469 1301 1560 1329 cum
1581 1293 1798 1331 vocantJo.
1814 1293 2076 1333 Platearium.

1110 1351 1171 1391 lta
1202 1363 1296 1391 vero
1326 1352 1514 1391 laudatus
1545 1353 1729 1404 AEgidius
1754 1357 1876 1406 praef.
1891 1357 1937 1396 ad
1957 1358 2077 1396 libros

1111 1416 1161 1454 IV
1185 1415 1234 1453 de
1264 1415 1486 1454 virtutibus
1501 1420 1541 1453 et
1559 1416 1750 1455 laudibus
1765 1421 2075 1469 compositorum

1114 1478 1500 1517 medicamentorum
1547 1479 1680 1518 editus
1719 1481 1741 1518 a
1779 1482 1822 1519 B.
1862 1482 2076 1533 Polycarpo

1113 1543 1286 1591 Leysero
1313 1542 1350 1579 in
1378 1541 1540 1579 historia
1561 1553 1729 1592 poeseos
1749 1543 1866 1581 medii
1884 1545 1974 1582 aevi
1991 1556 2078 1595 pag.

1115 1605 1204 1643 505.
1230 1602 1387 1642 Laudes
1411 1607 1451 1642 et
1472 1603 1642 1642 virtutes
1662 1604 1836 1644 omnium
1852 1605 2078 1645 medicami-

1114 1677 1209 1705 num
1237 1665 1459 1705 secundum
1483 1666 1731 1706 Antidotarii
1751 1667 1896 1707 seriem
1921 1669 2080 1720 eoeposi-

1116 1726 1234 1765 tionis
1258 1729 1455 1765 sumentes
1479 1726 1635 1777 glossas
1653 1739 1774 1778 super
1790 1729 2074 1769 antidotarium

1116 1789 1345 1840 (NICOLAI)
1383 1801 1410 1827 a
1445 1791 1637 1841 Maqistro
1671 1792 1933 1832 MATTHAEO
1967 1794 2081 1833 PLA-

1114 1852 1301 1891 TEARlO
1339 1851 1465 1891 editas
1509 1853 1796 1893 constituentes.
1837 1856 2004 1905 Scripsit
2039 1862 2080 1894 et

1114 1914 1263 1954 librum
1287 1914 1333 1953 de
1355 1915 1526 1967 simplici
1541 1915 1739 1954 medicina
1753 1917 1983 1968 frequenter
1997 1919 2080 1958 lau-

1109 1978 1247 2018 datum
1280 1979 1316 2016 in
1359 1979 1553 2017 Vincentii
1587 1979 1886 2019 Bellovacensis
1911 1981 2079 2030 Speculo

1113 2041 1289 2081 Naturali
1308 2040 1416 2090 (vide
1432 2041 1531 2080 Bibl.
1550 2041 1617 2080 Gr.
1634 2046 1728 2080 tom.
1746 2043 1850 2081 XIV.
1869 2054 1955 2093 pag.
1976 2043 2078 2092 1120.)

1114 2108 1200 2143 tum
1225 2102 1449 2155 practicam
1473 2103 1636 2142 brevem
1668 2102 1900 2143 morborum
1934 2116 2081 2143 curan-

1114 2165 1269 2205 dorum.
1307 2167 1363 2205 De
1407 2166 1650 2205 editionibus
1689 2167 1781 2207 vide
1819 2168 2078 2217 Lindenium,

1114 2228 1350 2268 Merklinum
1369 2258 1376 2272 ,
1403 2230 1647 2278 Mangetum.

1168 2290 1457 2331 MATTHAEUS
1481 2290 1658 2330 Polonus
1693 2291 1894 2341 (diversus
1924 2294 1945 2331 a
1985 2294 2082 2332 Mat—

1116 2354 1232 2393 thaeo
1262 2355 1310 2393 de
1334 2354 1525 2393 Cracovia
1549 2356 1827 2402 Pomeraniae,
1854 2366 1974 2406 supra
1992 2368 2079 2407 pag.

1121 2416 1210 2467 47.)
1251 2418 1529 2457 Cracoviensis
1572 2429 1619 2456 ex
1665 2418 1853 2456 Cracovia
1899 2419 2078 2457 poloniae

1121 2480 1326 2530 metropoli
1351 2511 1359 2529 ‚
1384 2480 1598 2518 defunctus
1623 2481 1667 2518 A.
1695 2480 1812 2519 4440.
1837 2480 1952 2529 cujus
1976 2480 2079 2530 apud

1120 2543 1384 2580 Possevinum
1406 2547 1525 2591 atque
1563 2542 1659 2580 alios
1690 2548 1963 2580 memorantur
1993 2542 2080 2581 Ea:-

1114 2604 1257 2655 posirio
1290 2603 1553 2642 Ecclesiastae
1572 2633 1580 2649 ,
1613 2603 1772 2643 Cantici
1800 2603 2078 2651 Canticorum,

1120 2666 1320 2706 Matthaei
1358 2669 1396 2704 et
1425 2665 1627 2716 Epistolae
1665 2666 1720 2703 ad
1757 2668 1976 2715 Romanos,
2007 2680 2079 2707 nec

1122 2740 1198 2768 non
1231 2727 1331 2767 liber
1360 2728 1406 2766 (le
1436 2739 1572 2767 amore
1601 2727 1822 2767 charitatis.

1174 2792 1264 2842 (209
1290 2792 1604 2830 MATTUAEUS
1635 2793 1753 2830 Ronto
1782 2792 1960 2830 Venetus
1984 2791 2079 2831 Ord.

1118 2854 1324 2893 Benedict.
1337 2855 1481 2893 Montis
1499 2854 1646 2893 Oliveti
1665 2855 1879 2893 Monachus
1903 2856 1969 2904 qui
1986 2855 2080 2893 obiit

1123 2929 1159 2956 a.
1185 2917 1302 2956 4343.
1327 2918 1515 2967 Magnum
1537 2928 1598 2967 op.
1618 2918 1757 2955 Dantis
1782 2916 1982 2967 Alligherii
2010 2917 2082 2956 Co-

1124 2979 1385 3029 moediamlex
1402 2979 1537 3018 Italico
1563 2980 1599 3017 in
1617 2984 1787 3018 metrum
1806 2980 1969 3018 latinum
1993 2992 2083 3018 νοτ»

1130 3045 1188 3082 tit.
1220 3045 1275 3082 Dc
1290 3043 1493 3082 codicibus
1509 3043 1616 3081 MSS.
1638 3041 1734 3079 Vide
1758 3043 1811 3080 Dc
1838 3044 1997 3080 Batinos
2019 3043 2083 3082 Bi-

1131 3105 1337 3157 blioyrafia
1361 3106 1559 3143 Dantesca
1586 3107 1621 3143 4.
1645 3104 1736 3142 237.
1761 3104 1885 3142 Prato
1912 3106 2053 3154 4845.)

1181 3167 1476 3209 MATTHAEUS
1506 3167 1552 3205 (le
1591 3165 1735 3205 Rubeis
1775 3167 1970 3217 Ursinus,
2011 3169 2084 3207 Ro-

1127 3242 1297 3279 manu5‚
1328 3229 1486 3269 Ordinis
1516 3230 1709 3268 Minoi-nm
1743 3231 1963 3278 l‘atronuS‚
1989 3231 2083 3270 Car-

1128 3293 1272 3333 dinalis
1303 3292 1350 3330 ab
1380 3291 1424 3330 A.
1461 3292 1574 3330 4261.
1606 3304 1733 3342 usqne
1763 3292 1811 3331 ad
1844 3293 1958 3332 4306.
2003 3306 2081 3343 quo

1126 3357 1220 3396 obiit
1251 3356 1426 3403 l'crusii‚
1458 3354 1601 3405 illoque
1632 3355 1842 3395 intervallo
1871 3355 2079 3395 duodecim
