2533 4009
432 239 512 279 632

437 306 682 350 astantibus,
708 300 817 340 velut
841 298 1008 339 extremi
1046 296 1121 336 diei
1161 308 1377 348 praesagus

427 367 649 410 contendit,
675 362 742 401 sed
770 362 1013 400 Salvatorem
1039 362 1157 397 etiam
1177 359 1304 409 ipsum
1323 359 1378 396 ef-

428 430 629 479 flagitavit.
654 424 711 464 Ad
739 424 1072 474 religiosissimam
1094 426 1259 459 mortem
1275 450 1285 466 ‚
1307 422 1377 458 im-

429 503 490 530 mo
513 501 605 527 vero
631 489 750 525 vitam
774 486 1058 535 sempiternam
1083 482 1378 533 religiosissime

429 563 469 591 se
496 550 728 601 composuit.
755 547 886 585 Febris
909 547 1071 585 vexavit
1093 546 1202 584 illum
1231 545 1377 596 primo,

429 626 516 652 mox
558 610 805 651 tuberculum
834 609 879 647 ad
903 609 1056 648 laevam
1090 619 1227 647 aurem
1265 612 1379 647 extu-

426 675 603 713 beratum
629 674 769 723 capitis
803 672 968 710 humore
1010 671 1211 709 influente.
1246 669 1380 708 Inedia

425 747 563 776 curare
588 742 667 774 tam
692 735 838 773 febrem
861 745 979 784 quam
998 732 1197 771 exitialem
1221 731 1381 770 anthra-

427 810 511 838 cem
527 798 635 836 illum
656 797 1035 846 existimavitposse.
1049 794 1123 833 Sed
1141 797 1381 833 consecutus

425 866 486 900 est
510 860 690 899 defectus
715 859 852 909 reliqui
871 859 1069 909 corporis:
1096 858 1158 896 cui
1181 855 1379 895 medicum

426 923 578 962 nullum
607 923 824 960 fomentum
853 920 1019 960 subinde
1043 921 1168 970 potuit
1189 919 1383 958 submini-

426 990 564 1023 strare.
589 985 656 1023 L'bi
684 985 749 1023 sati
785 985 1063 1022 necessitatem
1100 982 1281 1032 agnovit,
1319 991 1382 1019 oc-

424 1046 611 1085 cumbere
631 1057 672 1084 se
695 1047 824 1084 fassus
841 1050 920 1090 est,
943 1046 1042 1083 acin
1066 1048 1190 1082 morta
1211 1047 1380 1082 mortem

429 1114 708 1159 superaturum
736 1119 778 1146 se
796 1107 976 1157 jactavit.
1002 1107 1083 1145 Non
1107 1106 1300 1156 disjectus
1320 1110 1382 1144 est

427 1172 489 1210 ille
513 1182 633 1209 sensu
661 1181 736 1208 non
773 1167 988 1207 excanduit
1014 1168 1119 1207 diem
1148 1178 1380 1219 supremum

429 1235 554 1284 exigi3
581 1244 656 1270 non
685 1233 793 1271 luctu
818 1237 857 1269 et
884 1231 1081 1282 squallore
1108 1232 1288 1270 visentes
1315 1241 1383 1269 ex-

427 1301 559 1334 terret.
587 1297 729 1333 Laetus
763 1295 828 1345 qui
870 1295 992 1333 voluit
1029 1295 1066 1332 in
1107 1294 1187 1331 vita
1228 1303 1387 1343 semper

427 1358 630 1409 appellari,
656 1357 784 1395 laetus
801 1357 932 1394 extitit
949 1367 1107 1406 sempor
1125 1359 1164 1393 et
1186 1356 1221 1392 in
1246 1359 1384 1392 morte.

429 1421 596 1460 Ablatus
620 1426 681 1458 est
706 1419 817 1457 nobis
844 1418 924 1468 jam
963 1417 1297 1468 septuagenarius
1338 1415 1383 1454 V.

430 1483 485 1521 ld.
511 1483 586 1521 sub
606 1492 829 1532 vesperam.
848 1482 1009 1518 Postero
1026 1479 1088 1518 die
1114 1480 1150 1516 in
1174 1481 1252 1518 Ara
1277 1477 1385 1516 Coeli

432 1546 469 1583 iu
494 1544 655 1583 editiore
676 1543 785 1582 collis
809 1541 961 1592 Tarpeji
989 1552 1105 1591 rupe,
1134 1541 1243 1579 lauro
1275 1551 1387 1578 coro-

433 1611 552 1646 natus
576 1607 743 1654 virenti,
771 1604 924 1643 tumulo
948 1603 1119 1642 traditus
1140 1608 1214 1641 est.
1240 1603 1387 1640 Haeres

432 1669 616 1708 Matthias
637 1667 856 1718 discipulus
880 1677 948 1717 per
971 1665 1141 1704 dilectus
1159 1664 1262 1703 haud
1288 1664 1387 1703 mul-

435 1735 518 1770 tum
539 1731 701 1777 ditatuS‚
717 1730 887 1781 agellum
907 1732 946 1766 et
963 1727 1244 1766 domunculam
1267 1727 1386 1765 libros

432 1804 579 1843 paucos
602 1796 642 1830 et
667 1791 955 1842 supellectilem
984 1789 1177 1828 modicam
1204 1801 1252 1827 ex
1278 1790 1384 1827 omni

431 1854 674 1893 haereditate
693 1855 902 1903 accipiens.
926 1852 1036 1899 Quod
1059 1854 1164 1891 enim
1187 1851 1384 1903 argentuli

436 1917 522 1962 fuit,
549 1917 641 1955 dum
665 1916 801 1960 cubat,
826 1914 1060 1965 depensum.
1078 1915 1126 1953 Et
1153 1915 1271 1953 funus
1291 1914 1387 1952 ami-

433 1990 567 2018 corum
595 1978 793 2029 impendio
818 1977 980 2015 elatum.
1006 1976 1313 2015 Commendavit
1337 1974 1385 2013 ad

435 2041 689 2092 sepulchrum
731 2040 871 2078 l'etrus
908 2040 1060 2077 Marsus
1097 2038 1386 2087 extemporaria

435 2103 620 2153 quidem,
646 2101 713 2140 sed
740 2102 907 2151 eleganti
931 2106 969 2138 et
995 2101 1195 2139 luculenta
1214 2101 1387 2137 oratiun-

435 2166 536 2203 cula.
563 2166 846 2203 Convenerunt
873 2164 943 2201 viri
971 2164 1118 2213 quique
1144 2162 1388 2209 doctissimi,

440 2226 507 2265 sed
533 2232 571 2265 et
598 2228 717 2277 ignari
745 2227 945 2264 literarum
982 2226 1043 2263 illo
1084 2236 1247 2264 munere
1272 2229 1311 2263 ct
1336 2224 1390 2262 of-

442 2288 526 2327 ficio
547 2300 682 2327 carere
709 2289 935 2327 noluerunt.
960 2287 1151 2326 Osculum
1190 2291 1281 2325 ante
1321 2286 1392 2325 hu-

440 2352 649 2390 mationem
677 2351 831 2400 plurimi
859 2361 933 2387 non
960 2350 1284 2400 perhorruerant.
1308 2350 1386 2387 Μυ·

438 2417 542 2452 tatae
569 2419 702 2451 vestes
723 2418 818 2463 quot
841 2424 915 2450 non
937 2411 1072 2450 credat
1092 2413 1324 2462 posteritaS,
1351 2415 1390 2449 et

438 2476 621 2527 publicus
646 2487 764 2526 prope
792 2475 923 2513 luctus
952 2475 1088 2513 urbem
1113 2475 1272 2513 invasit.
1290 2475 1391 2512 Exe-

439 2540 551 2589 quias
578 2538 969 2576 munilicentissimas
995 2538 1225 2586 instruunt3
1254 2538 1288 2574 in
1308 2537 1393 2586 qui-

438 2599 514 2638 bus
535 2601 703 2650 peractis
729 2600 870 2648 sacris,
897 2600 1078 2650 quisquis
1099 2600 1219 2650 pollet
1245 2600 1388 2649 igenio,

439 2662 630 2713 depromit
646 2662 791 2713 aliquid
813 2664 847 2700 in
868 2663 1065 2713 publicum
1081 2692 1090 2708 ‚
1114 2667 1155 2700 ut
1173 2667 1392 2714 agnoscant

439 2725 622 2764 ludorum
640 2726 886 2764 scenicorum
902 2729 1208 2763 restauratorem
1227 2726 1389 2763 unicum

440 2792 618 2838 quoquot
637 2788 710 2826 sub
737 2787 798 2825 illo
822 2787 1062 2826 claruerunt.
1099 2788 1138 2826 ln
1169 2798 1245 2838 quo
1271 2789 1394 2838 pieta-

440 2851 491 2888 tis
515 2853 750 2900 argumento
775 2851 960 2900 quoniam
995 2850 1164 2901 effigiem
1198 2849 1301 2888 illius
1326 2861 1394 2888 ex-

441 2913 609 2962 primere
650 2912 790 2951 tabella
831 2914 1069 2963 promissum
1114 2923 1231 2963 saepe
1271 2923 1392 2952 manu

443 2984 527 3011 mea
544 3004 555 3022 ,
581 2973 647 3012 sed
675 2976 804 3012 omine
829 2985 986 3025 semper
1010 2973 1179 3024 quodam
1199 2975 1310 3013 laevo
1335 2977 1394 3013 in-

443 3037 522 3072 vito
549 3037 640 3074 mihi
672 3038 935 3087 interceptum
981 3048 1128 3075 munus
1165 3048 1240 3074 non
1282 3038 1391 3088 potui

443 3095 560 3135 homo
584 3110 725 3149 expers
751 3100 840 3137 olim
868 3110 1033 3142 scenae,
1061 3099 1220 3137 induam
1243 3105 1282 3138 et
1308 3101 1390 3150 ipse

446 3157 571 3197 forsan
599 3162 776 3200 mimum.
803 3163 852 3200 Ut
884 3163 1058 3200 sentiant
1088 3162 1390 3201 fortunatissimi

449 3230 610 3267 manes,
635 3224 737 3269 quod
766 3229 852 3274 post
878 3223 1065 3273 injectum
1095 3236 1265 3263 marmor
1295 3225 1393 3263 cari-

447 3283 507 3317 tas
526 3282 584 3319 illa
601 3287 639 3320 et
655 3285 870 3323 recordatio
889 3287 1138 3324 sanctissima
1159 3289 1388 3325 meritorum

450 3341 484 3377 in
508 3353 623 3381 auras
644 3356 718 3383 non
744 3352 1052 3396 concesserunt,
1090 3348 1288 3400 sepulchri
1315 3349 1390 3388 crit

1259 227 1308 265 M.
1356 225 1576 266 FERNI

1450 301 1560 336 extra
1583 300 1832 347 praesentem
1855 297 2021 338 formam
2039 298 2291 339 exactissima
2307 308 2402 338 con-

1450 358 1648 397 sideratio.
1666 359 1837 398 Clarebit
1858 363 2034 400 carmine
2057 371 2244 407 marmor,
2269 364 2309 398 et
2328 360 2403 398 erit.

1453 421 1489 458 in
1530 420 1609 458 foro
1649 421 1836 459 Literario
1875 425 2061 462 monitrix
2101 425 2206 462 illius
2243 422 2404 461 virtutis

1452 493 1610 532 semper
1634 487 1764 522 erecta
1789 488 1935 523 statua.
1956 485 2005 524 Et
2021 485 2181 537 quidem
2198 485 2230 523 si
2251 484 2401 531 virtus,

1452 545 1484 582 si
1508 544 1701 594 probitas,
1728 546 1760 583 Si
1787 545 1921 585 divina
1949 546 2053 586 illius
2091 547 2268 586 doctrina
2311 543 2407 584 nihil

1453 606 1729 646 admirationis
1768 609 1977 658 promerita
1999 613 2080 659 est3
2102 610 2134 648 si
2156 610 2314 660 signum
2339 606 2407 646 ab·

1454 670 1502 708 sit
1529 680 1664 717 omne,
1688 670 1719 708 si
1745 681 1855 717 cera,
1876 671 1906 709 si
1928 682 2080 722 gypsus
2105 683 2182 710 non
2211 670 2409 718 referant3

1455 732 1534 770 lloc
1558 742 1716 782 semper
1742 732 2004 771 immortalem
2028 732 2165 782 nobis,
2189 737 2231 772 et
2259 741 2410 772 memo-

1456 793 1625 833 randum
1652 794 1791 833 reddet
1813 795 2092 846 Pomponium,
2111 795 2216 846 quod
2242 796 2281 834 in
2307 794 2413 834 illius

1453 855 1561 894 obitu
1581 860 1732 906 patres,
1753 858 1885 908 pueri,
1907 868 2047 906 senes,
2072 856 2266 910 juvenes,
2288 855 2410 906 docti,

1456 917 1624 965 indocti,
1649 917 1828 957 advenae
1845 949 1855 965 ‚
1875 920 2004 969 cives,
2029 918 2272 958 desiderium
2291 918 2415 958 maxi-

1454 991 1565 1018 mum
1601 980 1887 1029 ostenderunt;
1929 993 2002 1021 noc
2041 993 2063 1021 a
2110 981 2326 1032 lachrymis
2368 992 2409 1020 e-

1455 1047 1549 1081 tiam
1580 1047 1620 1081 et
1650 1044 1825 1094 singultu
1857 1044 1983 1083 uberti
2014 1048 2305 1095 temperavere.
2335 1042 2411 1082 Va-

1457 1105 1506 1144 le.
1541 1105 1602 1144 Ex
1634 1105 1730 1144 urbe
1774 1105 2066 1146 desolatissima
2103 1105 2170 1146 ΙΙΙ.
2212 1103 2271 1144 Id.
2310 1102 2415 1144 Junii

1460 1168 1807 1209 MCCCCXCVHI.

1643 1293 1982 1334 HIERONYMI
2025 1291 2246 1334 DONATI

1775 1419 1924 1459 Patritii
1969 1418 2110 1459 Veneti

1513 1534 1770 1587 Epitaphium
1793 1545 1978 1587 graecum
2016 1534 2054 1573 in
2087 1531 2361 1584 Pomponium.

1462 1653 1505 1699 Ωῗ
1533 1658 1606 1710 ξένε
1631 1657 1715 1698 rs&
1742 1657 1841 1706 σέβε
1866 1656 2016 1705 κλέΘᾍ
2037 1654 2178 1697 ἐνθάδε
2202 1657 2330 1698 κεῖται

1493 1718 1702 1767 Τηλαυγνὶς
1729 1722 1856 1760 Δαῖτος
1884 1718 2087 1775 Homo-alu
2111 1715 2270 1769 κεφαλή

1457 1785 1626 1831 Ε’σβεθη
1642 1787 1766 1837 ῥώμης
1784 1782 1918 1822 nto&
1932 1783 2036 1838 μέγα
2061 1781 2130 1823 τᾶν
2153 1781 2184 1822 δ’
2207 1777 2427 1835 ὀλοφυρμ-δν

1514 1846 1620 1886 Hm&
1642 1846 1716 1891 ειάς
1739 1845 1870 1899 μευ-ὧν
1889 1875 1902 1892 ,
1928 1843 1996 1886 καί
2019 1843 2192 1898 χαρίτων
2212 1841 2362 1883 ’ἓλακεν
2378 1840 2425 1897 (a)

1461 1911 1507 1948 Ω’
1531 1907 1653 1958 γεραιὲ
1677 1915 1785 1962 μῶν,
1811 1899 2019 1956 πάτερ’ἦπεε
2045 1910 2138 1958 σέφε
2159 1903 2375 1946 S‘otvo'w&

1513 1971 1702 2025 Δημόσιοι]
1727 1971 1886 2010 xiva&
1910 1970 2056 2021 δάκρυσι
2080 1968 2189 2011 κοινὰ
2210 1967 2305 2022 χέει.

1572 2096 1758 2149 Ejusdem
1783 2096 1822 2136 in
1850 2097 2034 2137 Latinum
2069 2106 2314 2136 conversum.

1463 2224 1615 2275 Hospes
1640 2223 1720 2263 adi:
1746 2235 1935 2263 venerare
1960 2222 2086 2263 decus
2106 2233 2336 2274 numenque
2361 2233 2422 2262 se·

2219 2284 2392 2336 pulchri:

1520 2350 1587 2388 llic
1618 2348 1793 2388 resident
1823 2349 1929 2387 Laeti
1960 2347 2160 2399 Pomponii
2189 2347 2362 2395 cineres,

1465 2412 1650 2452 Extincta
1669 2416 1730 2450 est
1744 2413 1888 2450 Romae
1910 2410 2154 2462 praecellens
2170 2409 2304 2462 gloria,
2320 2409 2430 2462 luget

1519 2476 1640 2513 Docta
1670 2473 1847 2525 Cohors,
1878 2478 2030 2513 moeret
2071 2474 2211 2521 Musa,
2258 2475 2425 2525 gemunt.

2186 2535 2374 2574 charites.

1467 2599 1523 2639 Te
1554 2599 1748 2639 moriente
1769 2597 1929 2650 quidem
1950 2595 2161 2648 juvenum,
2186 2601 2299 2648 pater
2321 2595 2426 2648 opti-

2145 2671 2209 2699 me
2226 2689 2237 2707 ‚
2268 2658 2369 2700 fudit

1521 2725 1681 2765 Publica
1697 2734 1933 2764 communes
1943 2723 2165 2763 moestities
2180 2720 2418 2773 lachrymas.

1546 2840 1852 2882 JOANNES
1908 2834 2348 2881 LAURENTIUS

1669 2946 1970 2989 HOERONYMO
2025 2945 2229 2988 DONATO
2278 2939 2281 2943 ’

1770 3055 1923 3096 Oratori
1954 3055 2120 3096 Veneto.

1520 3122 1810 3213 Epigramma
1841 3166 1955 3202 tuum
1981 3161 2030 3202 de
2055 3159 2267 3212 Pomponio
2286 3168 2426 3211 graece

1467 3226 1659 3276 scriptum
1701 3224 1799 3264 adeo
1845 3235 1936 3265 sum
1982 3223 2224 3275 admiratus,
2257 3224 2302 3262 ut
2329 3219 2418 3272 ejus

1518 3348 1564 3399 (a)
1596 3343 1652 3386 Hqx
1663 3342 1810 3388 ἔλιπεν.
