2533 4009
440 250 491 288 43
1234 249 1274 287 M
1296 250 1327 288 A
1351 250 1381 288 Τ
1404 250 1434 288 Τ
1458 248 1490 287 ΙΙ
1514 250 1561 289 AE
1584 249 1616 288 U
1637 248 1661 287 S

441 321 529 358 sinc
555 320 639 358 loco
663 322 702 356 ot
727 329 829 357 anno
855 310 959 355 edito
982 317 1018 354 in
1047 316 1082 354 4.
1111 321 1262 374 mentio
1288 333 1407 371 quac—

441 382 531 421 ‹lam
569 383 611 421 lit
635 381 683 419 do
718 382 863 431 scripto
901 379 1079 418 ciusdem
1118 382 1303 422 Matthaei
1346 384 1406 422 his

438 446 578 483 verbis
604 443 826 482 Matthaeus
849 441 895 479 de
922 441 1117 481 Cracovia
1144 443 1182 481 in
1208 455 1284 483 sua
1305 447 1407 497 posi-

439 507 545 545 tione
575 517 695 557 quam
714 503 808 555 fecit
836 515 971 542 coram
1012 503 1246 545 ‹lleoeamlro
1276 508 1339 546 VI.
1365 509 1406 546 in

442 569 582 608 Janua
610 573 684 605 etc.
709 568 771 605 Sic
798 566 846 605 ibi
870 567 983 617 logo;
1007 568 1075 606 scd
1111 570 1308 619 quomodo
1341 582 1405 610 co-

443 624 606 670 ham-cast
630 629 856 668 Alexander
881 630 940 668 Vl.
962 642 1051 668 cum
1078 643 1180 669 anno
1204 634 1305 671 1109
1325 646 1403 684 quo

441 694 633 732 Martinus
663 690 799 731 vixit?
820 695 932 731 Forte
974 693 1186 740 legendum
1213 707 1280 746 pro
1317 697 1406 735 Alc-

439 756 591 795 xandro
622 756 682 794 Vl.
710 755 893 794 Urbanus
920 757 978 794 Vl.
1006 756 1025 778 ³*

493 818 780 858 MA'rTnAEUS
805 820 843 858 S.
871 817 1056 870 Dionysii
1077 817 1214 858 Abbas
1231 850 1239 866 ⁷
1265 823 1285 859 a
1309 823 1406 859 Mat-

441 881 558 920 thaeo
590 881 868 919 vindocinensi
894 881 1095 920 diversus.
1123 882 1218 919 Vide
1244 883 1342 920 infra
1367 885 1403 920 in

442 944 638 983 Mattliaeo
663 943 958 982 Vindocincnsi.

494 1007 783 1046 MATTHAEUS
806 1007 954 1043 rectius
986 1006 1073 1043 aliis
1104 1004 1295 1044 Matthias
1332 1006 1406 1043 Do-

439 1070 529 1120 riny
567 1071 652 1106 sive
704 1067 895 1117 Thorinq,
934 1066 1026 1104 Ord.
1067 1068 1205 1105 Minor.
1245 1068 1408 1105 Provin—

443 1134 525 1170 ciae
557 1132 749 1170 saxoniae
770 1131 948 1168 Minister
969 1128 1174 1167 Generalis
1195 1130 1295 1168 vixit
1315 1131 1408 1168 Bcr-

444 1206 517 1233 nat¹
547 1193 650 1242 apud
683 1192 885 1230 Helvetios
915 1193 1017 1230 circa
1044 1203 1108 1230 an.
1134 1192 1250 1231 4450.
1275 1192 1406 1231 clarus

443 1257 588 1305 scripto
610 1253 842 1307 Defensorio
867 1252 1024 1292 Nicolai
1038 1254 1191 1306 Lyrani
1210 1254 1406 1294 adversus

446 1317 613 1356 Paulum
656 1317 928 1367 tamensem.
975 1317 1079 1367 quod
1124 1328 1214 1356 cum
1262 1318 1405 1367 Lyrani

442 1381 586 1431 glossis
617 1382 654 1418 in
687 1381 847 1420 Sacram
880 1381 1126 1431 Scripturam
1159 1381 1318 1430 saepius
1348 1381 1406 1420 lu-

442 1454 529 1481 ccm
564 1442 686 1489 vidit,
718 1442 766 1480 de
795 1442 942 1492 quibus
973 1442 1074 1480 infra
1106 1443 1141 1480 in
1174 1442 1406 1481 NICOLAO.

444 1505 539 1543 Vide
574 1506 750 1544 Diarium
794 1504 1095 1555 Tbcologicum‚
1140 1504 1406 1543 Naclzrz'clzten

445 1579 521 1606 von
547 1567 655 1606 L'lten
679 1566 761 1605 und
783 1568 915 1605 Reuen
930 1598 940 1615 ‚
973 1566 1003 1605 Α
1040 1566 1140 1606 1720
1166 1580 1201 1617 p.
1223 1567 1298 1606 550
1321 1578 1403 1617 seq.

494 1629 784 1669 MATTHAEUS
836 1627 1089 1669 Ebroicensis
1151 1631 1405 1668 Norinannus

443 1693 581 1732 Gallus
602 1692 696 1731 Ord.
720 1692 855 1731 Pracd.
881 1697 1059 1742 tempore
1090 1693 1215 1730 Caroli
1240 1693 1299 1729 Vl.
1333 1693 1406 1729 Rc-

442 1758 502 1802 ,uis
532 1759 596 1807 qui
623 1755 671 1794 ab
696 1757 768 1794 An.
801 1755 914 1794 1380.
947 1755 993 1793 ad
1028 1755 1143 1794 1122.
1170 1755 1317 1793 Galliae
1336 1756 1405 1792 irn-

443 1820 643 1869 peritavit.
670 1819 725 1856 De
757 1828 802 1854 ρο
832 1817 1028 1868 appendix
1059 1817 1105 1855 ad
1139 1817 1402 1855 Tritliemium

443 1881 490 1919 dc
521 1883 559 1920 S.
598 1882 641 1919 E.
686 1892 771 1930 cap.
803 1881 865 1918 28.
913 1879 1255 1932 Profundissimus
1298 1879 1404 1917 Scri-

436 1947 656 1994 pturarum
687 1942 924 1992 inchoator,
955 1942 1020 1981 vir
1049 1942 1183 1994 ulique
1212 1940 1401 1991 reliqione

437 2006 579 2058 plenus
608 2018 656 2045 ac
697 2005 868 2053 litteris,
906 2016 1028 2055 super
1060 2005 1373 2043 pentateuchum
1393 2037 1401 2051 ,

445 2071 604 2108 Esaiam
652 2073 692 2108 et
726 2067 828 2107 alios
867 2080 988 2120 quam
1015 2067 1150 2119 plure:
1180 2067 1325 2106 veteris
1355 2079 1402 2105 ac

443 2132 535 2171 novi
559 2132 795 2171 Testamenti
817 2129 938 2170 libros
975 2130 1172 2181 eyrefyiam
1210 2128 1305 2181 fecit
1336 2142 1402 2181 po-

443 2193 601 2233 stillam.
620 2206 722 2245 quae
748 2194 787 2232 in
811 2193 985 2232 libraria
1009 2193 1205 2231 communi
1229 2192 1403 2231 Conven—

444 2261 505 2295 tus
532 2255 784 2295 Ebroicensis
809 2254 990 2294 habetur.
1025 2253 1163 2293 Libros
1186 2255 1284 2305 ejus,
1315 2265 1402 2292 cum

439 2331 513 2371 per
530 2322 745 2369 qualernos
769 2317 944 2369 dispersi
959 2321 1089 2356 esseut
1108 2316 1305 2365 recolleqit
1317 2315 1404 2368 fra-

445 2385 504 2419 ter
541 2381 736 2419 nolim-tus
767 2380 1014 2425 Baigvardus
1033 2412 1042 2426 ,
1079 2377 1302 2428 Tlieololqi'ae
1332 2379 1405 2415 Do-

446 2448 531 2482 ctor
552 2447 588 2480 et
617 2441 828 2494 Confessor
865 2441 1200 2481 Chrislianissz'mi
1237 2442 1407 2479 Franco-

446 2517 536 2543 rum
583 2504 697 2555 Regiis
741 2503 880 2544 Caroli
927 2504 1008 2542 Vll.
1054 2503 1198 2541 liadcm
1237 2504 1406 2542 lacobus

449 2568 586 2614 Quetif
614 2572 710 2605 tom.
742 2568 775 2606 1.
808 2578 893 2617 pag.
926 2566 1014 2604 699.
1046 2564 1228 2605 Oudinus
1258 2570 1352 2603 tom.
1383 2566 1406 2603 3

454 2641 542 2681 pag.
574 2629 677 2668 1168
718 2634 793 2668 etc.

506 2692 794 2731 MATTHAEUS
838 2689 1023 2736 arabon,
1071 2692 1156 2728 sive
1201 2688 1408 2740 Grabeen,

453 2751 545 2790 Ord.
573 2751 708 2790 l'racd.
733 2752 967 2790 Conventus
989 2750 1288 2788 Wismaricnsis
1311 2751 1407 2798 (sive

454 2818 497 2852 ut
528 2815 655 2852 llcrm.
687 2813 735 2850 ab
765 2811 888 2850 llardt
918 2813 1175 2862 suspicatur7
1204 2812 1409 2849 vinarien-

453 2876 519 2914 sis']
551 2875 777 2912 Provinciae
823 2874 1016 2912 Saxoniac
1045 2884 1090 2911 ac
1134 2872 1409 2921 Mersburgon-

454 2938 530 2975 sis:
570 2935 796 2974 dioeceseos
824 2933 1090 2986 Trajcctcnsis
1139 2934 1227 2972 inde
1270 2936 1408 2972 Lector

456 2999 492 3035 in
524 2998 732 3037 Conventa
751 2996 1028 3045 (ironingcnsi.
1052 2997 1211 3045 scripsit
1243 2993 1407 3033 Conclu-

455 3059 582 3097 siones
605 3063 744 3096 contra
773 3055 1002 3096 (levotarias
1040 3061 1164 3096 extra
1195 3068 1407 3107 conyreya-

459 3119 595 3158 tionem
617 3119 879 3171 approbatam
902 3119 1075 3159 viventes
1095 3150 1102 3168 ,
1128 3131 1228 3170 quac
1250 3118 1296 3156 ad
1318 3130 1409 3157 oxa-

461 3182 690 3220 minandum
717 3184 870 3221 oblatae
899 3183 1064 3221 Martino
1095 3183 1137 3220 V.
1171 3183 1206 3219 in
1237 3180 1408 3219 Concilio

459 3243 755 3282 Constanticnsi
785 3257 847 3283 an.
876 3244 990 3284 1417.
1012 3243 1115 3296 apud
1141 3243 1343 3283 laudatum
1362 3242 1409 3281 ab

460 3303 582 3343 Ilardt
612 3309 707 3343 tom.
738 3307 772 3344 3.
803 3317 889 3356 pag.
921 3307 1008 3344 106.
1039 3318 1129 3345 cum
1157 3306 1303 3356 judicio
1343 3306 1409 3343 Pc-

461 3367 511 3404 tri
540 3365 588 3404 dc
619 3367 764 3406 Alliaco
795 3379 878 3418 pag.
912 3369 998 3406 112.
1031 3369 1249 3408 ctJoannis
1269 3368 1409 3407 Gorso-

1485 322 1545 360 nis
1577 334 1660 372 pag.
1695 321 1783 359 115.
1814 319 2023 370 subjuncta
2063 319 2245 359 Matthaei
2277 334 2437 362 rovoca-

1482 385 1588 422 tione
1612 395 1697 434 pag.
1730 383 1818 422 119.
1855 383 2003 422 Eadem
2042 383 2156 421 obvia
2188 383 2224 419 in
2254 385 2310 422 Jo.
2340 384 2437 423 Ger-

1483 448 1590 484 sonis
1615 445 1801 497 operibus
1824 451 1917 484 tom.
1942 447 1976 484 1.
2002 446 2096 484 edit.
2128 456 2255 484 novae
2279 457 2317 496 p.
2348 447 2437 486 467.

1481 520 1566 558 seq.
1609 508 1755 546 Confer
1798 507 1846 546 dc
1893 507 1965 547 hoc
2008 508 2202 547 Matthaoo
2248 509 2435 550 Jacobum

1481 571 1618 617 Quetif
1643 575 1738 609 tom.
1771 572 1805 610 1.
1836 582 1921 621 pag.
1952 570 2043 609 759.
2075 581 2160 621 seq.

1534 633 1824 672 MATTHAEUS
1850 631 1989 670 Gritus
2017 631 2322 672 Mediolanensis
2344 633 2435 673 Ord.

1481 695 1613 733 Praed.
1651 696 1754 734 circa
1800 696 1874 733 An.
1921 694 2038 733 1262.
2080 693 2196 744 cujus
2233 695 2327 734 nihil
2360 697 2435 735 nisi

1479 757 1688 795 Sermones
1730 756 1779 795 da
1822 761 2000 807 tempore
2030 760 2070 793 ct
2098 754 2147 794 de
2176 756 2332 796 Sanctis
2370 769 2439 808 per

1479 829 1629 856 annum
1659 823 1946 857 commemorat
1977 818 2079 857 idem
2119 817 2316 864 Ouetifius
2344 825 2372 858 t.
2403 822 2438 859 1.

1484 890 1572 928 pag.
1601 879 1691 917 210.

1534 940 1827 979 MATTHAEUS
1857 939 2065 980 Herbenus
2088 941 2258 994 Trajocti
2288 943 2334 982 ad
2365 947 2440 984 Mo-

1482 1012 1566 1039 sam
1585 1001 1751 1040 Scholae
1769 1003 2030 1041 Servatianae
2051 1004 2191 1042 Rector
2209 1002 2331 1044 libros
2348 1017 2440 1046 suos

1482 1062 1528 1102 cle
1551 1067 1647 1101 nata
1670 1063 1877 1103 Canturus
1902 1063 2004 1103 etde
2031 1064 2242 1104 miraculis
2264 1066 2372 1106 vocis
2395 1068 2439 1106 Α.

1484 1127 1598 1165 1496.
1629 1126 1777 1165 dicavit
1801 1128 1942 1165 Joanni
1967 1128 2194 1167 Camerario
2217 1128 2443 1179 Dalburgio,

1482 1188 1662 1227 Antistiti
1697 1190 2013 1228 wormaciensi:
2039 1201 2140 1240 quos
2153 1192 2444 1241 Manuscriptos

1483 1252 1520 1288 in
1551 1251 1794 1290 Bibliotheca
1817 1252 1985 1291 illustris
2008 1252 2235 1302 Raymundi
2259 1252 2308 1291 de
2331 1251 2445 1292 Kraft

1482 1314 1634 1353 evolvit
1665 1315 1802 1353 Ulmae
1831 1314 2054 1354 Svevorum
2086 1315 2128 1353 V.
2161 1315 2204 1354 C.
2235 1317 2293 1354 J0.
2323 1315 2446 1355 Geor-

1482 1378 1571 1428 gius
1596 1377 1884 1416 Sclielhornius
1907 1382 2002 1416 tom.
2024 1378 2060 1416 3.
2086 1379 2332 1416 amoenitatt.
2358 1378 2446 1417 lite-

1482 1450 1558 1477 rar.
1587 1450 1673 1490 pag.
1705 1440 1767 1478 82.
1793 1451 1878 1490 seq.
1908 1438 2101 1488 Ejusdem
2126 1439 2315 1479 Matthaei
2343 1439 2444 1480 Car-

1479 1512 1567 1539 men
1585 1501 1632 1540 (le
1655 1501 1866 1543 miraculis
1891 1503 1931 1541 S.
1956 1501 2136 1541 Servatii
2165 1506 2205 1541 et
2241 1502 2382 1542 librum
2398 1503 2444 1542 de

1481 1563 1631 1615 oriyine
1669 1562 1866 1616 rebusque
1898 1564 2020 1615 qestis
2063 1563 2374 1616 Tray'eclensium
2404 1567 2443 1605 in

1482 1627 1543 1665 illa
1591 1627 1687 1665 urbe
1721 1628 1916 1665 Manuscr.
1963 1632 2157 1666 memorat
2193 1628 2363 1666 Miraeus
2395 1628 2443 1667 de

1483 1690 1753 1740 scriptoribus
1783 1690 1913 1729 Seculi
1945 1690 2049 1728 XVI.
2079 1700 2164 1740 cap.
2197 1689 2234 1728 2.
2264 1689 2362 1740 Ejus
2386 1689 2444 1728 in-

1480 1750 1702 1790 stitutiones
1739 1750 1997 1790 scholasticas
2035 1751 2192 1802 aliaque
2222 1751 2443 1792 Sweertius

1479 1814 1516 1851 in
1548 1813 1717 1852 Athenis
1748 1815 1914 1864 Belgicis
1945 1826 2032 1865 pag.
2064 1813 2155 1852 555.

1532 1876 1824 1916 MATTHAEUS
1864 1875 2154 1915 Laudunensis.
2194 1875 2291 1915 Vide
2321 1886 2442 1927 supra

1480 1939 1514 1976 in
1557 1938 1747 1977 AEGIDlO
1776 1938 1991 1988 Delphensi
2023 1943 2119 1977 tom.
2145 1940 2179 1977 1.
2203 1949 2287 1990 pag.
2310 1939 2372 1978 55.

1537 1999 1793 2039 Leonfzardus
1830 2000 2038 2040 MATTAEl
2067 2000 2115 2039 de
2145 2001 2274 2040 Utino.
2314 2000 2442 2052 Supra

1478 2067 1574 2100 tom.
1609 2063 1670 2101 lv.
1704 2075 1790 2114 pag.
1821 2064 1909 2102 549.

1531 2124 1817 2165 MATTHAEUS
1848 2124 2164 2176 Mareschallus,
2200 2126 2300 2165 infra
2336 2127 2439 2166 Mat-

1479 2186 1617 2225 thaeus
1646 2187 1692 2226 de
1723 2187 2001 2240 Pappenheim.
2257 2231 2259 2233 ,

1531 2250 1822 2290 MATTllAEUS
1859 2251 2014 2291 Masius
2048 2251 2186 2290 Ordini
2242 2251 2438 2291 Eremit-a-

1478 2324 1564 2351 rum
1597 2313 1635 2350 S.
1668 2312 1881 2360 Augustini
1913 2314 1960 2352 de
1987 2319 2120 2354 monte
2146 2319 2286 2354 sancto
2310 2315 2346 2352 in
2379 2316 2438 2354 Pi-

1478 2386 1576 2413 ceno
1596 2376 1635 2414 S.
1657 2377 1798 2413 Mariae
1830 2377 1865 2413 in
1897 2377 2082 2428 Georgio,
2113 2375 2300 2416 minimus
2327 2387 2439 2428 repe-

1482 2438 1642 2476 cicorum
1661 2437 1956 2478 Grammaticae
1971 2439 2264 2491 scripsitvitam
2279 2438 2442 2478 S.Ge.rii

1480 2502 1581 2539 circa
1603 2499 1677 2540 An.
1710 2500 1811 2539 1270
1852 2501 2028 2541 defunct-i
2045 2532 2056 2551 ,
2082 2501 2311 2552 dicavitque
2339 2503 2438 2541 Mar-

1481 2564 1587 2610 tino,
1619 2563 1741 2600 Priori
1780 2562 1982 2602 Ecclesiae
2012 2565 2050 2603 S.
2083 2563 2188 2602 Pauli
2219 2563 2268 2602 de
2304 2567 2437 2602 monte

1481 2625 1650 2672 Sancto,
1681 2629 1721 2663 et
1751 2626 1908 2675 egregio
1939 2625 2107 2676 physico
2126 2657 2137 2674 ,
2167 2627 2352 2677 Magistro
2370 2626 2438 2664 Pe-

1479 2692 1541 2725 tro
1569 2687 1617 2726 de
1646 2688 1775 2726 Monte
1804 2686 1966 2724 Sancto.
1997 2686 2132 2726 Edidit
2163 2687 2436 2725 Henschenius

1482 2753 1509 2786 t.
1538 2750 1600 2787 VI.
1632 2749 1715 2787 Act.
1742 2748 1920 2786 Sanctor.
1944 2747 2028 2797 Maji
2051 2748 2114 2786 25.
2141 2759 2178 2796 p.
2204 2747 2293 2786 459.
2320 2747 2407 2786 161.

1532 2809 1819 2850 MATTUAEUS
1842 2808 1889 2848 de
1909 2807 2175 2848 Macasselani
2205 2810 2329 2848 JCtus
2364 2810 2436 2847 Bo-

1481 2875 1708 2920 noniensis,
1739 2882 1855 2921 cujus
1887 2870 2102 2910 Consilium
2132 2869 2178 2910 de
2194 2869 2435 2923 profectione

1483 2935 1667 2987 Greqorii
1684 2935 1768 2973 XII.
1787 2932 1842 2971 ad
1860 2932 2000 2972 Urbem
2015 2935 2186 2973 Saonam
2202 2933 2323 2973 edidit
2339 2935 2434 2973 Bzo-

1481 2999 1571 3036 vius
1600 2997 1648 3035 ad
1676 2997 1749 3035 An.
1779 2995 1892 3035 1407.
1921 3009 1956 3047 p.
1986 2995 2074 3034 270.
2098 3007 2182 3046 seq.

1534 3060 1548 3072 “’
1580 3059 1657 3097 Viri
1682 3059 1801 3098 huius
1824 3058 1927 3096 docti
1951 3063 2113 3098 exstant
2139 3059 2333 3108 impressa
2353 3057 2433 3096 sin-

1479 3118 1641 3171 qularia
1658 3119 1763 3158 (licta
1785 3119 1901 3158 etiam
1921 3118 2122 3169 notabilia,
2138 3117 2297 3158 collecta
2314 3122 2354 3158 et
2368 3130 2434 3157 ηο-

1483 3185 1564 3220 tata
1579 3194 1654 3234 per
1676 3181 1954 3233 Compendium
1975 3182 2125 3232 absque
2154 3181 2237 3219 loco
2266 3183 2306 3218 et
2328 3191 2432 3219 anno

1484 3245 1755 3295 impressionis
1780 3243 1899 3282 editio
1918 3249 1981 3282 est
2005 3247 2177 3282 vetusta.
2203 3241 2259 3280 lta
2286 3243 2432 3292 pariter

1482 3311 1521 3344 et
1556 3311 1750 3346 tractatus
1773 3305 1819 3344 (le
1843 3304 2140 3346 successoribus
2165 3302 2216 3343 ab
2249 3303 2428 3342 intestato

1484 3369 1644 3408 iunctim
1673 3369 1805 3408 editus
1829 3379 1919 3407 cum
1956 3370 2068 3408 Petro
2103 3367 2151 3406 de
2191 3365 2351 3406 Ubaldis
2379 3365 2427 3405 do
