2517 4009
934 216 1224 258 PAULUS

86 296 148 335 lao
159 297 411 336 commentato
431 303 505 344 per
521 291 758 330 Platearium
785 293 822 328 et
841 291 1042 328 servitore

82 370 130 398 ac
159 371 248 399 cum
289 355 474 397 Saladino
517 352 716 404 siyillante
745 352 889 391 (lictum
934 349 1041 390 volu-

83 435 183 462 men.
227 422 336 470 Quae
365 416 496 456 omnia
525 417 616 455 visa
645 419 682 454 et
708 419 890 454 correcta
925 412 1041 466 fuere

79 495 156 536 per
184 480 454 522 clarissimum
478 478 688 530 physicum
718 479 762 516 Ι).
802 476 1040 528 Mayistrum

86 545 254 586 Paulum
279 543 325 583 de
353 541 559 581 Vareschis
580 540 818 581 Patavinum
841 538 1039 578 Medicum

83 609 124 647 in
160 607 268 646 alma
312 604 415 645 Urbe
458 604 706 644 Venetiarum
747 602 970 656 famosum:
1004 604 1042 639 et

81 670 282 723 impressa
315 668 481 708 Venetiis
506 679 580 719 per
613 666 859 718 Peleyrinum
883 665 929 704 de
961 666 1037 703 Pa-

82 731 291 785 squalibus
301 731 347 771 de
356 731 529 770 Bononia
537 729 610 769 sub
617 742 718 768 anno
727 727 887 766 Domini
895 728 912 766 i
920 728 994 766 4911
1008 726 1038 779 f.

135 796 304 835 Marcus
350 795 568 842 PAULUS,
620 795 793 832 Venetus.
837 802 958 842 supra
1002 793 1038 828 in

80 858 254 899 MARCO
283 870 372 910 pag.
401 858 466 897 24.

132 920 329 961 PAULUS
357 920 403 959 de
437 919 626 967 Venetus,
658 919 751 969 quia
783 919 819 955 in
852 917 913 955 illa
941 916 1038 955 urbe

78 983 544 1034 educatus,quanquam
569 981 774 1020 Utinensis
800 980 938 1030 patria,
958 980 1038 1017 Au-

79 1047 360 1097 gustinianus‚
386 1045 647 1096 Philosophus
666 1055 710 1083 ac
736 1042 961 1091 Theologus
977 1053 1040 1080 ce-

78 1109 226 1155 lebris,
251 1108 466 1148 defunctus
490 1108 639 1146 Patavii
662 1106 778 1145 Anno
803 1105 919 1144 ⁴428.
943 1106 1039 1143 Eius

78 1172 224 1222 scripta
254 1170 356 1221 apud
379 1170 643 1209 Trithemium
665 1179 749 1218 cap.
774 1167 852 1206 703
880 1171 1037 1216 praeter

77 1233 284 1272 Sermones
308 1232 356 1270 de
381 1236 586 1282 tempore,
609 1230 767 1269 Sanctis
796 1232 836 1266 et
862 1228 1040 1274 Quadra-

76 1296 239 1345 gesima‚
264 1293 663 1342 Commentariosque
685 1290 724 1328 in
748 1290 910 1341 Loyica,
937 1289 1037 1341 Phy-

76 1356 163 1395 sica
190 1355 254 1394 lib.
285 1355 332 1395 de
361 1355 498 1393 anima
527 1358 565 1392 et
593 1352 861 1405 Metaphysica
885 1351 1038 1390 Aristo-

76 1417 176 1466 telis,
193 1422 290 1457 sunt
306 1432 314 1456 :
333 1419 497 1458 Summa
512 1416 559 1455 de
574 1414 852 1463 Naturalz‘bus,
871 1417 1036 1455 Summa

79 1479 371 1534 Philosophiae:
402 1481 500 1520 liber
527 1483 666 1519 contra
687 1478 860 1518 Judaeos
877 1509 886 1526 ‚
917 1489 1038 1529 super

75 1543 364 1596 consequentiis
388 1544 637 1583 RADULPHI
661 1541 799 1582 Strodi
819 1542 924 1581 acuti
949 1541 1036 1580 Phi—

76 1607 242 1659 losophi.
274 1608 388 1647 Hisce
416 1606 521 1657 apud
566 1606 739 1644 Elssium
785 1605 907 1643 multa
939 1604 1036 1656 adji-

74 1672 254 1711 ciuntur:
277 1671 324 1708 In
342 1671 409 1709 IV.
429 1668 554 1708 libros
571 1667 867 1709 Sententiarum
886 1680 895 1717 ς
917 1669 1034 1707 Com-

75 1732 263 1783 pendium
293 1733 604 1784 explicationum
647 1730 813 1769 Joannis
841 1729 887 1769 de
917 1730 1028 1769 RIPA

75 1797 112 1834 in
145 1796 317 1846 primum
350 1796 664 1835 Sententiarum.
693 1795 748 1832 De
777 1793 915 1833 notitia
941 1793 1035 1831 DEI

74 1858 130 1896 De
159 1856 394 1896 eoecellentia
421 1855 541 1896 Verbi
560 1856 661 1894 DEI.
679 1857 735 1895 De
759 1855 1032 1895 incarnatione

72 1920 175 1958 DEI.
198 1921 250 1959 De
269 1920 515 1971 conceptione
542 1920 729 1971 Viryinis.
756 1920 810 1958 De
834 1918 1030 1958 condendo

75 1981 304 2022 Christiano
322 1986 563 2022 testamento.
583 1984 639 2021 De
654 1985 746 2021 ortu
758 1985 797 2021 et
810 1993 1030 2033 progressu

69 2043 97 2082 Α
106 2044 357 2096 uqustiniani
362 2045 534 2084 Ordinis.
546 2045 600 2084 De
610 2044 884 2096 com-positione
893 2043 1033 2083 Mundi

73 2109 138 2157 qui
164 2107 261 2147 liber
283 2107 558 2147 Astronomiae
578 2108 700 2147 ianua
718 2108 940 2158 nuncupari
964 2118 1029 2157 po-

74 2173 164 2207 test.
188 2169 248 2209 De
265 2170 428 2210 circulis
453 2169 737 2223 componendis.
760 2168 1028 2220 Quadratura

69 2230 222 2271 circuti.
252 2233 395 2285 Loyica
418 2245 555 2285 parva
584 2236 622 2271 et
649 2244 807 2284 mayna.
846 2232 1029 2282 Explica—

68 2296 121 2333 tio
150 2295 290 2336 Daritis
318 2295 488 2348 Aliyerii
511 2327 519 2346 ,
546 2298 686 2335 Poetae
720 2296 946 2334 Florentini.

123 2358 145 2381 *
167 2359 242 2398 Est
270 2359 372 2410 apud
406 2371 469 2398 me
498 2371 546 2397 ex
579 2359 752 2397 editione
778 2359 926 2396 Veneta
950 2358 1024 2396 An.

73 2419 173 2458 1693
203 2420 302 2459 liber
332 2421 440 2460 Pauli
462 2422 601 2459 Veneti
632 2420 681 2458 de
711 2420 1026 2471 sophismatibus

67 2481 305 2521 emendatus
335 2494 404 2533 per
433 2484 606 2532 Magistr.
637 2482 861 2522 secundum
895 2482 1025 2520 Vene-

66 2550 150 2584 tum
177 2543 460 2584 Contarellium
494 2545 706 2583 Professor.
738 2544 971 2594 Theologiae
986 2549 1026 2582 et

66 2607 104 2644 F.
123 2608 339 2657 Baptistam
361 2606 409 2645 de.
430 2607 643 2646 Modoectia
664 2605 842 2644 eiusdem
861 2605 1023 2643 ordinis.

120 2668 209 2717 (245
246 2670 297 2707 Et
333 2669 435 2720 apud
476 2681 538 2708 me
559 2670 598 2707 P.
621 2667 751 2706 Veneti
776 2666 1024 2706 Universalia

59 2730 386 2785 praedicamenta
414 2742 569 2784 seoeque
593 2730 799 2782 principia
843 2731 1021 2780 exposita

63 2794 140 2833 An.
171 2795 286 2834 4428.
316 2794 379 2833 die
404 2796 471 2834 Xl.
496 2795 648 2833 Martii.-
675 2795 804 2831 revisa
831 2804 922 2832 cum
949 2794 1023 2831 ori-

64 2857 182 2906 ginali
214 2857 362 2907 scripto
391 2868 461 2908 per
489 2857 584 2896 Ven.
616 2856 807 2895 Jacohum
838 2855 886 2894 dc
917 2858 1022 2895 Man-

64 2924 132 2958 tua
163 2920 202 2958 S.
234 2929 320 2970 pag.
350 2919 514 2969 profess.
544 2918 670 2958 eiusd.
701 2918 784 2958 ord.
804 2919 919 2958 cuius
939 2920 1020 2970 epi-

64 2981 166 3020 stola
195 2986 305 3020 extat
336 2982 372 3019 in
407 2981 533 3019 fronte.
562 2983 693 3032 operis
722 2980 768 3020 ad
795 2981 1016 3020 Nicoletum

62 3044 287 3084 Verrii-atem
299 3044 534 3083 Theatinum
549 3043 642 3082 Phil.
657 3043 808 3082 l‘aduae
821 3044 1015 3093 legentem

9 3143 12 3148 ,
62 3108 239 3146 Venetiis
262 3118 331 3159 per
346 3106 788 3145 BonetumLocatellum
808 3105 852 3144 Α.
868 3105 1000 3145 ΜΘΗ.

120 3169 238 3210 Pauli
263 3168 392 3210 Veneti
428 3169 567 3220 Loqica
598 3179 689 3207 cum
720 3168 1015 3206 Commentario

65 3232 227 3284 Menyhi
273 3235 523 3272 BLANCHEIAA
576 3231 798 3269 Favi-utini.
844 3231 1010 3268 'tarvisii

119 3365 152 3404 a)
169 3368 282 3407 itaque
298 3368 382 3407 apud
408 3366 548 3397 uls-sium
573 3373 646 3405 pag.
672 3363 744 3394 2354.
772 3372 830 3402 pru
856 3363 1015 3393 “retensi

2003 219 2078 256 ³209

1119 288 1232 328 ⁴476.
1264 290 1439 328 Venetiis
1470 289 1571 327 1480
1604 288 1720 327 ⁴483.
1751 289 1852 328 4499
1878 289 1994 327 4520.
2023 285 2077 335 f.)

1173 352 1314 390 Petrus
1339 350 1533 390 PAULUS
1567 350 1791 403 Veryerius,
1823 351 1936 398 infra,
1957 351 2075 389 VER—

1118 413 1316 453 GERIUS.

1172 476 1364 516 PAULUS
1397 477 1568 527 scriptor
1598 478 1704 514 vitae
1742 477 1916 526 Magistri
1947 476 2007 514 sui
2040 476 2079 513 S.

1118 537 1278 585 Hilari,
1309 539 1476 577 Abbatis
1506 538 1759 578 Galeatensis
1790 539 1826 576 in
1858 538 1969 577 ltalia
2009 539 2079 577 Se-

1116 601 1205 640 culo
1236 602 1298 639 Vl.
1331 601 1367 639 in
1412 600 1523 639 Actis
1568 602 1746 640 Sanctor.
1795 606 1891 640 torn.
1923 602 1958 640 3.
1989 600 2076 647 Maji

1119 664 1181 702 ⁴5.
1214 674 1299 714 pag.
1333 662 1423 701 473.
1453 662 1568 702 Alius
1600 663 1797 703 PAULUS
1825 665 1893 714 qui
1919 665 2080 714 scripsit

1119 725 1244 763 Vitam
1274 725 1313 764 S.
1347 723 1510 774 Georqii
1536 725 1719 776 Episcopi
1751 727 1872 764 Svelli
1905 727 1940 763 in
1990 726 2080 765 Sar—

1115 787 1219 825 dinia
1252 787 1294 826 A.
1328 786 1446 826 4⁴47.
1477 791 1504 825 t.
1537 787 1572 825 3.
1604 787 1726 838 April.
1758 790 1822 826 23.
1854 801 1888 839 p.
1913 790 1992 828 215
2018 800 2080 838 sq.

1170 848 1368 889 PAULUS
1416 848 1719 898 Volademirus,
1768 851 1815 888 de.
1859 851 2076 899 cracovia,

1114 913 1374 950 Decretorum
1406 913 1576 959 Doctor,
1606 912 1886 951 Cracoviensis
1910 914 2080 952 Canoni-

1112 985 1209 1022 cuS,
1241 973 1480 1012 Academiae
1511 975 1789 1013 Cracoviensis
1812 976 1975 1021 Rector,
2005 975 2080 1012 Re-

1113 1037 1174 1086 gis
1193 1037 1374 1075 Poloniae
1391 1035 1560 1075 Ladislai
1577 1036 1624 1076 ad
1643 1036 1954 1076 Constantiense
1975 1037 2078 1075 Con-

1113 1099 1247 1137 cilium
1280 1100 1464 1149 Legatus.
1496 1099 1595 1149 Ejus
1637 1098 1920 1138 demonstratio
1958 1099 2074 1138 Anno

1113 1161 1218 1200 4445
1244 1161 1399 1210 publice
1426 1162 1462 1198 in
1491 1161 1554 1199 illo
1576 1162 1750 1201 Concilio
1772 1163 1951 1213 opposita
1975 1162 2076 1200 Cru-

1112 1222 1245 1260 ciferis
1274 1222 1323 1260 de
1355 1223 1511 1261 Prussia
1533 1253 1543 1269 ,
1576 1235 1648 1262 seu
1678 1224 1814 1263 Ordini
1846 1225 2073 1270 Teutonico,

1111 1284 1283 1333 probans
1301 1283 1474 1334 infideles
1491 1284 1619 1323 armis
1640 1288 1676 1322 et
1700 1283 1796 1323 bello
1821 1297 1897 1323 non
1919 1296 2002 1324 esse
2021 1285 2076 1324 ad

1108 1344 1384 1384 Christianam
1411 1345 1528 1396 fidem
1564 1347 1844 1386 convertendos
1865 1378 1874 1396 ,
1905 1360 1973 1386 nec
2012 1360 2074 1386 eo-

1110 1419 1204 1446 rum
1229 1406 1330 1445 bona
1353 1407 1576 1447 invadenda
1591 1439 1601 1456 ,
1628 1413 1702 1446 aut
1722 1408 1789 1447 illo
1823 1421 1975 1448 nomine
2013 1422 2074 1449 oc-

1109 1470 1294 1522 cupanda
1315 1500 1323 1513 ,
1354 1475 1489 1509 exstat
1518 1471 1621 1521 apud
1654 1472 1697 1508 V.
1728 1471 1770 1510 C.
1798 1473 2070 1512 Hermannum

1111 1533 1159 1572 ab
1191 1533 1313 1572 Hardt
1344 1538 1440 1572 tom.
1470 1534 1507 1572 3.
1538 1545 1624 1585 pag.
1657 1535 1692 1571 9.
1724 1533 1788 1572 27.

1165 1596 1362 1636 PAULUS
1394 1598 1505 1636 Uvan
1534 1597 1782 1635 pataviensis
1813 1596 1898 1634 sive
1936 1599 2072 1636 Passa-

1108 1660 1260 1697 viensis
1310 1659 1522 1709 Presbyter
1565 1659 1730 1709 scripsit
1775 1669 1976 1698 sermones
2022 1659 2068 1698 de

1109 1724 1279 1773 tempore
1303 1727 1343 1760 et
1382 1721 1428 1760 de
1469 1725 1614 1774 septem
1653 1721 1761 1760 vitiis
1799 1721 2070 1773 capitalibus,

1109 1789 1281 1823 testatus
1311 1796 1354 1823 se
1385 1785 1510 1823 fuisse
1542 1786 1579 1822 in
1611 1783 1799 1823 Zwickau
1843 1785 1914 1823 An.
1952 1786 2069 1825 ⁴440.

1105 1847 1256 1896 aliquot
1284 1848 1400 1886 annis
1429 1851 1521 1886 ante
1567 1858 1686 1897 quam
1730 1837 1940 1885 ¹sermones
1982 1848 2069 1886 illos

1106 1909 1283 1948 haberet.
1313 1909 1490 1949 Consule
1520 1911 1578 1947 Jo.
1607 1910 1832 1962 Launojum
1859 1911 1896 1948 in
1922 1922 2069 1961 appen-

1105 1972 1192 2011 dice
1223 1972 1271 2011 ad
1301 1973 1495 2023 scriptum
1528 1971 1576 2011 de
1606 1977 1768 2011 auctore
1799 1973 1988 2012 librorum
2019 1973 2068 2012 de

1104 2036 1328 2074 imitatione
1357 2035 1513 2074 CHristi
1543 2046 1629 2086 pag.
1663 2035 1753 2074 ¹138.
1783 2047 1868 2086 seq.

1156 2096 1350 2137 PAULUS
1388 2096 1702 2150 Warnefridus,
1728 2109 1846 2148 supra
1878 2109 1913 2148 p.
1951 2098 2038 2137 ⁴99.

1158 2160 1476 2199 PEGAVIENSE
1497 2159 1731 2209 Chronicon,
1749 2171 1870 2211 supra
1893 2162 1929 2198 in
1947 2160 2065 2200 Coa·-

1102 2222 1238 2261 RADO
1268 2223 1600 2274 Lauterbergensi
1622 2227 1651 2261 t.
1680 2225 1716 2262 i.
1747 2235 1782 2274 p.
1814 2224 1903 2262 383.

1158 2286 1408 2325 PELAGIUS
1439 2287 1466 2324 Ι.
1499 2286 1705 2325 Romanus
1736 2287 1836 2337 Papa
1867 2286 1915 2323 ab
1946 2287 1990 2324 A.
2021 2288 2062 2326 C.

1101 2349 1190 2388 556.
1221 2347 1343 2399 April.
1377 2350 1434 2387 43.
1469 2348 1516 2387 ad
1548 2348 1593 2387 Α.
1625 2349 1713 2387 561.
1739 2349 1864 2387 Martii
1887 2348 1923 2386 2.
1949 2350 2063 2386 Prae-

1101 2417 1162 2449 ter
1203 2411 1423 2462 Epistolam
1466 2411 1514 2449 ad
1556 2411 1769 2461 Vigilium⁷
1809 2410 2058 2460 reprobatam

1099 2475 1119 2511 a
1150 2474 1352 2512 Blondello
1382 2485 1469 2523 pag.
1500 2473 1587 2510 609.
1620 2484 1705 2523 seq.
1736 2476 1900 2510 exstant
1932 2472 1967 2508 in
2001 2476 2060 2508 to-

1102 2537 1176 2573 mis
1205 2536 1472 2574 Conciliorum
1503 2534 1707 2584 Epistolac
1736 2534 1836 2571 aliae
1861 2534 2057 2583 genuinae

1099 2598 1183 2635 XV.
1213 2608 1290 2635 una
1321 2607 1411 2634 cum
1445 2596 1679 2645 fragmentis
1708 2597 1730 2633 {i
1760 2597 1863 2633 Luca
1905 2594 2058 2632 llolste-

1101 2660 1161 2696 nio
1191 2658 1307 2696 editis
1337 2659 1373 2695 in
1405 2662 1498 2695 tom.
1531 2659 1565 2696 4.
1585 2657 1829 2695 collectionis
1854 2658 2054 2696 Romanae

1099 2734 1183 2772 pag.
1214 2721 1305 2759 219.
1330 2731 1411 2770 seq.
1443 2721 1496 2757 De
1527 2719 1602 2757 illis
1632 2719 1712 2757 dixi
1737 2724 1830 2757 tom.
1859 2720 1924 2757 xl.
1954 2720 2050 2758 Bibl.

1097 2786 1271 2823 Graecae
1302 2795 1388 2833 pag.
1421 2783 1510 2823 452.
1541 2781 1604 2820 ubi
1635 2782 1754 2820 etiam
1785 2781 1834 2821 de
1877 2782 2051 2832 Epistola

1098 2858 1137 2892 ct
1161 2852 1254 2891 Fide
1274 2852 1415 2901 Pelagii
1432 2851 1478 2890 ad
1497 2850 1745 2889 Cliilbertum
1768 2851 1911 2900 Regem
1933 2851 2053 2888 Fran-

1095 2927 1257 2964 corum,
1287 2925 1406 2965 quam
1438 2913 1602 2951 dederat
1631 2912 1868 2951 Sirmondus
1893 2917 1988 2951 tom.
2016 2915 2051 2952 l.

1095 2978 1301 3018 Concilior.
1345 2976 1493 3015 Galliae
1538 2987 1624 3026 pag.
1669 2975 1757 3013 3110.
1790 2980 1829 3012 et
1871 2979 2050 3013 extrema

1093 3045 1204 3092 parte
1234 3043 1435 3078 auctorem
1461 3038 1574 3076 offert
1599 3039 1655 3074 .lo.
1677 3036 1894 3075 Garnerius
1919 3038 1954 3074 in
1980 3048 2050 3075 au-

1093 3104 1216 3142 ctario
1245 3102 1420 3151 Operum
1451 3098 1685 3137 Tlieodoreti
1716 3110 1802 3148 pag.
1837 3099 1925 3137 539.
1959 3099 2047 3137 Fra-

1091 3169 1252 3214 gmenta
1283 3162 1548 3213 Epistularum
1579 3161 1756 3210 quinque
1787 3160 1890 3211 apud
1932 3159 2048 3200 Bulu-

1092 3214 1194 3266 nium
1227 3231 1320 3263 toni.
1354 3225 1394 3261 V.
1427 3223 1533 3261 Misv.
1565 3234 1601 3271 p.
1634 3223 1708 3260 tnss
1742 3223 1828 3261 466.
1869 3223 1909 3260 ln
1955 3222 2045 3273 ojus

1083 3360 1195 3390 malini
1223 3360 1414 3390 Utinensein
1442 3356 1561 3397 legere.

1661 3427 1668 3464 l
1685 3426 1733 3463 ,Ἣ
