2533 4009
465 255 541 292 294

822 324 981 360 meur
1015 324 1057 360 ιι.

468 412 519 447 ll<¹
541 410 599 448 Ins
617 440 622 447 ,
645 410 714 458 qui
730 406 967 445 Psalleri'znn
988 439 994 449 ,
1013 407 1235 447 Proverbia
1253 439 1260 455 ,
1281 410 1413 449 Eccle-

542 472 684 509 siasten
702 501 710 516 ,
741 472 777 506 et
798 468 960 506 Cantica
985 469 1237 508 Canticorum
1262 483 1333 510 ex-

813 533 1055 578 posuerunt.

513 615 856 665 l')e.Agiograpliis
887 627 980 654 vero
1011 619 1047 655 in
1079 620 1262 668 sequenti
1299 619 1414 658 doce-

460 678 582 713 beris:
627 687 795 724 quorum
841 679 1013 726 primum
1062 685 1124 718 est
1174 680 1407 719 Psalterium

453 737 565 784 juxta
585 738 938 776 circumcisionem.
963 739 1077 790 Apud
1113 752 1182 779 nos
1214 752 1306 779 vero
1326 753 1411 791 pro-

455 803 540 846 pter
582 797 792 835 Cllristum
825 810 875 836 ex
919 810 964 837 eo
996 806 1158 849 natum,
1191 801 1318 840 David
1349 808 1411 840 est

453 862 570 906 caput
605 860 782 897 omnium
814 860 1111 910 Prophetarum.
1143 864 1184 900 ln
1223 864 1337 901 cuius
1368 863 1411 900 li-

454 920 566 956 brum
597 920 766 969 plurima
791 922 902 959 multi
929 929 1159 962 senserunt.
1182 926 1235 962 De
1265 925 1410 974 quibus

453 981 604 1029 primus
625 985 662 1017 et
689 983 924 1031 praecipuus
948 989 1011 1021 est
1034 984 1286 1024 ORIGENES
1304 985 1407 1035 apud

449 1042 644 1088 Graecos,
668 1043 937 1084 AUGUSTIM
963 1046 1066 1096 apud
1094 1057 1165 1084 nos
1186 1076 1194 1094 ,
1216 1059 1264 1085 ex
1294 1049 1408 1086 cuius

450 1102 558 1140 libris
583 1104 802 1142 PROSPER
819 1135 828 1150 ,
854 1111 896 1144 ut
911 1109 1162 1157 accepimus,
1184 1108 1409 1157 Aquitanus

450 1164 672 1215 Episcopus
715 1166 971 1206 utilissimum
1002 1169 1189 1208 volumen
1220 1170 1408 1208 studiosis

448 1228 675 1276 excerpsit,
700 1228 761 1266 cui
786 1229 908 1267 multa
939 1229 987 1267 de
1016 1230 1181 1270 aliorum
1206 1232 1408 1282 opusculis

448 1288 643 1336 intexuit3
674 1294 716 1327 ut
745 1291 880 1328 statim
912 1292 948 1328 in
982 1293 1171 1343 principio
1201 1295 1406 1343 praefatio-

449 1359 538 1387 nem
569 1349 618 1387 de
649 1350 808 1389 homilia
838 1352 971 1391 Sancti
1000 1354 1180 1393 BASlLll
1212 1358 1400 1405 posuerit.

447 1410 487 1446 ln
533 1410 704 1449 eundem
736 1412 876 1451 librum
908 1420 948 1452 et
977 1414 1226 1455 ARNOBIUS
1261 1417 1407 1456 Rhetor

446 1471 506 1508 sui
538 1472 649 1510 nobis
681 1475 825 1524 ingenii
849 1482 1152 1516 monumentum
1177 1479 1337 1528 reliquit
1364 1481 1404 1518 ln

449 1532 579 1580 ipsum
600 1538 639 1570 et
658 1534 894 1574 lllLARlUS
912 1538 1173 1578 l'ictaviensis
1193 1541 1412 1592 Episcopus

442 1593 611 1641 scripsit.
644 1595 684 1631 ln
714 1597 828 1634 cuius
858 1598 1179 1648 explanationem
1211 1601 1414 1641 CASSIO-

448 1652 610 1692 DORUS
630 1656 861 1696 SENATOR
878 1688 885 1706 ,
901 1671 991 1698 cum
1013 1662 1138 1700 multa
1160 1662 1411 1713 disseruerit,

445 1715 481 1751 in
517 1716 588 1754 hoc
619 1722 775 1756 tantum
810 1720 968 1759 videtur
998 1723 1112 1760 nobis
1143 1725 1279 1772 utilis,
1306 1726 1410 1776 quod

445 1788 604 1815 omnem
648 1781 894 1819 saecularem
933 1785 1194 1833 sapientiam,
1240 1786 1276 1824 id
1322 1792 1412 1837 est,

447 1838 704 1879 Schematum
735 1847 773 1880 et
799 1843 1016 1894 Troporum
1038 1845 1311 1887 dulcissimam
1344 1862 1411 1888 va-

448 1900 627 1938 rietatem
676 1903 712 1940 in
756 1915 801 1940 eo
844 1904 966 1943 latere
1010 1909 1250 1947 manifestat.
1282 1911 1411 1961 Super

441 1963 572 1999 omnia
606 1973 698 2000 vero
729 1964 776 2002 ad
810 1966 1057 2005 intellectum
1091 1969 1212 2008 huius
1244 1972 1412 2022 proplie—

445 2023 519 2060 tiae
536 2023 674 2072 juvat,
696 2028 834 2076 siquis
858 2029 1092 2068 Psalterium
1109 2061 1120 2077 ,
1140 2032 1243 2081 qu‘od
1269 2033 1410 2073 beat-us

446 2084 774 2126 lllERONYMUS
817 2088 866 2127 de
914 2091 1103 2130 Hebraico
1134 2094 1170 2131 in
1226 2096 1409 2135 Latinum

447 2147 588 2192 vertit,
614 2151 825 2187 memoriae
850 2153 1129 2192 commendare
1152 2157 1335 2195 voluerit.
1364 2159 1408 2196 In

444 2207 651 2247 Proverbia
672 2211 892 2250 Salomonis
918 2214 1240 2256 lllERONYMUS
1265 2219 1410 2258 breves

444 2271 664 2308 sententias
681 2271 903 2322 dereliquit,
922 2286 1023 2323 quae
1041 2279 1153 2326 quasi
1168 2280 1409 2328 paucissima

442 2340 560 2378 grana
580 2359 588 2378 ,
617 2342 735 2370 causa
761 2338 943 2383 segetum
975 2336 1089 2376 fuere
1111 2342 1378 2380 maximarum
1400 2355 1409 2391 3

441 2401 540 2438 quas
570 2393 701 2431 BEDA
734 2399 867 2433 noster
887 2395 1135 2449 demessuit,
1165 2407 1206 2439 et
1234 2403 1404 2454 collegit.

443 2451 607 2502 Scripsit
648 2453 752 2492 idem
787 2457 1118 2500 HIERONYMUS
1148 2464 1184 2500 in
1215 2464 1414 2503 Ecclesia-

443 2517 530 2550 sten
570 2513 679 2563 justa
712 2517 965 2557 traditionem
997 2525 1251 2574 septuaginta
1281 2530 1411 2564 trans-

442 2574 635 2625 latorum,
667 2577 739 2616 hoc
769 2584 856 2628 est,
885 2582 1089 2632 vulgatam
1117 2587 1410 2637 interpretatio-

443 2646 547 2674 nem.
571 2636 738 2677 Hebraei
764 2642 869 2679 enim
895 2642 1044 2692 dicunt,
1071 2647 1104 2693 a)
1129 2657 1197 2684 eos
1220 2659 1296 2686 non
1323 2660 1407 2687 am-

439 2698 541 2747 plius
566 2700 846 2750 interpretatos
864 2703 988 2742 fuisse
1007 2718 1127 2755 quam
1146 2709 1268 2758 Moysi
1291 2711 1406 2760 quin-

440 2770 516 2808 que
531 2760 660 2799 libros.
680 2764 775 2800 Huic
794 2776 885 2815 ergo
907 2770 1145 2817 expositioni
1171 2773 1403 2811 acutissime

439 2820 560 2859 debes
605 2823 836 2873 intendere3
869 2831 913 2864 ut
942 2839 1028 2866 eam
1058 2831 1105 2867 ad
1148 2832 1400 2871 intellectum

440 2883 649 2923 modernae
684 2885 863 2924 lectionis
895 2890 1022 2937 possis
1060 2891 1267 2931 derivare:
1305 2897 1398 2944 quia

443 2945 534 2982 nillil
566 2947 668 2985 aliud
700 2948 803 2997 apud
831 2950 1058 2989 Latinorum
1084 2953 1256 3002 aliquem
1279 2966 1400 3006 super

501 3076 533 3113 a)
554 3077 632 3108 Vide
650 3078 804 3112 Biblioth.
823 3083 938 3114 Graec.
958 3083 1013 3113 ΙΙΙ.
1031 3081 1079 3113 12.
1096 3083 1128 3114 4.
1146 3087 1170 3115 t.
1188 3083 1220 3116 2.
1240 3094 1272 3124 p.
1288 3086 1362 3118 522.

494 3125 528 3161 b)
546 3129 707 3165 origenis.

495 3173 528 3210 c)
547 3176 648 3213 nujus
680 3180 761 3208 Justi
789 3188 827 3209 ex
854 3182 1034 3211 viennensi
1065 3183 1213 3214 Diacono
1234 3186 1400 3217 Antistitis

439 3222 663 3259 Lugdunensi<
694 3230 749 3264 qui
777 3232 870 3260 Anno
888 3229 961 3261 574.
981 3232 1132 3263 Concilio
1150 3233 1327 3265 Valentino
1342 3259 1351 3272 ‚
1369 3238 1401 3266 et

436 3272 529 3300 Anno
547 3271 617 3303 581.
638 3277 841 3316 aquilejensi
861 3280 1011 3312 interluit
1026 3306 1034 3319 ,
1053 3282 1323 3316 lucubrationem
1344 3286 1396 3316 in-

407 3320 523 3354 tercidi
555 3330 582 3351 ss
595 3329 609 3351 c
628 3321 809 3357 dolendum
826 3332 886 3360 est.
906 3332 967 3361 Pro
993 3334 1204 3371 Lugdunensi
1233 3334 1401 3366 Viennen-

1289 255 1624 294 NOTKERI

1485 325 1656 364 cundem
1677 326 1819 365 librum
1845 331 2040 378 reperies,
2060 331 2132 368 nisi
2152 335 2306 368 tantum
2324 340 2447 380 pauca

1491 387 1718 424 testimonia
1747 387 1784 424 in
1811 387 1919 427 libris
1940 390 2042 429 beati
2066 391 2332 438 GREGORH,
2357 401 2449 430 cum

1486 448 1731 497 expositione
1756 449 1892 496 posita.
1924 451 1966 488 In
1998 451 2159 490 Cantica
2188 452 2445 491 Canticorum

1489 510 1773 558 interpretatur
1797 508 1968 548 Sanctus
1998 512 2322 552 lllERONYMUS
2345 511 2446 551 duas

1488 569 1670 607 homilias
1691 568 2000 619 ADAMANTlI,
2024 572 2059 620 b)
2087 573 2125 610 in
2146 585 2313 624 quarum
2339 584 2451 623 prae-

1490 631 1632 668 fatione
1678 629 1750 667 hoc
1792 631 2020 680 praemisit:
2055 632 2265 683 Orzyenes,
2295 645 2382 672 cum
2411 633 2452 672 in

1487 690 1628 729 ceteris
1655 689 1755 728 alios
1791 690 1961 735 vicerit,
1990 692 2029 729 in
2059 692 2235 733 Canticis
2266 694 2451 734 Cantico-

1487 764 1577 790 rum
1593 763 1633 790 se
1651 752 1778 802 ipsum
1795 751 1902 791 vicit.
1921 753 2048 798 Quam
2071 754 2450 804 interpretationem,

1484 815 1574 863 quia
1606 814 1689 863 ipse
1721 817 1846 851 morte
1877 819 2147 864 praeventus,
2179 815 2291 854 nobis
2320 821 2450 855 trans-

1485 875 1585 913 ferre
1611 886 1688 912 non
1716 876 1867 924 potuit,
1895 875 1997 913 hanc
2028 875 2095 913 tibi
2127 876 2447 917 vicissitudinem

1485 937 1609 973 nostri
1636 935 1780 974 laboris
1806 940 1846 974 et
1872 936 2130 975 multimodae
2145 937 2354 976 servitutis
2380 940 2452 977 im-

1482 1007 1607 1047 pono:
1640 1000 1683 1035 ut
1714 997 1746 1033 si
1772 996 1985 1047 aliquando
2019 997 2245 1048 sumptibus
2275 998 2450 1038 abunda—

1485 1059 1608 1105 veris,
1633 1062 1673 1096 et
1693 1057 1861 1108 alicujus
1877 1057 2047 1097 hominis
2072 1059 2209 1098 Latina
2234 1063 2275 1098 et
2299 1059 2450 1100 Graeca

1483 1119 1615 1169 lingua
1639 1119 1811 1167 eruditi,
1837 1120 2010 1158 amicitia
2035 1130 2133 1158 usus
2154 1119 2279 1159 fueris
2295 1149 2306 1167 ,
2330 1121 2379 1160 ab
2403 1133 2448 1160 eo

1482 1185 1721 1231 extorqueas
1746 1210 1756 1227 ‚
1782 1185 1826 1219 ut
1863 1181 2164 1232 explanationes
2202 1182 2352 1221 Latinis
2370 1212 2380 1232 ,
2409 1188 2450 1221 et

1483 1242 1663 1280 Barbaris
1693 1252 1762 1291 pro
1794 1243 1969 1280 maximo
2000 1253 2165 1281 munere
2183 1271 2192 1289 ‚
2216 1243 2282 1281 vel
2306 1243 2451 1294 praeda

1483 1303 1749 1342 famosissima
1789 1303 2009 1342 transferre
2041 1314 2117 1342 non
2150 1309 2352 1355 gravetur.
2388 1306 2451 1344 In-

1483 1366 1597 1402 terim
1643 1364 1728 1415 lege
1776 1364 1952 1403 libellum
1998 1364 2133 1404 JUSTI
2174 1365 2451 1416 Luydunensz's

1484 1425 1670 1477 Episcopi
1695 1429 1728 1473 c)
1754 1427 1790 1464 in
1816 1426 2154 1476 Epithalamium,
2177 1427 2340 1466 brevem
2365 1429 2451 1478 qui-

1484 1489 1574 1528 dem
1600 1490 1759 1537 verbis,
1786 1488 1856 1527 sed
1882 1488 2157 1540 spiritualibus
2178 1489 2339 1540 plenum
2361 1500 2451 1528 sen-

1487 1552 1633 1589 tentiis.
1652 1550 1764 1596 Quod
1793 1551 1825 1587 si
1856 1551 2030 1589 Romana
2055 1550 2237 1590 facundia
2265 1551 2448 1591 barbaro—

1487 1624 1573 1651 rum
1601 1612 1804 1651 hominum
1825 1613 1969 1662 scripta
1995 1614 2310 1662 contempserit,
2338 1613 2450 1652 nobis

1487 1674 1662 1712 barbaris
1677 1675 1868 1724 expositio
1881 1675 2030 1713 BEDAE
2052 1675 2091 1712 in
2109 1673 2283 1713 eundem
2301 1674 2446 1714 librum

1487 1736 1670 1773 sufficere
1700 1735 1870 1774 debebit.
1897 1736 2024 1781 Quem
2056 1739 2288 1775 naturarum
2318 1735 2451 1786 dispo-

1488 1801 1584 1833 sitor
1633 1797 1793 1843 DEUS,
1834 1798 1899 1846 qui
1931 1801 2073 1846 quarta
2115 1797 2178 1835 die.
2223 1797 2450 1836 mundanae

1483 1858 1696 1895 creationis
1727 1858 1860 1896 Solem
1893 1858 1942 1896 ab
1971 1858 2134 1896 Oriente
2165 1857 2380 1908 produxit,
2410 1860 2447 1896 in

1485 1923 1598 1957 sexta
1628 1923 1757 1958 aetate
1787 1920 1934 1958 saeculi
1961 1931 2110 1959 novum
2133 1919 2256 1959 solem
2278 1919 2326 1958 ab
2349 1921 2451 1959 occi—

1484 1978 1604 2017 dente
1628 1979 1676 2018 ad
1705 1980 2033 2020 illuminationem
2054 1982 2199 2020 totium
2222 1982 2328 2020 orbis
2349 1981 2452 2020 dire-

1487 2041 1558 2078 xit.
1589 2041 1627 2078 Si
1659 2052 1753 2079 vero
1782 2043 2048 2080 Romanarum
2078 2043 2197 2080 etiam
2222 2042 2448 2082 delitiarum

1487 2102 1634 2152 opipari
1659 2104 1843 2140 convivio
1867 2102 2080 2142 delectaris
2097 2132 2108 2149 ,
2123 2103 2310 2154 quicquid
2332 2103 2451 2143 GRE-

1485 2163 1668 2202 GORlUS
1698 2166 1798 2214 Papa
1829 2164 1945 2202 dulce
1970 2175 2090 2215 super
2114 2165 2188 2203 hoc
2217 2176 2447 2216 respersum

1487 2225 1680 2263 latissime
1711 2225 1897 2275 reliquit·⁷
1929 2225 2031 2264 idem
2060 2225 2194 2264 BEDA
2224 2227 2263 2264 in
2292 2227 2448 2265 brevis-

1487 2287 1586 2324 simo
1611 2287 1758 2326 ferculo
1778 2286 1907 2326 avidis
1932 2286 2181 2338 glutiendum
2211 2289 2444 2339 composuit.

1833 2374 1999 2414 CAPUT
2034 2374 2100 2413 111.

1486 2453 1540 2490 De
1570 2451 1852 2503 interpretibus
1881 2451 1995 2492 Libri
2020 2451 2375 2504 Sapientiae‚Jesu
2398 2452 2446 2504 fi-

1485 2513 1531 2552 liz·
1556 2513 1726 2561 Sirach,
1757 2513 1855 2562 Job,
1890 2513 2048 2563 Tobiae,
2078 2512 2260 2564 Esdrae,
2284 2513 2452 2563 Juditha

1591 2575 1762 2624 Esther,
1794 2575 2149 2626 Paralipomenon,
2180 2578 2220 2613 et
2252 2576 2337 2615 Ma-

1831 2635 2099 2676 chabaeorum

1530 2716 1585 2753 De
1615 2716 1726 2762 libro,
1756 2717 1822 2766 qui
1849 2717 2051 2766 Sapientia
2069 2715 2442 2755 Salomonisinscri-

1478 2777 1611 2824 bitur,
1644 2778 1790 2817 nullius
1820 2778 1998 2816 authoris
2018 2778 2334 2828 expositionem,
2360 2777 2438 2815 nisi

1477 2842 1634 2876 tantum
1666 2851 1734 2889 per
1763 2841 2011 2877 occasionem
2041 2839 2207 2878 aliorum
2245 2838 2436 2878 librorum

1475 2910 1598 2948 pauca
1629 2901 1853 2938 testimonia
1878 2900 2087 2951 explanata
2112 2901 2300 2952 cognovi3
2326 2901 2439 2952 quip-

1475 2971 1522 3010 pe
1553 2963 1618 3013 qui
1644 2962 1692 3000 ab
1724 2963 1910 3001 Hebraeis
1940 2964 2098 3012 penitus
2128 2963 2331 3013 respuitur
2353 2992 2362 3010 ,
2392 2966 2432 3002 et

1466 3099 1538 3121 sem
1562 3092 1858 3133 archiepiscopum
1887 3097 1988 3126 vocat
2016 3096 2208 3132 Anonymus
2236 3092 2433 3126 mellicensis

1466 3148 1537 3178 cap.
1556 3141 1608 3172 4⁶2.
1626 3143 1739 3180 aitque
1757 3142 1928 3181 scripsisse
1959 3141 2001 3173 ad
2033 3143 2185 3181 Sergium
2215 3144 2360 3182 Papam,
2378 3143 2435 3181 qui

1465 3189 1526 3219 suit
1543 3190 1584 3220 ab
1602 3194 1696 3221 Anno
1714 3191 1788 3222 688.
1811 3191 1872 3222 Sed
1903 3192 1944 3223 ad
1976 3193 2129 3231 Sergium
2154 3194 2436 3223 Tarraconensem

1441 3273 1443 3276 ¹
1464 3240 1665 3278 Episcopum
1684 3242 1817 3280 scripsit
1837 3244 1949 3272 Justus
1967 3242 2153 3280 Episcopus
2175 3239 2401 3280 Urqelitanus
2421 3261 2431 3276 ‚

1463 3287 1503 3318 de
1523 3290 1616 3328 cujus
1634 3291 1773 3328 mystica
1789 3289 1994 3330 exposilione
2014 3291 2051 3322 in
2069 3291 2243 3322 Canticum
2260 3287 2327 3319 dixi
2346 3290 2432 3318 tom.

1463 3336 1495 3367 4.
1512 3344 1573 3376 pag
1614 3337 1690 3369 490.
