2533 4009
462 239 540 275 270

469 312 631 357 possunt
663 305 801 340 jovius
833 303 867 337 iu
900 300 1038 347 elogiis
1069 308 1153 346 pag.
1186 298 1274 336 402.
1321 299 1423 338 Gad-

468 369 558 406 ‹lius
588 366 653 414 qni
686 364 826 400 famam
859 357 1034 396 Beroaldi
1067 361 1204 395 tuetur
1227 358 1423 398 adversus

471 426 666 466 Floridum
699 422 914 465 Sabinum,
945 422 1039 455 tom.
1073 418 1108 455 1.
1140 429 1227 467 pag.
1259 418 1320 457 57.
1353 421 1424 458 Ba-

468 488 559 524 illeti
600 482 745 532 judicia
775 485 814 516 et
843 479 889 517 ad
922 490 966 516 ea
1012 478 1199 517 Bernardi
1243 481 1422 519 Monetae,

465 543 832 584 animaulversiones
877 544 971 576 tom.
1016 540 1052 576 2.
1095 550 1181 589 pag.
1222 540 1311 578 406.
1340 551 1424 591 seq.

463 607 691 659 Alphonsus
736 601 1007 640 Clarnmndus
1053 606 1146 639 tom.
1181 603 1216 640 3.
1249 603 1420 641 vitarum

467 678 551 716 pag.
581 664 672 701 Ι217.
702 663 905 700 Censurae.
936 662 1109 700 Thomae
1139 664 1242 714 Pope.
1281 664 1426 702 Blount

462 733 535 763 vie.
569 727 622 763 De
653 726 812 774 scriptis
843 726 929 762 eius
962 724 1062 762 idem
1090 725 1311 764 Niceronus
1340 725 1426 763 dili-

463 793 627 837 genter:
661 791 756 824 sunt
786 791 921 824 autem
955 786 1016 823 vel
1058 786 1223 824 Veteres
1261 788 1427 837 scripto-

467 860 530 887 res
559 848 607 886 ab
655 859 700 884 eo
748 849 933 885 recensiti
981 847 1246 898 illustratique
1292 850 1424 894 notis,

464 909 588 947 Plinii
616 909 780 947 historia
812 909 1030 956 naturalis,
1064 909 1309 960 Propertius,
1335 911 1428 949 Ser-

464 971 553 1009 vius
601 972 636 1007 in
669 970 902 1020 Virgilium,
933 981 1051 1019 quem
1096 972 1280 1009 acerbius
1324 973 1428 1010 inse—

468 1038 601 1071 ctatur
627 1031 760 1081 judice
799 1032 954 1070 Gisanio
991 1032 1024 1079 a)-
1068 1043 1187 1081 quam
1232 1033 1426 1082 Bupalum

463 1096 668 1145 Hipponax
708 1094 828 1140 olim,
859 1098 927 1131 aut
974 1093 1139 1131 infidum
1186 1094 1425 1143 Lycamben]

461 1155 735 1194 Archilochus.
769 1155 994 1205 Scriptores
1024 1154 1072 1192 de
1103 1167 1145 1192 re
1176 1157 1324 1194 rustica
1358 1155 1429 1195 Co-

463 1216 640 1263 lumella,
677 1218 827 1264 VarrO,
860 1216 957 1256 Cato
987 1221 1028 1255 et
1071 1215 1307 1256 Palladius:
1345 1218 1374 1256 V
1381 1219 1430 1255 ir-

462 1279 539 1329 gilii
570 1278 750 1316 Bucolica
781 1283 821 1316 et
850 1279 1052 1328 Georgica.
1101 1277 1222 1316 Plinii
1254 1278 1425 1328 junioris

460 1340 663 1390 Epistolao
698 1344 739 1377 et
770 1341 1066 1390 Panegyricus:
1101 1339 1304 1378 Ciceronis
1349 1343 1428 1379 Tu-

463 1402 649 1439 sculanae
681 1400 970 1446 Quaestiones,
1003 1402 1180 1451 itemque.
1201 1402 1427 1451 Orationes,

464 1465 610 1500 Bonon.
645 1464 759 1501 ⁴499.
791 1463 852 1500 fol.
885 1462 1017 1501 addita
1061 1462 1247 1501 Oratione
1291 1469 1425 1502 contra

465 1525 512 1562 M.
544 1524 745 1563 Valerium
773 1554 779 1562 .
814 1525 1010 1573 incognita
1042 1524 1151 1573 prius
1181 1529 1221 1562 et
1250 1525 1429 1564 Ciceroni

467 1586 685 1635 supposita.
731 1585 964 1632 Suetonius,
994 1584 1154 1636 ,lpuleji
1193 1587 1330 1624 asinus
1361 1599 1429 1625 au-

468 1658 572 1684 reus.
605 1646 798 1693 Plautus,
832 1647 1007 1695 Caesar,
1045 1649 1195 1685 sextus
1236 1647 1428 1687 Aurelius

466 1708 514 1745 de
546 1709 645 1746 vitis
669 1709 886 1747 Caesarum
907 1722 917 1745 :
941 1710 1127 1746 Lucanus
1149 1713 1191 1746 et
1208 1708 1430 1747 Juvenalis.

471 1769 539 1806 Vel
589 1780 689 1818 quae
739 1771 820 1820 ipse
866 1770 1143 1817 elucubravit,
1191 1769 1427 1821 Heptaloyos

469 1832 554 1867 sive
593 1836 748 1881 septem
787 1832 1020 1882 Sapicntum
1052 1832 1181 1870 dicta.
1225 1830 1428 1870 Declama-

468 1891 593 1930 tiones
624 1893 878 1943 Philosophi,
909 1893 1044 1932 Medici
1076 1898 1113 1932 et
1138 1893 1314 1932 Oratoris
1339 1895 1429 1944 quis

468 1959 673 2003 praestet:
706 1960 746 1992 ct
789 1954 957 2002 ebriosi,
989 1956 1244 2001 scortatoris,
1284 1955 1430 1994 aleato-

468 2018 547 2063 ris,
601 2018 691 2066 quis
733 2018 784 2064 sit
826 2015 1110 2054 detestabilior.
1161 2017 1337 2056 Libellus
1381 2016 1429 2055 de

469 2077 609 2128 optimo
630 2081 738 2116 statu
759 2081 795 2115 et
814 2077 1006 2129 principe.
1033 2079 1088 2116 De
1111 2077 1298 2129 felicitate
1324 2079 1430 2129 Opu-

470 2140 642 2177 sculum.
675 2139 791 2178 Aliud
823 2139 869 2177 ete
893 2143 1027 2177 terrae
1058 2144 1164 2178 motu
1188 2143 1225 2178 et
1240 2139 1429 2190 pestilen-

470 2201 536 2238 tia.
564 2201 703 2239 Oratio
719 2200 989 2251 proverbialis
1012 2204 1097 2241 sive
1121 2215 1171 2241 ex
1196 2205 1316 2242 meris
1333 2213 1427 2242 con—

469 2266 578 2299 texta
610 2262 828 2312 proverbiis
871 2274 1092 2312 eorumque
1137 2275 1301 2302 sensum
1343 2265 1430 2303 illu-

470 2327 616 2360 strans.
648 2325 871 2373 Disputatio
901 2322 947 2362 de
971 2324 1123 2363 nomine
1153 2315 1454 2376 Imperatoria'

473 2384 680 2422 Orationes
698 2400 724 2434 ,·
745 2383 1041 2436 praefationes,
1077 2386 1361 2438 praelectiones
1390 2392 1430 2425 et

471 2445 666 2494 quaedam
698 2446 895 2498 milleycae
939 2447 1155 2496 historiae,
1207 2448 1431 2500 Opuscula,

469 2519 560 2546 cum
593 2508 916 2559 Epiqrammatis.
950 2510 992 2547 In
1026 2510 1100 2548 hac
1129 2510 1280 2560 sylloge
1327 2511 1428 2548 inter

469 2569 540 2607 alia
563 2575 780 2608 occurrunt
801 2570 938 2609 Oratio
957 2569 1092 2609 habita
1117 2570 1156 2608 in
1176 2571 1429 2609 enarratione

474 2631 735 2669 l'errinarum
760 2632 976 2672 Ciceronis,

526 2693 661 2731 Oratio
687 2693 725 2731 in
744 2695 998 2733 enarratione
1021 2695 1205 2746 Georyz‘ci
1227 2695 1429 2735 Carminis

475 2753 707 2804 Vimiliani,
732 2759 851 2806 atque
885 2755 1129 2807 Tranquilli,
1152 2768 1231 2808 qua
1250 2755 1338 2796 laus
1361 2756 1431 2796 lui

471 2815 653 2853 Rusticae
682 2816 914 2855 continetur.

527 2876 664 2914 Oratio
682 2876 721 2914 in
731 2877 928 2928 principio
947 2878 1218 2917 enarrationis
1231 2877 1431 2930 Propertii

471 2937 667 2976 continens
688 2936 825 2977 laudes
855 2939 1030 2978 Amoris.

525 2999 660 3037 Oratio
678 3000 716 3037 in
745 3000 998 3038 enarratione
1023 3000 1098 3038 Titi
1119 3000 1241 3047 Livii,
1266 3011 1314 3037 ac
1340 2999 1433 3037 Silii

475 3058 624 3108 Italici,
655 3061 853 3100 continens
883 3062 1084 3100 Historiae
1113 3061 1391 3099 laudationem.

528 3121 663 3159 Oratio
695 3124 732 3160 in
762 3126 1017 3162 enarratione
1062 3122 1332 3174 Epistolarum
1364 3122 1429 3162 Ci—

530 3277 562 3314 a)
587 3279 742 3317 Apologia
766 3289 824 3319 pro
848 3284 971 3314 Latinis
995 3284 1105 3314 Poetis
1128 3292 1160 3321 p.
1185 3281 1258 3313 505.

531 3325 564 3360 b)
589 3328 771 3358 Bernartius
795 3332 922 3361 Moneta
945 3332 985 3363 ad
1009 3332 1139 3364 Bailleti
1159 3331 1284 3371 judicia
1309 3334 1387 3362 torn.
1408 3330 1436 3360 2.

1256 227 1667 266 PHILIPPUS

1498 296 1651 334 ceronis
1680 300 1715 335 et
1745 297 1919 347 Luca-ni,
1948 297 2142 336 continens
2170 295 2325 336 laudem
2362 298 2452 336 Poe-

1503 357 1607 395 tices.

1558 418 1694 456 Oratio
1724 420 1763 456 in
1793 419 2046 458 enarratione
2077 419 2374 458 lilietoricorum
2402 418 2456 460 ad

1501 478 1742 518 Herennium
1761 510 1770 527 ,
1813 480 2011 519 continens
2055 480 2318 520 laudationem
2363 479 2455 520 Elo-

1502 540 1684 591 quentiae
1713 544 1828 591 atque
1855 540 2068 581 Ciceronis.

1557 601 1695 640 Oratio
1725 601 1765 640 in
1793 601 2045 640 enarratione
2090 601 2293 642 Juvenalis
2334 606 2455 653 atque

1501 662 1681 701 Salustii.

1557 725 1601 762 In
1647 723 1900 763 enarratione
1947 724 2229 772 Quaestionum
2275 723 2459 764 Tuscula-

1501 797 1648 824 narum
1680 790 1718 824 et
1738 785 1900 825 Horatii
1918 779 2078 834 Flacci,
2103 784 2238 824 Oratio
2261 785 2458 825 continens

1507 846 1664 885 laudem
1693 847 1874 886 Musices.

1564 911 1605 947 In
1637 909 1890 947 enarratione
1921 907 2052 946 Persii
2079 908 2248 955 Poetae,
2275 907 2422 947 Oratio.

1562 970 1699 1009 Oratio
1725 968 1861 1008 habita
1879 969 1989 1021 apud
2006 971 2208 1008 Rectorem
2232 967 2464 1009 scholastici

1505 1036 1717 1071 conventus
1738 1061 1745 1079 ,
1776 1031 1972 1069 ineuntem
1995 1029 2280 1080 scholasticam
2305 1029 2465 1083 Praese-

1504 1098 1675 1132 cturam.

1562 1154 1699 1194 Oratio
1730 1152 1892 1202 habita,
1923 1153 2016 1193 dum
2038 1155 2179 1193 Rector
2198 1151 2466 1192 scholasticus

1504 1216 1656 1268 accepit
1677 1215 1948 1266 Mayistratus
1978 1213 2160 1265 insiyizi'a.

1560 1278 1623 1317 Ad
1656 1277 1848 1317 Tribunos
1876 1276 2011 1317 Plebis
2042 1276 2193 1316 Oratio.

1564 1339 1739 1391 Epistola
1769 1343 1807 1378 et
1831 1338 2102 1391 Paneqyricus
2131 1336 2185 1377 ad
2227 1336 2468 1377 Ludovicum

1505 1401 1749 1452 Spliortiam.

1556 1462 1620 1502 Act
1642 1462 1988 1502 Bartlzolomaeum
2019 1460 2209 1502 Chalcum
2239 1455 2428 1512 Epistola.

1562 1526 1608 1562 In
1636 1525 1805 1577 Nuptias
1834 1522 2150 1571 malivolorum,
2184 1521 2331 1561 Oratio,

1563 1586 1706 1625 Oratia
1735 1585 1818 1624 alia
1847 1584 2059 1637 Nuptialis.

1562 1647 1739 1699 Epistola
1782 1647 1836 1687 ad
1880 1648 2031 1686 Minum
2061 1645 2268 1692 Roscium,
2306 1645 2467 1684 Senato-

1509 1721 1595 1749 rem
1611 1711 1911 1758 Bononi‘ensem;
1927 1720 2016 1747 cum
2032 1706 2189 1747 duabus
2205 1705 2392 1746 Historiis
2407 1717 2464 1744 ec.

1563 1773 1733 1812 Carmen
1759 1771 1925 1822 lugubre
1949 1769 1994 1809 de
2017 1769 2242 1808 Dominicae
2266 1766 2466 1819 passionis

1513 1832 1596 1882 die,
1621 1832 1726 1883 quod
1751 1832 1898 1871 Gallica
1927 1833 2045 1870 etiam
2076 1829 2319 1881 metaphrasi
2347 1828 2467 1868 dona-

1506 1900 1601 1935 runt
1643 1893 1828 1933 Clemens
1875 1895 2049 1934 Marotus
2092 1897 2134 1931 et
2175 1891 2366 1938 Claudius
2412 1890 2460 1930 de
2512 1931 2516 1938 ,

1505 1958 1696 1995 Pontoux.
1735 1956 1909 1994 Exstant
1937 1958 2142 2006 praete-rea
2170 1950 2360 2005 Symbola
2386 1950 2466 2003 Py-

1505 2016 1693 2067 tlzayorae
1723 2019 1744 2055 a
1773 2016 1962 2055 Beroaldo
2007 2015 2208 2055 moraliter
2236 2013 2464 2065 explicata,

1505 2084 1544 2117 et
1563 2078 1608 2117 de
1629 2076 1848 2116 scribendis
1871 2075 2060 2128 Epistolis
2079 2076 2236 2116 libellus
2258 2077 2295 2116 in
2317 2085 2464 2126 appeu-

1506 2140 1592 2180 dice
1632 2141 1863 2191 Margaritae
1903 2138 2226 2189 Philosophicae:
2258 2141 2343 2179 tum
2373 2135 2467 2187 Epi-

1503 2200 1626 2241 stolae
1655 2201 1848 2252 quaedam
1887 2202 1988 2239 inter
2023 2200 2224 2252 Epistolas
2254 2199 2460 2247 Politiani,

1505 2266 1565 2303 lo.
1596 2264 1796 2303 Francisci
1826 2263 1904 2302 Pici
1933 2267 2009 2301 etc.

1558 2325 1660 2375 (267.
1690 2325 1797 2365 Nihil
1826 2324 1875 2363 de
1906 2325 2115 2374 utriusque
2157 2322 2334 2363 Beroaldi
2378 2332 2468 2372 ope-

1504 2399 1592 2426 rum
1618 2386 1862 2426 editionibus
1889 2389 2025 2424 eontra
2067 2396 2216 2425 morem
2253 2384 2465 2423 Fabricius.

1503 2449 1815 2500 Diligentissima
1839 2448 1882 2485 T.
1908 2448 1934 2489 1.
1960 2458 2046 2497 pag.
2075 2446 2176 2486 ⁴003
2201 2457 2312 2496 seqq..
2340 2445 2378 2484 in
2403 2455 2464 2494 op.

1505 2510 1570 2549 Gli
1591 2509 1780 2550 Scrittori
1800 2507 1834 2547 d’
1851 2507 1970 2547 Italia
1991 2507 2313 2556 Mazzuchellius,
2340 2510 2379 2546 et
2400 2515 2467 2557 po-

1503 2576 1587 2611 stea
1618 2572 1805 2610 Fantuzzi
1837 2567 2115 2621 supplevere.)

1559 2632 1823 2672 PHlL1PPUS
1852 2630 2071 2671 Beroaldus
2102 2630 2265 2681 junior,
2291 2630 2467 2680 superio-

1505 2696 1559 2733 ris
1588 2707 1665 2733 non
1694 2695 1799 2733 filius
1824 2693 1892 2731 sed
1918 2692 2076 2744 gentilis
2101 2692 2189 2731 sive.
2210 2691 2466 2742 propinqum,

1501 2757 1536 2805 b)
1569 2756 1826 2796 Bononiensis
1854 2758 1895 2793 et
1925 2755 2034 2804 ipse,
2066 2752 2130 2792 ubi
2159 2752 2210 2792 ab
2237 2751 2311 2796 Aa.
2344 2751 2459 2795 ⁴498.

1502 2817 1661 2865 docuit,
1691 2828 1736 2856 ac
1765 2815 1908 2854 deinde
1948 2816 2094 2856 Romae
2138 2817 2228 2864 post
2269 2813 2465 2864 Thomam,

1504 2877 1724 2920 Phaedrum
1756 2876 2021 2915 Bibliothecae
2051 2874 2463 2926 praefuitVaticanae,

1503 2940 1678 2989 obiitque
1707 2938 1781 2978 An.
1811 2938 1922 2977 ⁴548.
1951 2938 2048 2976 Huic
2071 2936 2266 2976 debemus
2294 2937 2464 2988 primam

1504 3000 1716 3039 editionem
1743 2999 1933 3038 librorum
1952 2999 1994 3038 V.
2012 2999 2229 3049 primorum
2247 2995 2461 3042 Annalium

1510 3063 1661 3110 Taciti,
1694 3072 1796 3112 quos
1828 3061 1945 3099 Leoni
1974 3061 2024 3099 X.
2053 3060 2205 3098 dicatos
2240 3057 2364 3098 edidit
2390 3059 2463 3103 Ro-

1509 3136 1596 3164 mae
1630 3125 1746 3163 ⁴515.
1779 3124 1842 3161 fol.
1872 3123 1998 3162 Vertit
2043 3121 2179 3160 Latine
2220 3131 2270 3159 ex
2312 3120 2460 3161 Graeco

1504 3291 1581 3321 pag.
1605 3283 1677 3314 408-
1704 3285 1737 3315 et
1758 3285 1841 3313 tom.
1865 3281 1897 3311 5.
1926 3279 2151 3319 Menagianor.
2174 3285 2248 3318 pag.
2267 3276 2341 3308 547.

2530 3140 2533 3163 l

2528 3212 2533 3269 i
