2517 4009
828 243 1287 284 PETRARCHA

67 319 96 356 it
139 317 214 357 etsi
258 316 417 366 saepius
446 326 668 363 excusum,
702 319 746 354 ut
778 327 895 355 nemo
928 315 1022 353 mihi

23 413 27 417 .
62 379 190 418 dicam
230 378 448 425 struxerit,
473 379 504 415 si
540 378 729 417 fusiorem
752 378 801 417 de
827 379 890 417 illo
920 389 1028 417 coin-

66 445 351 479 mentationem
377 441 635 478 instituerim.
656 441 730 479 Est
754 441 848 479 mihi
871 440 917 479 ad
947 451 1030 478 ma-

65 513 144 540 nus
157 501 292 540 Codex
316 500 554 539 chartaceus
572 507 776 541 vetustate
787 503 948 553 quidem
962 503 1034 540 mi-

69 574 146 602 nus
173 561 427 613 spectabilis,
453 561 523 600 sed
549 563 597 601 ab
621 563 738 602 editis
766 563 863 602 adeo
885 563 1034 601 discre-

64 635 192 676 pans,
224 628 267 662 ut
297 628 472 662 mentem
505 624 551 663 ad
576 636 618 663 se
647 626 838 664 lectorum
869 636 1036 663 conver-

63 691 133 726 tat.
164 686 292 724 Primo
323 687 442 736 igitur
472 690 646 726 occurrit
697 688 734 725 in
781 687 846 726 illo
893 687 1035 725 titulus

61 759 154 787 cum
186 749 386 797 prooemio
407 779 418 797 ,
443 759 612 798 quorum
646 749 709 787 ille
734 749 1034 799 aliquantulum

59 810 109 849 ab
137 809 243 848 edito
287 807 444 855 differt,
477 810 550 848 hoc
585 821 678 849 vero
709 811 787 849 illic
829 809 994 860 quidem
1016 842 1025 858 ‚

61 882 140 910 non
171 882 267 909 vero
302 872 340 908 in
373 870 479 909 edito
509 872 667 922 legitur.
694 872 853 910 Titulus
880 873 956 910 ista
980 872 1037 910 ef-

59 933 197 972 fertur.
223 932 440 972 Francisci
463 932 714 973 Petrarchae
738 934 919 973 laureati
942 946 1038 985 quo-

58 995 234 1034 rundam
265 995 489 1035 illustrium
517 998 699 1036 virorum
731 1003 767 1036 et
789 996 951 1035 clariss.
976 997 1040 1034 he-

59 1068 178 1096 roum
224 1056 278 1096 ad
321 1058 674 1109 qenerosissimum
715 1059 878 1098 Patavii
922 1057 1039 1096 Dom.

64 1117 275 1158 Francisc.
318 1119 362 1157 de
411 1118 619 1159 Carraria
662 1120 852 1172 Epitoma
895 1122 1039 1158 Prooe-

60 1181 184 1220 mium
205 1179 412 1219 :illustres
445 1181 640 1232 quosdam
662 1183 782 1220 viros.
806 1183 907 1220 Tum
947 1181 1040 1219 sub-

58 1242 166 1282 ditur
196 1243 275 1280 vita
315 1243 482 1291 Romuli,
512 1244 668 1282 Numae
707 1243 823 1282 Tullii
854 1242 1036 1291 Hostilii,

59 1305 157 1343 Anci
200 1304 361 1351 Marcii,
392 1304 498 1342 ,iunii
544 1306 681 1352 Bruti,
714 1305 865 1343 Horatii
911 1304 1038 1342 Cocli—

60 1366 295 1414 tis,Quinci
339 1365 567 1404 Cincinnati
611 1367 795 1415 Camilli,
826 1368 868 1404 T.
906 1366 1036 1404 Manlii

59 1429 262 1479 Torquati,
291 1429 341 1466 M.
370 1427 515 1466 Valerii
545 1429 722 1476 Corvini,
754 1429 794 1466 P.
822 1429 952 1475 Decii,
984 1429 1025 1465 L.

59 1491 198 1542 Papirii
229 1490 429 1537 Cursor-is,
460 1491 510 1528 Μ.
543 1488 651 1528 Curii
695 1491 855 1528 Dentati
888 1491 928 1527 L.
965 1490 1034 1527 Fa-

63 1552 189 1592 bricii.
223 1552 439 1602 Hucusque
470 1551 724 1603 progreditur
753 1563 854 1603 opus
890 1553 928 1589 in
953 1550 1035 1589 edi-

61 1614 138 1663 tis,
168 1613 259 1653 dein
309 1613 490 1652 succedit
534 1625 555 1653 a
599 1614 766 1653 Sirichio
805 1615 1032 1653 confectum

60 1676 386 1728 supplementum
435 1677 478 1715 ln
510 1677 590 1715 MS.
620 1688 718 1714 vero
747 1677 864 1727 plene
895 1677 1030 1724 alitcr3

61 1739 169 1778 nulla
198 1740 305 1777 enim
338 1739 547 1777 interiecta
593 1738 864 1789 supplementi
896 1738 1032 1777 admo-

61 1802 235 1850 nitione,
265 1801 401 1839 statim
443 1800 562 1840 datur
594 1802 676 1839 vita
704 1800 919 1839 Alexandri
951 1800 1035 1839 Ma-

62 1863 250 1911 cedonis,
294 1863 385 1902 dein
440 1863 607 1914 Pyrrhi,
650 1863 885 1911 Annibalis,
927 1863 1033 1901 Fabii

64 1927 249 1972 Maximi,
279 1925 336 1964 Cl.
369 1925 570 1975 Marcelli,
600 1925 658 1964 Cl.
690 1926 858 1964 Neronis
902 1930 942 1963 et
972 1925 1024 1962 M.

64 1988 163 2027 Livii
193 1987 338 2035 simul,
363 1989 404 2026 P.
426 1988 531 2026 Corn
577 1988 800 2038 Scipionis,
823 1987 1027 2038 posthaec

66 2051 249 2100 sequitur
268 2050 355 2088 sine
379 2050 509 2096 titulo,
534 2061 780 2100 quamquam
808 2049 946 2088 relicta
970 2054 1034 2087 est

66 2111 203 2151 charta
231 2123 331 2163 pura
363 2112 464 2150 forte
494 2111 543 2150 ad
577 2112 738 2151 titulum
772 2112 883 2150 illum
917 2113 1037 2150 minio

66 2173 311 2224 pingendum
352 2173 454 2212 Tum
495 2173 613 2213 datur
629 2175 819 2225 praefatio
841 2174 1038 2224 incipiens

66 2235 225 2274 Errare
253 2235 362 2274 haud
384 2236 564 2287 profecto
595 2236 751 2275 videtur
771 2265 781 2283 ,
807 2247 910 2286 quae
941 2247 1038 2274 sane

65 2299 255 2349 praefatio
287 2297 454 2337 Sirichii
489 2303 564 2347 est,
596 2303 640 2337 ut
665 2310 714 2337 ex
741 2303 824 2336 toto
848 2303 1040 2336 contextu

65 2360 192 2410 liquet
220 2360 270 2399 ad
315 2361 558 2399 Patavinum
606 2359 812 2399 dominum
860 2360 1038 2404 directa,

67 2426 187 2472 atque
217 2421 316 2460 haec
349 2422 389 2459 in
423 2421 543 2460 editis
577 2433 654 2460 non
685 2426 863 2472 apparet.
889 2423 1040 2460 Secun-

68 2483 163 2522 dum
195 2483 291 2522 haec
320 2483 465 2534 legitur
487 2484 570 2521 vita
593 2485 635 2521 T.
663 2483 813 2528 Quintii
840 2483 1035 2530 Flaminii,

69 2550 166 2583 tunc
197 2546 236 2583 L.
267 2543 439 2584 Corne-lii
470 2544 671 2594 Scipionis
716 2543 909 2590 Asiatici,
945 2543 1036 2581 dein

68 2607 267 2657 Scipionis
310 2606 505 2654 Nasicae,
531 2605 641 2644 Pauli
686 2605 870 2653 Aemilii,
897 2605 940 2651 Q.
966 2606 1039 2643 Ce-

69 2668 147 2707 cilii
189 2668 363 2717 Metelli,
409 2669 512 2719 Scip.
558 2666 800 2714 Aemiliani,
830 2667 873 2705 C.
904 2667 1038 2714 Marii,

71 2729 143 2769 Cn.
174 2731 376 2782 Pompeii,
406 2729 519 2769 Caes.
551 2729 750 2780 Augusti,
781 2729 1038 2779 Vespasiani,

72 2791 149 2830 Titi
180 2792 368 2840 Traiani,
399 2803 474 2831 nec
505 2792 610 2830 ultra
643 2792 882 2829 excurritur.

126 2854 238 2901 Quod
260 2859 396 2894 autem
416 2853 767 2893 animadversione
783 2851 947 2902 dignum
965 2857 1038 2888 est.

75 2918 182 2956 vitae
210 2928 378 2965 omnes,
408 2921 496 2955 tum
529 2917 617 2955 illae
647 2927 751 2966 quae
783 2915 859 2953 sub
888 2916 1041 2953 Petrar-

75 2978 174 3017 chae
204 2979 380 3028 auspicio
411 2978 613 3027 militant,
642 2982 729 3017 tum
761 2988 863 3028 quae
888 2978 925 3015 in
948 2987 1043 3026 sup-

76 3040 279 3090 plemento
325 3039 473 3079 dantur
502 3040 629 3079 multo
660 3040 788 3078 fusius
818 3039 1041 3089 descriptae

79 3105 199 3150 sunt,
231 3100 335 3151 quod
368 3100 475 3140 edita
499 3101 728 3140 exhibeant.
754 3100 960 3139 Interdum
985 3104 1042 3138 ta—

81 3174 173 3203 men
218 3162 288 3201 sed
334 3174 423 3201 raro
467 3163 591 3202 semel
639 3166 794 3202 tantum
825 3164 1038 3200 etiterum

79 3236 170 3265 cum
200 3225 318 3264 editis
348 3224 429 3263 fere
460 3236 530 3275 per
559 3226 689 3262 omniu
721 3230 960 3274 congruunt.

135 3287 235 3334 Quid
266 3288 313 3327 ad
345 3288 443 3326 haec
472 3288 621 3326 dixeris
650 3284 809 3324 lector?
839 3298 932 3325 num
963 3289 1043 3335 epi-

136 3367 170 3406 a)
195 3370 290 3399 Mem.
313 3367 379 3398 litt.
404 3367 443 3399 de
467 3370 618 3397 Trevoux
643 3370 703 3396 An.
730 3364 822 3395 1705.
847 3372 883 3395 o.
901 3364 980 3396 581.

1997 243 2072 282 219

1100 320 1207 353 toma
1241 315 1334 353 illud
1368 313 1605 352 petrarchae
1637 313 1730 364 plus
1767 314 1854 351 vice
1901 314 2072 364 simplici

1107 378 1314 427 vulgatum
1341 375 1623 427 compendium
1655 380 1718 413 est
1749 376 1911 413 maioris
1941 377 2073 426 operis

1104 450 1124 476 a
1158 439 1368 477 Petrarcha
1399 438 1568 476 confecti
1600 442 1640 475 et
1671 439 1708 475 in
1753 436 1897 476 Codice
1936 441 2073 475 nostro

1107 498 1435 550 repraesentati?
1451 501 1533 538 Tibi
1552 498 1744 549 judicium
1765 499 1957 549 relinquo.
1982 498 2073 537 Mihi

1108 563 1206 600 satis
1236 562 1310 600 fuit
1353 573 1512 600 summa
1557 561 1761 611 diligentia
1794 572 1879 599 rem
1909 560 1976 598 tibi
2008 572 2075 599 ve-

1110 623 1180 662 luti
1215 623 1290 662 sub
1322 624 1449 661 oculis
1481 622 1718 661 vindicasse.

1165 685 1266 724 Illud
1296 687 1415 723 etiam
1446 685 1640 724 adiecisse
1662 684 1779 734 juvat
1805 685 2073 735 supplementi

1110 748 1319 786 authorem
1364 747 1574 797 adoptasse
1624 751 1853 785 comentum
1900 747 1995 785 illud
2025 747 2073 786 de

1112 811 1268 849 Traiani
1297 811 1429 848 anima
1456 821 1504 847 ex
1533 809 1685 847 inferno
1710 820 1867 847 carcere
1892 811 2075 860 precibus

1113 874 1152 911 S.
1183 871 1360 923 Gregorii
1407 876 1534 910 eruta.
1581 872 1623 909 In
1663 873 1781 911 cuius
1811 874 1864 910 rei
1898 874 2076 911 testimo-

1112 935 1222 973 nium
1250 938 1367 973 vocat
1392 945 1436 972 ac
1462 935 1604 972 recitat
1624 934 1819 984 quaedam
1842 946 1889 972 ex
1913 936 2076 986 Hugone

1113 996 1332 1036 Etberiano
1363 997 1478 1034 cuius
1508 996 1605 1034 haec
1634 1001 1730 1035 sunt
1760 997 1906 1035 verba:

1170 1057 1302 1098 Nolite
1331 1070 1478 1110 quaeso
1515 1058 1644 1097 dicere
1670 1059 1713 1095 in
1732 1058 1918 1097 cordibus
1940 1060 2078 1097 vestris

1114 1120 1184 1158 hoc
1209 1120 1358 1172 falsum
1387 1132 1488 1167 esse,
1519 1126 1590 1158 aut
1615 1121 1785 1171 fictum,
1816 1120 1922 1171 quoa'
1948 1123 2077 1160 omnis

1115 1188 1290 1220 testatur
1319 1182 1513 1220 Ecclesia.
1546 1181 1788 1233 [neffabilem
1820 1181 1922 1220 euim
1946 1184 2078 1221 nostri

1112 1242 1384 1294 Redemptoris
1400 1244 1716 1282 misericordiam
1727 1244 1995 1282 certissimum
2009 1256 2079 1282 no-

1111 1312 1220 1344 strae
1241 1305 1385 1343 salutis
1405 1313 1690 1355 arqumenlum
1714 1306 1939 1345 mitissimis
1960 1319 2078 1358 prae-

1111 1368 1220 1406 cibus
1250 1368 1326 1407 SS.
1352 1368 1557 1420 Pontificis
1586 1381 1696 1420 opem
1720 1369 1910 1408 damnato
1933 1370 2078 1422 afferre

1111 1436 1149 1469 et
1188 1430 1356 1469 voluisse
1400 1437 1437 1469 et
1470 1431 1646 1481 potuisse
1675 1431 1766 1481 quis
1796 1431 1987 1470 dubitat?
2027 1432 2083 1470 Et

1104 1493 1316 1543 praecipue
1361 1492 1690 1530 innocentissimo
1718 1492 1806 1530 viro
1849 1493 1963 1531 cuius
2007 1495 2080 1532 cle-

1107 1555 1358 1593 mentissima
1410 1555 1689 1593 maximorum
1717 1565 1883 1605 operum
1937 1556 2079 1593 merita

1105 1617 1322 1669 prudentia
1339 1616 1528 1668 ‚justitia
1545 1646 1555 1664 ‚
1583 1628 1668 1667 pax
1685 1646 1695 1663 ,
1718 1615 1938 1666 pudicitia,
1961 1616 2078 1667 sorti-

1108 1679 1230 1726 tudo,
1270 1680 1398 1730 pietas
1444 1679 1712 1729 temperantia
1758 1678 1954 1716 nimirum
1997 1678 2079 1717 loco

1107 1740 1294 1793 baptismi
1323 1741 1502 1792 supplere
1530 1746 1767 1791 potueruut.

1165 1804 1505 1842 Praetereundum
1526 1814 1781 1853 nequaquam
1801 1803 1903 1841 duco
1921 1803 1955 1839 id
1976 1804 2080 1852 quod

1111 1876 1131 1903 a
1164 1866 1325 1903 nemine
1358 1865 1568 1915 hucusque
1601 1865 1819 1903 indicatum
1852 1868 2045 1903 suerum-³?
2074 1896 2080 1900 .

1113 1929 1300 1966 nimirum
1332 1940 1493 1966 carmen
1528 1927 1622 1966 illud
1665 1927 1885 1965 Etruscum
1930 1929 2082 1965 Pon-221>-

1113 1990 1210 2028 chae
1241 1989 1289 2028 de
1321 1991 1361 2027 B.
1395 1991 1552 2039 Virgine
1586 1990 1792 2038 incipiens.

1212 2050 1365 2090 Veryine
1390 2049 1488 2081 bella
1513 2050 1572 2080 che
1597 2048 1635 2081 ili
1660 2049 1715 2080 sot
1739 2049 1869 2080 vestita

1215 2101 1396 2131 coronata
1421 2100 1458 2130 di
1483 2099 1590 2130 stelle
1613 2099 1648 2130 al
1675 2107 1810 2130 sommo
1835 2099 1916 2132 Sole

1211 2151 1373 2181 Piacesti
1398 2149 1453 2190 si,
1482 2150 1541 2181 che
1564 2154 1628 2181 etc.

1113 2201 1263 2238 Latinis
1292 2201 1479 2238 versibus
1522 2200 1722 2238 redditum
1754 2210 1845 2238 esse
1875 2210 1895 2237 a
1926 2200 1973 2238 M.
2005 2200 2082 2237 Ma-

1113 2263 1198 2300 rulo
1230 2264 1266 2300 in
1306 2262 1654 2312 Evangelistario,
1684 2262 1909 2311 legiturque
1941 2262 1976 2299 in
2019 2272 2084 2298 eo-

1113 2323 1202 2361 dem
1234 2335 1296 2373 op.
1329 2325 1524 2372 impresso
1554 2324 1694 2360 Venct.
1728 2323 1754 2361 A
1800 2323 1903 2360 ‘1516
1930 2323 2080 2369 incipit.

1130 2387 1155 2417 Ο
1178 2389 1352 2426 praestans
1375 2384 1459 2419 facie
1481 2386 1607 2423 Virgo,
1632 2392 1734 2423 quam
1759 2383 1849 2414 clara
1874 2386 2041 2414 coronant

1169 2434 1293 2474 sydera
1316 2442 1402 2474 quae
1423 2433 1530 2465 radiis
1553 2433 1642 2464 Polis
1670 2435 1794 2464 amicta
1815 2434 1901 2463 nites
1923 2435 1989 2463 etc.
2008 2430 2027 2449 ¹*

1165 2486 1222 2522 De
1252 2484 1577 2523 BENEVENUTI
1610 2484 1659 2521 de
1690 2481 1918 2521 Rambaldis
1953 2478 2080 2519 libello

1111 2544 1347 2595 Auyuscalz',
1379 2546 1445 2594 qui
1492 2544 1728 2582 Petrarchae
1774 2544 1934 2593 scriptis
1976 2542 2077 2580 solet

1113 2606 1279 2656 subjici,
1310 2606 1460 2645 dictum
1493 2617 1613 2656 supra
1646 2610 1672 2642 t.
1704 2607 1718 2644 i
1758 2617 1793 2655 p.
1828 2605 1917 2643 494.

1166 2668 1343 2706 Ineditae
1373 2668 1574 2717 Epistolae
1612 2671 1653 2704 et
1699 2665 1892 2717 opuscula
1925 2667 2078 2704 Petrar-

1113 2730 1238 2778 chae,
1267 2741 1440 2780 quorum
1487 2731 1524 2766 in
1572 2729 1703 2768 lucem
1751 2726 2079 2778 proferendorum

1114 2793 1361 2831 celeberrimi
1394 2792 1466 2830 viri
1502 2790 1733 2830 Bernardus
1761 2789 2075 2828 Montsauconus

1114 2857 1148 2902 a)
1178 2859 1218 2892 et
1247 2854 1465 2893 Anselmus
1493 2853 1721 2892 Bandurius
1751 2853 1786 2900 b)
1819 2862 1930 2901 spem
1963 2851 2075 2888 fecis-

1115 2929 1157 2955 se
1189 2918 1263 2955 visi
1295 2921 1416 2965 sunt,
1448 2928 1521 2955 nec
1566 2916 1661 2954 dum
1708 2915 1876 2965 vulgata
1917 2917 2079 2950 exstant

1115 2979 1219 3029 quod
1250 2980 1386 3017 sciam.

1172 3044 1299 3093 Longo
1330 3043 1544 3080 maximam
1572 3040 1715 3090 ingenii
1741 3036 1900 3075 laudem
1934 3036 2077 3074 Hetru-

1116 3104 1195 3142 scis
1224 3105 1309 3141 suis
1339 3102 1588 3153 poematibus
1631 3106 1754 3150 atquc
1792 3098 2078 3138 lucubrationi-

1115 3166 1189 3203 bus
1220 3165 1351 3202 ltalice
1381 3163 1498 3202 editis
1531 3161 1742 3201 Petrai-cha
1788 3160 1906 3206 tulit,
1946 3161 1999 3198 ita
2032 3165 2074 3198 ut

1116 3229 1218 3264 inter
1242 3226 1431 3263 classicos
1451 3229 1636 3263 auctores
1659 3223 1764 3260 illius
1787 3222 1944 3271 linguae,
1971 3221 2079 3270 prin-

1115 3289 1240 3337 cipem
1275 3287 1402 3323 locum
1430 3285 1511 3333 jam
1540 3284 1692 3334 pridem
1719 3288 1865 3322 teneat.
1889 3283 2076 3322 Carmina

1175 3366 1210 3404 b)
1240 3365 1274 3395 id
1304 3363 1382 3395 1705
1419 3363 1604 3404 septembr.
1626 3373 1657 3402 p.
1681 3363 1756 3394 ⁶258.
