2517 4009
935 221 1205 260 PILEUS

87 304 229 347 gnasse
248 321 256 341 ‚
275 291 435 343 perinde
461 296 504 330 ut
527 291 740 343 Bulgarum
765 293 949 333 Pisanum
968 306 1036 333 an-

89 359 210 396 notat.

137 415 312 456 PILEUS
341 415 388 454 de
407 413 555 464 Prata,
577 417 877 469 Forojuliensis‚
898 431 947 459 ex
969 421 1038 459 I'a-

85 480 220 520 tavino
247 479 442 530 Episcopo
462 478 796 531 Archiepiscopus
820 482 895 521 An.
921 483 1036 522 4370.

86 541 406 581 Ravennatensis
429 545 469 580 et
488 541 536 580 ab
563 542 637 581 An.
678 543 793 582 4378.
832 544 880 583 ad
920 545 1037 584 4404.

84 603 333 651 Cardinalis‚
363 602 412 641 de
437 615 515 654 quo
544 605 736 656 Ughellus
767 611 861 645 tom.
894 608 917 646 2
948 619 1035 658 pag.

87 667 176 707 388.
196 666 294 717 Ejus
318 665 494 718 Epistola
512 679 582 718 pro
605 668 796 707 electione
816 669 960 708 Urbani
976 670 1039 708 VI.

84 728 132 768 ad
151 728 395 768 Ludovicum
417 728 611 768 Comitem
628 729 836 769 Flandriae
853 731 898 769 A.
922 731 1036 770 4378.

84 791 176 831 data
199 795 332 831 exstat
350 793 386 830 in
410 791 589 830 Dacherii
612 796 706 830 tom.
738 793 758 830 4
789 793 976 844 spicilegii
1003 805 1037 844 p.

86 853 175 894 304.
195 853 300 905 (edit.
326 865 453 893 novae
478 858 571 892 tom.
597 854 619 892 3
639 866 673 904 p.
700 853 800 898 743)

138 915 405 955 PILGRIMUS
422 917 507 955 sive
525 916 853 966 PEREGRINUS,
872 915 1041 968 Peleqrz‘-

83 990 186 1029 uus,
216 978 438 1030 Pitiqrinus
466 980 747 1018 Laureacensis
766 980 805 1018 ln
829 979 1040 1018 Germania

84 1042 307 1093 Episcopus
337 1042 386 1080 ab
420 1041 497 1081 An.
535 1041 625 1082 974.
660 1042 708 1081 ad
748 1043 838 1082 992.
879 1042 927 1080 de
962 1053 1040 1092 quo

85 1104 312 1143 Chronicon
333 1104 590 1144 Gotwicense
615 1109 709 1143 tom.
736 1106 750 1144 4
782 1116 868 1156 pag.
896 1104 982 1144 430.
1000 1109 1040 1142 et

83 1169 239 1207 Marcus
263 1168 472 1206 Hansizius
496 1172 589 1206 tom.
610 1170 624 1207 4
648 1167 884 1206 Germaniae
903 1177 1040 1205 sacrae

83 1229 182 1281 Ejus
210 1229 430 1281 Epistolam
453 1229 508 1268 ad
523 1229 772 1269 Benedictum
793 1229 875 1268 VII.
902 1231 939 1267 in
964 1240 1041 1279 qua

85 1293 184 1343 petit
200 1293 362 1343 pallium
384 1297 425 1331 et
444 1293 683 1343 privilegior.
697 1292 1039 1331 confirmationem

82 1357 124 1393 et
145 1352 435 1405 Confessionem
452 1353 533 1392 edit
553 1353 668 1405 fidei,
690 1355 843 1404 primus
861 1353 1041 1403 vulgavit

83 1416 345 1467 wolfgangus
370 1417 512 1455 Lazius
528 1416 591 1454 lib.
615 1417 701 1455 XII.
719 1416 768 1455 de
784 1417 878 1466 Rep.
902 1417 1043 1453 Roma·

82 1490 132 1518 na
157 1483 242 1518 sect
266 1480 346 1518 VII.
364 1490 448 1530 cap.
471 1480 507 1518 5.
532 1490 618 1530 pag.
647 1479 761 1518 4286-
787 1490 870 1528 seq.
892 1477 986 1517 Inde
1004 1479 1042 1515 in

84 1542 203 1580 tornis
226 1541 492 1581 Conciliornrn
518 1552 701 1580 recusam
727 1542 948 1592 praemissa
973 1542 1046 1579 Be-

82 1603 228 1643 nedicti
251 1605 331 1643 VII.
354 1605 533 1655 Epistola
555 1634 563 1651 ,
592 1603 911 1643 emendatiorem
937 1602 1046 1641 dedit

82 1666 318 1706 Lambecius
339 1671 434 1706 tom.
464 1668 488 1706 2
525 1666 709 1707 Biblioth.
749 1665 920 1705 Vindob.
961 1677 1047 1717 pag.

79 1729 170 1770 644.
193 1729 406 1780 subjuncta
429 1730 607 1782 Epistola
622 1729 826 1769 Benedicti
850 1728 929 1767 Vll.
957 1740 1042 1780 pag.

82 1791 170 1832 645.
197 1790 487 1845 Confessionem
508 1791 623 1831 Fidei
659 1804 709 1831 ex
748 1792 821 1830 hac
859 1791 1046 1842 Epistola

81 1853 205 1893 habes
227 1856 348 1893 etiam
367 1855 404 1893 in
422 1854 608 1894 Biblioth.
625 1856 787 1893 Patrum
808 1858 904 1892 torn.
920 1853 1043 1892 XVII.

80 1915 175 1955 edit·
200 1916 325 1967 Lugd.
347 1929 434 1968 pag.
462 1917 553 1957 456.

133 1979 524 2030 PIUCHDORFIUS,
546 1991 667 2032 supra
684 1992 720 2031 p.
738 1979 831 2019 258.
850 1978 1042 2018 PETRUS

80 2039 127 2080 de
155 2041 382 2095 Piliehdorfi

132 2103 358 2144 Matthaeus
388 2103 599 2144 PILLARD
621 2134 631 2153 ‚
669 2104 1041 2143 Warnestoniensis

78 2165 271 2216 Flander,
291 2179 341 2206 ex
365 2166 518 2206 Abbate
545 2167 637 2206 belli
673 2168 777 2206 Prati
815 2172 856 2205 et
895 2166 1040 2205 mortui

78 2229 196 2268 Maris
218 2229 350 2268 Abbas
378 2230 710 2270 Claraevallensis
734 2230 782 2268 ab
817 2229 890 2267 An.
923 2229 991 2268 444
1004 2230 1039 2266 5.

79 2291 127 2331 ad
167 2293 281 2332 4428.
325 2295 495 2343 scriptor
524 2290 676 2344 speculi
709 2290 965 2330 emanationis
1004 2296 1041 2328 et

81 2353 344 2404 depressionis
362 2353 521 2393 Ordinis
549 2354 825 2394 Cistereiensis
845 2384 853 2403 ,
878 2357 1042 2393 annota-

81 2418 141 2454 vit
168 2418 287 2455 etiam
312 2416 465 2456 reditus
490 2428 633 2456 omnes
659 2418 682 2456 a
718 2416 892 2455 diversis
931 2417 1042 2466 Regi-

81 2479 158 2518 bus
172 2483 213 2518 et
227 2479 434 2518 Princibus
451 2480 676 2529 assignatos
694 2478 1042 2530 preferendisone-

82 2541 193 2580 ribus
216 2545 257 2580 et
279 2542 468 2592 expensis
492 2542 730 2580 necessariis
751 2546 930 2591 tempore
968 2539 1042 2578 Ca-

84 2604 197 2655 pituli
221 2603 427 2643 Generalis
451 2602 649 2642 Abbatum
669 2603 951 2643 Cisterciensis
972 2601 1042 2640 Or-

87 2665 216 2715 dinis,
240 2677 318 2706 una
353 2677 445 2706 cum
476 2666 755 2705 instrumentis
794 2665 1041 2715 singularum

87 2728 366 2768 Donationum.
383 2728 480 2768 Vide
504 2728 651 2767 Vischii
678 2727 859 2767 Biblioth.
877 2728 1040 2766 Cistere.

89 2802 126 2842 p.
151 2791 241 2830 248.
271 2795 312 2830 et
335 2791 536 2832 Oudinum
562 2796 589 2829 t.
617 2791 639 2830 3
664 2803 700 2841 p.
725 2791 842 2829 2300.

145 2852 346 2893 PINDARI
391 2852 564 2893 Thebani
605 2854 764 2892 nomine
805 2853 928 2891 fertur
960 2850 1043 2901 jam

93 2914 246 2966 pridem
275 2916 436 2968 epitome
455 2915 604 2956 Iliados
624 2917 853 2956 Homericae
870 2947 879 2962 ,
906 2915 1048 2953 carmi-

94 2988 145 3016 ne
167 2979 312 3028 scripta
336 2979 584 3030 hexametro,
609 2991 654 3019 ac
674 2981 845 3031 primum
864 2979 901 3016 in
918 2978 1047 3017 lucem

95 3037 186 3078 data
201 3040 290 3089 (270
306 3042 469 3082 Parmae
485 3042 530 3082 A.
554 3044 716 3094 Ugoleto
752 3043 866 3082 4492.
900 3041 933 3078 4.
961 3039 1050 3077 inde

95 3101 190 3141 Fani
217 3103 331 3142 4505.
350 3104 465 3144 4545.
488 3106 524 3144 8.
546 3107 568 3144 a
595 3106 808 3145 Laurentio
830 3103 1049 3149 Abstemi0‚

99 3168 144 3204 ut
180 3165 346 3206 Vossius
378 3170 598 3208 annotavit.
639 3170 740 3207 Haec
765 3171 828 3206 est
853 3167 950 3205 forte
974 3164 1054 3202 edi-

100 3228 154 3266 tio
177 3229 339 3279 antiqua
355 3230 580 3270 Florentina
610 3232 648 3269 in
679 3230 717 3269 h.
747 3232 964 3268 memorata
995 3229 1051 3263 Jo.

101 3287 266 3340 Cineuo,
289 3292 384 3331 Bibl.
402 3293 575 3332 volantis
592 3293 690 3344 plut.
707 3294 791 3331 sive
809 3296 835 3329 t.
852 3291 932 3329 Vll.
949 3302 985 3341 p.
1006 3290 1054 3327 66

104 3351 180 3390 sub
196 3353 535 3394 titulo:llomerus
550 3354 596 3394 de
613 3353 708 3393 bello
723 3352 902 3405 Trojano.
914 3352 1055 3403 prodiit

1976 217 2055 257 ²283

1109 291 1252 331 deinde
1277 302 1368 330 curn
1392 292 1532 330 Daretc
1566 295 1606 328 et
1646 289 1840 329 vincentii
1870 288 2068 340 Opsopoei

1109 359 1149 394 et
1163 356 1244 394 Nic.
1263 355 1392 394 Vallae
1409 353 1648 404 metaphrasi
1667 352 1808 391 Iliados
1823 352 2046 392 Basimssii
2059 381 2069 390 .

1110 419 1149 456 8.
1174 422 1328 457 etcum
1361 418 1526 455 llomero
1563 414 1762 466 Spondani
1796 414 1915 453 Basil.
1956 415 2073 454 4583.

1113 479 1224 518 fol.ut
1242 481 1539 530 Haganoensem
1558 478 1734 527 aliasqne
1750 476 1944 515 editiones
1960 488 2073 528 prae-

1112 547 1275 581 teream.
1300 543 1356 580 In.
1387 542 1582 579 Manuscr.
1621 538 1803 578 Biblioth.
1846 539 2074 578 Annaeber-

1113 605 1247 655 gensis
1272 603 1514 642 Inscribitur·
1543 603 1737 641 Homerus
1755 614 1828 654 per
1851 600 2071 639 Pindarum

1113 667 1306 718 insignem
1338 664 1547 703 Oratorem
1577 663 1622 702 de
1653 664 1802 702 Graeco
1828 663 1868 701 in
1889 663 2073 701 Latinum

1116 727 1344 767 traductus.
1370 727 1466 765 Vide
1491 726 1704 766 Christiani
1726 726 1912 765 Gotthold
1949 725 2072 763 Willi-

1115 791 1191 831 chii
1217 801 1360 830 arcana
1387 789 1571 828 Biblioth.
1605 788 1953 840 Annaehergensis
1986 799 2071 838 pag.

1114 855 1175 894 48.
1197 854 1238 892 10
1264 854 1460 892 Manuser.
1487 852 1626 890 Felicis
1648 852 1727 891 Osii
1744 883 1755 899 ,
1797 855 1899 890 teste
1936 851 2072 889 Vossio

1113 928 1200 967 pag.
1224 915 1318 955 849.
1345 915 1393 953 de
1425 915 1515 952 hist.
1541 916 1623 953 Lat.
1644 913 1845 952 Pindarus
1871 911 2073 951 Thebanus

1114 977 1159 1016 de
1188 977 1454 1016 destructione
1480 976 1632 1027 Trojae.
1652 977 1803 1015 Versus
1824 988 1871 1013 ex
1891 986 1935 1011 eo
1949 977 2074 1013 citan—

1114 1046 1196 1088 tur,
1222 1039 1290 1078 sed
1317 1051 1392 1077 non
1421 1039 1622 1077 nominato
1644 1037 1809 1076 Pindaro
1833 1042 2009 1084 auctore,
2035 1038 2071 1073 in

1114 1103 1274 1142 scholiis
1294 1102 1342 1141 ad
1369 1102 1482 1140 Statii
1509 1100 1735 1139 Thebaidos
1759 1101 1822 1138 vl.
1850 1101 1937 1139 420.
1961 1099 2072 1138 Adde

1117 1165 1452 1214 Lindenbrogium
1480 1176 1517 1214 p.
1535 1163 1623 1201 507.
1650 1168 1689 1201 et
1704 1163 1910 1201 Barthium
1936 1167 2028 1200 torn.
2050 1162 2073 1199 2

1109 1239 1196 1278 pag.
1221 1228 1311 1268 393.
1337 1238 1418 1276 seq.
1442 1227 1508 1276 qui
1548 1231 1750 1264 auctorem
1788 1229 1995 1263 vetustum
2033 1230 2074 1262 et

1113 1290 1203 1328 boni
1225 1290 1369 1340 ingenii
1400 1288 1571 1339 appellat
1596 1289 1730 1326 LVIII.
1755 1289 1815 1326 44.
1841 1292 1879 1325 et
1904 1288 2002 1326 LIX.
2040 1288 2074 1325 4.

1115 1357 1154 1391 et
1178 1354 1238 1392 45.
1264 1351 1478 1390 Adversar.
1498 1350 1561 1389 ubi
1581 1351 1778 1400 integrum
1799 1354 1982 1387 recenset
2002 1359 2074 1386 nec

1115 1414 1270 1453 dubitat
1299 1413 1495 1464 praeferre
1522 1412 1693 1463 Josepho
1716 1413 1855 1450 Iscano
1880 1412 2070 1450 Devonio.

1169 1477 1340 1514 Joannes
1380 1475 1547 1522 PINUS,
1593 1474 1841 1521 Tolosanus,
1884 1473 2074 1511 Rivorum

1119 1541 1203 1578 sive
1224 1539 1409 1577 Rivensis
1428 1539 1464 1574 in
1484 1535 1757 1586 Languedoeio
1780 1536 1981 1585 superiore
2003 1537 2078 1583 (Ri-

1121 1603 1211 1649 eux)
1234 1601 1456 1651 Episcopus
1480 1600 1612 1637 ssoruit
1636 1599 1740 1635 circa
1764 1596 1841 1635 An.
1876 1599 1889 1635 4
1903 1596 1994 1634 3500.
2034 1608 2078 1635 ac

1123 1669 1285 1716 praeter
1309 1663 1453 1702 librum
1472 1660 1518 1700 de
1535 1660 1619 1699 vita
1643 1658 1788 1707 aulica,
1808 1664 1846 1697 et
1863 1663 2078 1697 tractatum

1124 1726 1171 1766 de
1198 1725 1322 1765 elaris
1345 1723 1528 1778 foeminis
1552 1722 1704 1762 editum
1741 1726 1783 1760 ut
1821 1721 1934 1771 ajunt
1960 1722 2078 1759 Paris.

1123 1790 1218 1829 4524
1231 1790 1337 1840 .f.ap.
1352 1788 1572 1828 Colineum.
1585 1797 1704 1836 quam
1722 1784 1844 1823 vitam
1861 1789 1901 1822 et
1918 1783 1965 1821 ibi
1984 1783 2060 1821 scri

1120 1853 1199 1903 psit
1231 1850 1470 1891 Catharinae
1494 1847 1689 1888 Senensis.
1705 1848 1758 1895 (in
1778 1846 1887 1885 Actis
1907 1846 2072 1884 Sanctor

1119 1915 1181 1953 30.
1213 1915 1335 1966 April.
1364 1913 1412 1952 de
1440 1911 1637 1950 industria
1662 1909 1915 1960 praeteritam
1936 1908 1960 1956 :)
1981 1908 2079 1945 Item

1120 1979 1244 2016 vitam
1263 1977 1442 2016 Doctoris
1464 1975 1523 2013 sui
1547 1972 1713 2022 Philippi
1731 1969 1926 2017 Beroaldi,
1948 1970 2082 2009 Senio-

1118 2042 1182 2080 ris.
1206 2043 1380 2091 Utraque
1406 2038 1611 2078 Bononiae
1637 2033 1809 2086 prodiit,
1835 2044 1939 2071 anno
1966 2032 2081 2071 4505.

1121 2104 1156 2142 in
1189 2108 1346 2154 quarto.
1379 2102 1510 2140 Etiam
1543 2097 1663 2148 hujus
1692 2095 1892 2147 Epistolae
1922 2099 1961 2133 et
1990 2094 2080 2144 Epi-

1116 2170 1339 2217 grammata
1371 2162 1568 2215 quaedam
1600 2159 1646 2199 de
1695 2155 1880 2196 laudibus
1923 2156 2083 2195 Antonii

1118 2227 1243 2268 Codri
1270 2226 1386 2266 Urcei
1418 2236 1494 2264 una
1515 2234 1607 2262 cum
1626 2221 1741 2260 Codri
1759 2220 1943 2271 operibus
1963 2219 2078 2258 Basil.

1117 2291 1237 2329 4540.
1265 2289 1303 2328 Ii.
1331 2288 1436 2326 edita
1468 2290 1580 2325 sunt.
1612 2283 1671 2322 Ad
1703 2294 1794 2321 eum
1835 2283 1917 2320 Jae.
1960 2281 2079 2320 Sado-

1115 2353 1182 2390 leti
1201 2351 1421 2392 Cardinalis
1442 2347 1619 2399 Epistola
1650 2343 1976 2394 duodevigesima
1993 2343 2079 2381 libri

1116 2415 1259 2464 quarti.
1290 2415 1346 2452 De
1380 2411 1519 2450 eodem
1552 2410 1608 2447 sie
1638 2408 1834 2446 Erasmus
1864 2406 1900 2441 in
1927 2404 2081 2443 Cicero-

1117 2479 1232 2516 niano
1258 2488 1347 2515 suo:
1382 2476 1517 2513 Posset
1533 2472 1710 2508 Joannes
1734 2467 1860 2505 Pinus
1885 2465 1986 2504 inter
2011 2464 2080 2502 hu-

1105 2541 1179 2592 jus
1209 2538 1339 2578 laudis
1361 2537 1421 2587 (de
1445 2533 1731 2574 Ciceronianae
1757 2529 1939 2568 dictionis
1964 2526 2078 2566 laude

1119 2603 1302 2652 loquitur)
1333 2597 1600 2649 competitores
1643 2590 1885 2631 numerari.
1920 2589 2001 2628 nisi
2038 2593 2072 2627 et

1117 2663 1218 2702 hunc
1235 2663 1482 2713 nepotiorum
1509 2655 1715 2703 tumultus,
1732 2658 1767 2693 et
1790 2651 2076 2691 Ecclesiastica

1118 2726 1288 2779 diym'tas
1323 2726 1349 2763 ὰ
1377 2722 1522 2762 studiis
1551 2717 1798 2759 avulsissent.
1846 2713 1943 2754 Olim
1973 2718 2078 2752 cern¹

1119 2788 1374 2841 praeclarum
1401 2786 1466 2825 sui
1495 2783 1687 2835 specimen
1711 2778 1833 2826 dedit,
1852 2788 1939 2815 eum
1958 2777 2079 2814 Bono-

1119 2851 1207 2890 niae
1232 2851 1444 2891 Musarum
1468 2857 1588 2885 sacra
1612 2842 1764 2881 coleret.
1794 2840 1904 2879 Nunc
1922 2838 2078 2889 Episco-

1116 2926 1212 2967 pum
1242 2913 1358 2953 audio
1386 2911 1552 2964 factum.
1585 2905 1695 2944 Fieri
1717 2907 1874 2955 potest.
1910 2904 1952 2938 ut
1985 2899 2078 2951 plus

1122 2975 1335 3017 accesserit
1347 2970 1577 3012 eruditionis
1591 2998 1596 3016 ⁷
1615 2978 1731 3019 quam
1749 2962 2076 3014 ‹liqn1'tatisllaee

1124 3052 1173 3078 ex
1203 3039 1339 3077 Vossio
1369 3046 1452 3086 peg.
1485 3033 1572 3070 901.
1599 3027 1918 3068 Sainnnirthanis
1939 3030 2032 3063 tom.
2055 3025 2077 3061 :3

1127 3115 1161 3153 p.
1193 3101 1281 3140 9ἶι8.
1314 3099 1495 3146 aliisque.

1182 3160 1504 3201 Bartholomaeus
1548 3152 1826 3193 PINCERNI'S
1856 3150 1903 3188 de
1949 3151 2078 3188 Monte.

1128 3225 1268 3273 arduo,
1299 3222 1555 3261 Donationem
1586 3214 1833 3255 Constantini
1860 3212 1983 3262 Magni
2012 3213 2081 3249 Ln-

1129 3289 1208 3324 tine
1238 3286 1357 3324 vertit
1387 3283 1434 3319 de
1464 3284 1632 3319 (EraeeO.
1663 3282 1701 3314 et
1731 3277 1831 3314 Jnlio
1857 3274 1901 3312 ll.
1922 3273 2078 3312 ‹lieux-it.

1130 3360 1230 3400 quae
1275 3358 1363 3387 cum
1413 3346 1523 3383 Lanr.
1570 3341 1724 3381 Vallne.
1756 3339 1836 3378 Nic.
1866 3337 2012 3375 Cusani
2042 3341 2076 3373 et
