2517 4009
917 255 1238 296 OROSIUS

76 323 354 365 Marcellinum
386 324 432 363 ad
459 335 559 374 quos
585 325 634 363 ibi
659 331 897 376 provocatur
916 359 926 375 ,
952 339 1028 366 non

75 387 202 427 Orosii
239 391 360 434 sunt,
400 385 470 425 sed
513 386 724 437 Augustini
761 389 845 427 libri
873 395 954 427 tres
984 390 1032 427 de

76 455 326 500 peccatorum
365 451 516 488 meritis
552 455 592 489 et
630 453 886 500 remissione,
915 457 957 491 ut
980 454 1033 490 ei-

75 511 164 551 dem
197 513 333 551 Vossio
362 511 631 552 observatum.
659 515 833 553 Exstant
861 514 898 552 hi
927 516 963 552 in
990 515 1033 553 li-

75 575 182 613 mine
212 575 307 614 tomi
337 575 387 614 X.
418 575 512 614 edit.
543 576 786 615 Benedictio.

129 635 371 677 Consultatio
410 639 495 676 sive
537 638 885 678 Commonitorium
916 639 962 679 ad
992 643 1029 679 S.

72 699 369 750 Augustinum,
404 699 452 738 de
491 702 692 740 erroribus
740 702 1032 741 Pricillianista—

73 774 159 801 rum
190 766 230 800 et
254 762 591 812 Origenisiarum‚
631 765 830 814 praemitti
865 765 1027 803 solitum

72 824 170 863 libro
194 823 407 875 Augustini
445 826 642 866 adversus
681 828 999 866 Priscilliauistas
1018 859 1027 875 ,

71 897 192 936 quem
221 887 270 926 ab
298 886 437 927 Orosio
467 891 569 928 circa
608 889 682 928 An.
724 891 811 929 415.
852 892 1029 930 monitus

69 950 304 1000 composuit.
328 950 474 989 Exstat
509 953 612 990 inter
641 952 853 1003 Augustini
898 953 1027 1004 Opera

69 1014 151 1050 tom
193 1012 290 1050 Vlll.
314 1012 407 1051 edit.
433 1013 677 1052 Benedictin.
704 1027 740 1065 p.
783 1014 869 1053 lli3.
896 1016 1026 1053 Amst.

67 1074 243 1112 Meminit
267 1074 517 1126 Augustinus
542 1077 606 1115 lib.
632 1077 668 1115 2.
695 1079 1025 1118 retractationum

67 1137 196 1186 capite
227 1137 287 1175 44.

119 1198 350 1238 Gennadius
373 1210 456 1250 cap.
480 1201 541 1238 39.
563 1201 637 1239 Hic
663 1204 722 1240 est
744 1202 929 1251 Orosius,
956 1203 1026 1254 qui

64 1259 116 1299 ab
139 1260 359 1313 Auqustino
384 1273 454 1312 pro
478 1262 666 1301 discenda
689 1265 844 1303 animae
871 1266 1023 1303 ratione

65 1322 120 1361 ad
139 1323 424 1375 Hieronymum
443 1324 615 1372 missus,
640 1324 797 1364 rediens
834 1325 1024 1376 reliquias

67 1387 111 1424 B.
140 1386 330 1437 Stephani
347 1417 357 1434 ,
375 1386 501 1438 primi
522 1386 722 1438 Martyris
742 1419 752 1436 ,
778 1390 867 1425 tunc
898 1399 1024 1439 nuper

65 1447 151 1497 (An.
178 1448 281 1497 115.)
302 1447 500 1497 inventas,
524 1449 680 1500 primus
703 1448 835 1488 intulit
858 1450 1020 1489 Orienti.

62 1510 119 1548 De
144 1510 285 1549 harum
311 1510 567 1560 reliquiarum
594 1513 824 1551 inventione
865 1518 1023 1563 praeter

63 1583 108 1610 ea
133 1583 235 1622 quae
261 1583 380 1623 supra
405 1577 503 1611 tom.
534 1575 568 1612 1.
590 1585 677 1624 pag.
704 1573 780 1613 1113
807 1576 842 1611 in
866 1574 1020 1614 AVlTO

61 1635 316 1673 Braccarensi
341 1634 422 1673 dixi
444 1663 454 1678 ,
474 1640 592 1674 votus
614 1636 839 1675 Chronicon
857 1637 879 1675 a
896 1637 1022 1676 Theo-

0 1724 5 1732 i
61 1696 194 1735 dorico
213 1697 403 1736 Ruinarto
417 1697 569 1736 editum
591 1699 629 1736 in
654 1698 818 1737 historia
836 1710 1022 1750 persecu-

61 1759 180 1797 tionis
204 1758 442 1798 Vandalicae
474 1771 511 1810 p.
538 1762 612 1800 113
641 1761 703 1799 ubi
734 1763 859 1800 etiam>
894 1763 1021 1801 Orosii

61 1823 223 1861 mentio.
246 1824 308 1862 Ex
333 1824 406 1861 isto
428 1827 564 1862 autem
589 1823 787 1863 Gennadii
822 1825 905 1863 loco
921 1856 930 1872 ,
963 1837 1021 1863 re-

61 1886 184 1935 petito
204 1885 308 1937 apud
333 1887 544 1925 Honorium
571 1888 616 1925 ΙΙ.
643 1887 692 1926 30
714 1885 862 1925 librum
881 1886 927 1926 de
949 1899 1021 1925 ra-

62 1945 161 1985 tione
188 1947 346 1986 animae
370 1949 510 1988 Orosio
535 1949 672 1989 tribuit
711 1949 954 1988 Trithemius
983 1961 1015 1988 c.

62 2010 151 2049 ⁴2⁴.
173 2011 328 2051 initium
355 2013 475 2050 etiam
500 2012 606 2051 illius
644 2023 875 2063 apponens:
917 2013 1017 2053 Cum

64 2072 173 2124 apud
198 2085 266 2113 vos
290 2073 480 2114 coelestis.
506 2076 643 2125 ltaque
670 2076 788 2113 miror
818 2076 906 2114 Nic:
937 2076 1018 2114 An-

61 2137 166 2175 tonio
190 2136 254 2176 lib.
279 2137 313 2175 3.
338 2147 423 2188 cap.
449 2139 484 2176 1.
512 2138 547 2188 ξ.
568 2138 632 2177 21.
659 2138 753 2176 Bibl.
782 2143 861 2177 vet.
906 2140 1012 2189 Hisp.

59 2201 88 2235 t.
113 2199 148 2237 1.
175 2210 209 2249 p.
233 2200 309 2239 182
334 2211 411 2238 non
445 2200 650 2239 diversum
692 2202 824 2239 visum
861 2212 950 2239 esse
993 2202 1014 2238 a

61 2260 383 2301 Commonitorio.

111 2323 312 2375 Epistolae
355 2325 491 2375 plures
519 2325 567 2364 ad
613 2325 883 2375 Augustiuum
923 2326 1016 2364 alio-

55 2397 154 2437 sque
183 2386 392 2434 diversos,
418 2387 636 2425 Trithemio
675 2394 917 2427 memoratae
958 2389 1015 2425 in-

53 2447 312 2486 terciderunt.
329 2448 655 2486 Commentarius
674 2448 714 2486 in
731 2449 896 2488 Cantica
914 2449 1015 2488 Can-

64 2508 230 2547 ticorum
251 2520 374 2559 quem
401 2509 539 2548 Orosio
561 2509 696 2548 tribuit
732 2510 832 2548 idem
865 2511 1017 2548 Trithe-

55 2573 182 2618 mins,
209 2572 363 2609 Honorii
390 2575 480 2618 est,
519 2573 624 2610 sicut
665 2572 782 2610 etiam
824 2572 870 2610 a'e
913 2572 1013 2610 Viris

54 2630 275 2672 illustribus
300 2630 422 2682 liber,
447 2631 496 2671 de
516 2645 593 2683 quo
611 2633 781 2672 Thomas
799 2636 1010 2672 Jamesius.

51 2695 182 2746 Atque
210 2705 347 2733 vereor
372 2706 420 2733 ne
448 2695 553 2734 aliud
578 2696 698 2734 etiam
727 2707 870 2733 nomen
898 2707 1012 2746 repo-

59 2756 234 2796 nendum
254 2787 264 2804 ‚
290 2761 359 2796 aut
380 2757 482 2796 alius
506 2758 620 2809 longe
644 2758 771 2796 iunior
793 2764 827 2805 a)
847 2756 1012 2796 Orosius

53 2818 334 2869 intelligendus
359 2821 410 2858 sit
442 2819 544 2870 apud
583 2819 841 2869 Anonymum
888 2819 1008 2857 Melli-

51 2892 212 2921 censem
238 2881 301 2921 ubi
326 2892 358 2920 c.
385 2882 434 2920 69
460 2883 602 2932 legitur
625 2913 631 2919 .
659 2881 822 2920 Orosius
840 2892 1007 2920 venera-

53 2942 141 2983 bilis
158 2946 204 2982 ut
218 2946 390 2995 putatur
410 2943 626 2995 Episcopus
649 2943 790 2984 scribit
805 2944 907 2982 inter
923 2942 1005 2982 alia

53 3000 320 3047 'Commeatum
342 3006 382 3044 in
417 3005 565 3044 librum
586 3007 671 3045 XII.
706 3006 1006 3058 Prophetarum.

105 3069 213 3107 luter
237 3069 274 3107 S.
301 3068 513 3117 Augustini
555 3080 671 3119 opera
709 3074 801 3107 tom.
830 3070 889 3106 Vl.
916 3068 1007 3105 edit.

57 3130 299 3170 Benedictin.
340 3132 376 3168 in
411 3130 627 3180 appendice
653 3143 738 3181 pag.
764 3129 852 3168 1287.
879 3130 1006 3168 Amst.

55 3192 201 3244 legitur
225 3190 416 3243 Dialoqus
439 3191 535 3229 LXV
569 3196 842 3242 quaestionum
881 3191 1004 3229 Orosii

55 3255 326 3305 percontantis
367 3259 406 3292 et
447 3252 656 3304 Augustini
701 3252 1004 3304 respondentis,

105 3395 138 3434 a)
155 3399 197 3428 De
217 3396 364 3437 pluribus
381 3398 519 3431 mosiis,
540 3397 594 3427 sed
616 3397 834 3434 Hispanorum
852 3403 982 3434 quorun
997 3410 1005 3415 -

1988 265 2062 303 169

1107 341 1226 380 quem
1254 333 1380 370 neutri
1409 336 1541 370 tamen
1569 338 1759 383 tanquam
1804 338 1951 374 auctori
1995 338 2063 375 ad-

1107 393 1360 432 scribendun·i
1382 396 1452 432 viri
1472 395 1573 433 docti
1588 395 1780 445 judicant.
1794 396 1923 436 Tribui
1941 400 2058 437 etiam

1105 454 1245 492 Oresio
1270 455 1426 503 solent,
1454 457 1710 505 Quaestioncs
1731 456 1776 496 de
1815 458 2003 499 Trinitate
2027 465 2065 500 et

1105 515 1197 554 aliis
1221 518 1259 555 S.
1288 516 1524 569 Scripturae
1550 518 1667 567 locis,
1693 519 1747 558 ad
1768 520 2060 571 Auqustinum.

1105 590 1194 617 cum
1223 580 1341 618 huius
1367 584 1625 631 responsione
1650 582 1779 621 editae
1805 585 1923 622 Paris.
1959 587 2059 625 4533

1105 641 1206 691 apud
1233 642 1346 680 Mich.
1375 642 1657 682 Vascosanuin.
1678 644 1800 695 lncip.
1826 645 1928 684 Licet
1948 646 2061 686 multi

1105 707 1144 740 et
1176 702 1456 754 probatissimi
1497 705 1588 743 Viri.
1630 707 1784 754 litiani,
1828 714 1869 746 ut
1910 713 2060 748 notavit

1104 765 1185 802 Nic.
1210 766 1435 814 Antonius,
1464 766 1662 806 Orationis
1687 769 1733 807 de
1757 771 1837 807 situ
1871 771 2058 823 antiquae

1103 825 1314 878 Babylonis
1332 832 1369 867 et
1389 828 1647 880 Cartliayinis
1659 833 1850 870 Manuser.
1876 835 1911 870 in
1932 846 2056 872 mem-

1102 889 1236 928 branis
1260 902 1454 930 annorum
1494 891 1569 929 200
1607 893 1708 943 apud
1742 894 1884 932 Anton.
1927 899 2059 948 Augu-

1102 953 1252 991 stiuum
1298 956 1472 1001 mentio,
1512 955 1584 992 nisi
1631 956 1722 1005 quis
1765 961 1876 1005 putet
1914 960 2055 1008 respici

1102 1025 1225 1063 pauca
1253 1015 1315 1053 illa
1341 1027 1442 1065 quae
1467 1015 1515 1054 de
1540 1015 1741 1066 Babylone
1757 1023 1796 1055 et
1817 1018 2055 1070 Carthagine.

1102 1077 1137 1112 in
1166 1075 1417 1115 historiarum
1444 1078 1552 1116 libris
1577 1078 1815 1118 truduntur:
1852 1093 1969 1130 quam
1992 1094 2054 1120 co-

1102 1140 1323 1178 niecturam
1346 1145 1452 1178 recte
1477 1142 1595 1179 etiam
1636 1141 1783 1180 referas
1823 1143 1869 1181 ad
1911 1143 2052 1183 librum

1099 1203 1225 1240 Orosii
1251 1202 1298 1240 (le
1332 1201 1510 1251 Adamo,
1537 1215 1655 1253 quem
1694 1204 1796 1254 apud
1834 1207 2052 1245 Antonium

1099 1264 1234 1303 laudat
1275 1266 1511 1303 Franciscus
1545 1267 1755 1305 Ximenius
1794 1269 1830 1305 in
1875 1268 1969 1306 libro
2007 1268 2052 1307 cle

1098 1325 1152 1364 les
1183 1326 1301 1365 dones
1332 1328 1540 1366 valentina
1572 1329 1656 1365 sive
1688 1330 1894 1380 Hispanica
1923 1332 2054 1382 lingua

1097 1390 1258 1440 scripto.
1303 1389 1324 1411 *
1353 1390 1410 1428 Ea
1441 1401 1543 1439 quac
1589 1390 1636 1429 de
1683 1392 1896 1430 Basileensi
1926 1392 2051 1432 Orosii
2091 1389 2101 1398 ‘

1097 1450 1268 1489 editione
1297 1452 1485 1489 admonet
1516 1451 1577 1491 hic
1608 1453 1833 1501 Fabricius,
1865 1460 2052 1494 vetustus

1096 1513 1231 1552 Codex
1263 1514 1340 1552 MS.
1374 1513 1696 1553 Membranaceus
1726 1515 2050 1564 vindobonensis,

1095 1576 1267 1626 explicat
1296 1581 1336 1614 et
1368 1577 1545 1627 exponit.
1571 1577 1817 1616 vicentinam
1841 1581 1945 1617 enim
1971 1580 2051 1618 edi-

1094 1638 1241 1676 tionem
1288 1649 1408 1677 manu
1453 1643 1586 1677 tamen
1618 1645 1823 1679 exaratam
1862 1642 2046 1680 volumen

1093 1699 1188 1738 illud
1231 1705 1531 1752 repraesentat,
1571 1702 1656 1740 sive
1701 1703 1805 1753 quod
1849 1704 1896 1742 ad
1943 1704 2047 1743 illam

1093 1768 1279 1802 exactum
1312 1765 1428 1802 fuerit·
1457 1775 1478 1801 a
1507 1766 1694 1816 quop‘am
1726 1766 1814 1804 sive
1851 1766 1955 1816 quod
1987 1772 2048 1817 ty-

1093 1827 1153 1877 pis
1197 1827 1314 1865 fuerit
1356 1827 1563 1865 vicentino
1594 1829 1821 1878 impressori
1852 1829 1969 1868 datus
1998 1830 2047 1868 ad

1094 1889 1390 1928 excudendum.
1426 1891 1468 1927 ln
1502 1889 1577 1927 fine
1608 1891 1793 1940 leguntur
1822 1903 1963 1930 versus
2000 1894 2045 1930 il-

1093 1953 1144 1997 li,
1174 1963 1274 2003 quos
1304 1963 1352 1990 cx
1383 1953 1596 1991 Basileensi
1632 1952 1802 1991 editione
1846 1954 2045 1994 Fabricius

1093 2015 1154 2054 hic
1185 2017 1336 2054 recitat.
1379 2016 1422 2053 ln
1462 2017 1543 2065 ipsa
1573 2016 1702 2065 operis
1733 2016 1858 2053 fronte
1891 2017 2045 2066 majori-

1090 2079 1165 2117 bus
1201 2079 1344 2116 litteris
1386 2077 1596 2115 scribitur:
1627 2077 1779 2115 Aeneas
1814 2077 1949 2130 Vulpes
1983 2079 2040 2116 Vi-

1089 2140 1266 2178 centinus
1290 2139 1413 2177 Prior
1437 2142 1476 2178 S.
1497 2139 1639 2179 Crucis
1663 2138 1844 2178 adiutore
1869 2142 2044 2179 Lauren—

1090 2203 1140 2242 tio
1169 2202 1392 2250 Briaeiensi,
1414 2200 1592 2239 Historia
1624 2201 1746 2239 Pauli
1774 2202 1916 2247 Oresti,
1941 2214 2043 2253 quae

1089 2265 1313 2302 continetur
1342 2263 1382 2301 in
1412 2263 1480 2301 lzoc
1513 2262 1652 2303 Codice
1676 2275 1794 2315 quam
1823 2266 2044 2303 accuratis-

1088 2326 1184 2365 sime
1207 2325 1339 2378 potuit
1365 2324 1589 2375 casti'gyavit.
1614 2325 1788 2363 Tandem
1813 2337 1955 2364 manus
1985 2339 2042 2364 re-

1087 2391 1237 2427 centior
1260 2387 1412 2427 adiecit.
1441 2388 1609 2425 Viceuza
1637 2387 1751 2425 1475.
1772 2387 1829 2425 Ad
1849 2387 1949 2426 hanc
1973 2390 2040 2438 igi-

1089 2456 1154 2489 tur
1179 2451 1424 2489 Vicentinam
1450 2449 1663 2487 editionem
1692 2449 1826 2486 formis
1853 2451 2040 2487 llerman-

1090 2514 1127 2549 ni
1158 2511 1205 2550 de
1235 2512 1393 2550 Colonia
1419 2521 1650 2560 expressam
1680 2510 1904 2548 Leonardus
1935 2512 2037 2548 Basi—

1089 2574 1234 2611 leensis
1265 2572 1536 2623 typographus
1580 2582 1692 2609 suam
1737 2573 1967 2610 adornavit:
1999 2578 2033 2609 et

1086 2648 1176 2674 cum
1210 2646 1353 2673 versus
1391 2635 1531 2684 prioris
1560 2633 1742 2671 editionis
1773 2634 1934 2670 minime
1964 2635 2034 2671 sihi

1085 2700 1298 2737 convenire
1342 2697 1575 2745 intelligeret
1620 2695 1890 2732 reformandos
1921 2695 2034 2734 illos.

1086 2762 1238 2811 sibique
1281 2759 1474 2809 aptandos
1517 2758 1684 2795 censuit.
1733 2756 1822 2794 ideo
1852 2768 1940 2795 cum
1976 2758 2034 2793 Yi-

1085 2825 1242 2862 centina
1276 2822 1417 2859 ferret:

1097 2923 1212 2960 Meque
1238 2917 1496 2958 imprimendum
1521 2915 1655 2948 [relidit
1683 2924 1747 2946 uon
1776 2915 1869 2944 alteri
1890 2937 1898 2951 ‚

1119 2972 1310 3001 fleur-anne
1331 2991 1339 3005 ,
1360 2976 1459 3007 quain
1483 2967 1542 2997 tibi
1567 2966 1627 2996 soli

1083 3065 1320 3105 Basileensis
1365 3063 1518 3101 sublato
1562 3062 1784 3098 llerinanno
1829 3058 2032 3096 substituit

1084 3125 1296 3167 Leonarclo.
1329 3125 1385 3162 lta
1417 3125 1560 3172 puriter
1589 3126 1628 3158 et
1660 3130 1726 3170 pro
1757 3118 1938 3158 Coloniae
1968 3133 2032 3170 po-

1082 3192 1160 3228 suit
1192 3188 1365 3226 llusileae
1413 3186 1468 3223 lix
1503 3184 1708 3221 collatione
1740 3181 1810 3219 hac
1840 3181 2031 3220 discimus

1081 3251 1343 3290 llusileensem
1377 3247 1587 3284 editionem
1615 3254 1844 3293 expressum
1870 3254 1958 3281 esse
1983 3244 2028 3282 ad

1069 3393 1143 3423 ‹laini
1162 3393 1292 3431 ingenio
1318 3390 1467 3420 cointii-tis
1488 3390 1554 3418 Nic.
1575 3388 1736 3418 Antonius
1755 3391 1777 3417 t.
1802 3385 1809 3414 l
1833 3395 1906 3425 ρης.
1929 3385 1994 3416 iss.

1656 3458 1727 3493 1753
