2517 4009
984 198 1297 238 THEODORUS

105 269 317 316 Epistolae
347 266 439 314 ejus
470 267 575 304 (lacte
615 265 819 304 habentur
861 267 972 303 tomo
1015 267 1065 302 II.

109 331 386 366 Conciliorum
417 329 618 365 Harduini
648 340 684 375 p.
719 330 810 365 613.
855 330 968 366 Adde
1001 328 1070 365 Ol-

109 393 221 428 doini
251 391 499 428 Athenaeum
534 391 767 426 Romanum
800 402 837 437 p.
871 391 962 427 624.

161 453 491 499 THEODORUS,
507 454 674 490 natione
700 455 882 500 Graecus,
898 455 1072 490 Tarsen-

116 526 201 553 sem
234 515 356 551 vocat
384 517 631 561 Anonymus
652 517 901 553 Mellicensis
931 526 965 552 c.
1007 515 1071 552 27.

108 578 454 624 Archiepiscopus
487 578 698 615 Scotorum
718 607 727 623 ,
763 578 856 614 aliis
893 577 1074 615 Cantica-

112 641 272 678 riensis
310 641 420 677 circa
460 650 612 676 annum
658 640 749 677 688.
799 640 992 686 Capitula
1041 649 1072 675 s.

109 702 415 740 Poenitentiale
445 703 535 748 ejus
566 704 699 740 edidit
725 703 952 739 Dacherius
983 703 1076 748 Spi-

111 766 178 801 cil.
209 765 310 801 tom.
343 764 414 800 IX.
449 766 521 802 sed
552 766 650 802 edit.
683 776 799 802 novae
831 766 930 801 tom.
975 765 1005 799 I.
1036 776 1074 811 p.

112 827 204 864 486.
235 827 406 874 repetiit
434 829 673 865 Harduinus
702 829 803 864 tom.
835 827 906 862 III.
930 827 1075 863 Conci-

111 891 261 927 liorum
291 900 388 936 pag.
424 890 545 927 1771.
577 892 792 939 Epistolas
814 891 867 928 aa
889 891 1076 928 diversos

113 953 292 1000 scripsit.
323 954 584 990 Possevinus
614 956 727 990 tomo
758 953 809 989 II.
840 953 1076 999 Apparatus

112 1026 209 1063 pag.
243 1016 335 1053 462.
365 1017 490 1053 Plura
521 1017 637 1053 dabit
666 1017 826 1053 Caveus
849 1016 891 1052 et
911 1014 1078 1050 'frithe-

115 1080 236 1115 mius.
267 1082 302 1115 A
333 1078 642 1116 Correctoribus
676 1078 867 1115 Gratiani
906 1077 1079 1113 Archie·

118 1143 312 1189 piscopus
341 1142 634 1179 Hiberniensis
664 1141 847 1176 vocatur.
891 1140 1080 1176 Waraeus

116 1206 164 1241 de
195 1206 337 1251 script.
368 1204 578 1241 Hiberniae
610 1213 708 1249 pag.
741 1202 805 1238 33.

171 1266 515 1310 THEODORUS,
545 1266 658 1301 Prior
698 1263 946 1301 monasterii
965 1263 1009 1298 B.
1031 1264 1082 1298 M.

122 1330 172 1367 de
198 1328 418 1367 Chai-itate
439 1329 482 1365 in
504 1328 656 1375 Gallia,
676 1329 869 1366 Ascetica
882 1328 1085 1374 quaeda-m

119 1391 302 1439 scripsit,
334 1401 409 1429 nec
439 1401 519 1427 non
549 1392 786 1438 Epistolam
814 1399 944 1426 unam
974 1389 1085 1425 inter

120 1454 330 1501 Epistolas
360 1454 471 1490 Petri
498 1454 759 1491 Venerabilis
790 1453 840 1489 II.
865 1452 902 1489 5.
925 1452 1012 1488 Car.
1037 1452 1086 1488 de

119 1517 248 1554 Visch
276 1516 382 1554 Bibl.
415 1516 666 1562 Scriptorum
709 1516 803 1552 Ord.
835 1514 1087 1551 Cistercien-

121 1582 180 1618 sis
209 1590 306 1628 pag.
341 1581 437 1617 308.

175 1642 492 1679 THEODORUS
522 1642 705 1688 Laelius,
737 1643 842 1678 alias
874 1641 922 1679 de
943 1641 1086 1686 Lellis,

122 1706 216 1743 vide
231 1714 357 1752 supra
369 1706 416 1741 V.
431 1704 672 1741 LAELIUS:
687 1704 789 1740 adde
806 1713 900 1739 vero
916 1712 1091 1749 sequen-

122 1768 196 1805 tia.
225 1767 358 1804 Natus
389 1767 469 1803 fuit
503 1766 780 1811 Interamnae,
812 1766 976 1801 Patavii
1002 1764 1091 1800 stu-

124 1829 215 1867 duit
231 1858 240 1876 ,
261 1830 304 1867 et
333 1831 370 1865 J.
392 1830 440 1866 U.
461 1829 510 1864 D.
534 1828 801 1865 renunciatus
834 1828 914 1873 est,
948 1828 1088 1863 Roman.

125 1893 298 1930 Auditor
329 1893 445 1930 Rotae
476 1892 570 1929 fuit.
601 1892 661 1929 De
683 1891 892 1928 Feltrensi
923 1891 1089 1938 Episco-

126 1955 226 2002 patu
265 1965 332 1992 res
376 1965 457 1991 non
499 1954 602 1990 satis
653 1953 766 1990 certa
804 1954 881 1989 est.
913 1952 1025 1990 Obiit
1054 1962 1090 1988 a.

129 2017 247 2054 1466.
297 2017 393 2054 ante
444 2016 645 2063 adeptum
695 2018 865 2063 pileum.
916 2017 1093 2063 Scripsit

133 2082 372 2120 Orationem
421 2081 756 2129 gwatnlatoriam
803 2090 933 2128 snper
971 2090 1093 2118 crea—

133 2144 286 2181 tionem
326 2143 398 2180 Pii
444 2142 501 2178 II.
557 2142 741 2189 Quinque
791 2143 1002 2180 orationes
1043 2142 1096 2179 aa

134 2205 373 2245 Galliarum
393 2205 544 2253 Reqem
572 2215 655 2253 pro
675 2206 751 2242 Pio
771 2204 825 2240 II.
845 2215 926 2252 pro
951 2204 1096 2253 defen-

129 2271 244 2308 sione
262 2270 496 2308 Catholicae
507 2270 615 2318 fidei
629 2271 778 2308 contra
799 2270 974 2308 Tne-cos:
997 2271 1097 2317 pla-

131 2342 201 2370 nes
222 2333 428 2379 ezeqantes
442 2333 656 2379 Epis-telas
670 2333 832 2370 nomine
846 2334 974 2370 Pauli
986 2332 1043 2368 II.
1059 2335 1097 2370 et

132 2397 267 2434 alias:
295 2396 531 2444 Apologiam
553 2406 636 2443 pro
665 2397 752 2443 Ziqa
780 2398 896 2434 inter
930 2398 1098 2434 Venetos

133 2460 172 2496 et
196 2458 517 2506 Siqismandnm
538 2457 642 2505 Imp.
668 2459 857 2495 Jacobilli
877 2458 981 2495 Bibl.
995 2459 1098 2494 Um-

131 2523 232 2559 briae
262 2533 300 2569 p.
333 2521 426 2558 258.
452 2521 650 2567 EJ‘usdem
688 2522 920 2560 Tractatas
950 2523 1100 2559 contra

134 2585 455 2633 Praymaticam
474 2585 747 2631 sanctionem,
772 2585 820 2622 de
840 2585 1038 2630 Annatis,
1061 2586 1099 2622 et

139 2647 359 2685 Orationes
397 2647 607 2685 habentur
647 2648 692 2683 in
732 2648 837 2685 Bibl.
881 2647 1098 2684 Vaticana.

132 2708 253 2746 Bern.
284 2710 332 2746 de
373 2709 636 2746 Montfaucon
677 2709 795 2756 Bibl,
839 2710 942 2746 Bibl.
985 2710 1098 2746 MSS.

135 2781 174 2818 p.
208 2771 297 2808 139.
318 2772 492 2819 Replica
510 2772 638 2808 etiarn
660 2773 864 2818 impressa
883 2771 948 2809 est
967 2772 1101 2808 Fran-

136 2835 212 2871 cof.
245 2833 363 2871 1607.
396 2837 432 2871 4.
462 2844 556 2871 cum
590 2835 684 2871 aliis
724 2835 969 2881 hujusmodi
998 2845 1101 2882 opu-

138 2898 266 2934 sculis
296 2897 348 2933 ad
377 2897 493 2933 illam
522 2896 849 2933 controversiam
873 2897 1102 2944 spectanti-

137 2959 227 2995 bus.
259 2959 302 2996 et
330 2959 441 2994 inter
472 2958 703 3004 Scriptores
726 2958 916 2996 Goldasti
944 2960 993 2996 de
1014 2961 1101 2996 Mo-

138 3023 310 3060 narchia.
341 3023 379 3059 S.
411 3023 461 3058 R.
491 3022 659 3067 Imperii
679 3022 790 3057 tomo
815 3022 864 3057 11.
886 3023 1009 3058 Plura
1029 3024 1102 3058 da-

138 3085 202 3122 bit
248 3086 404 3122 Nicolai
447 3084 647 3120 Comneni
697 3084 946 3129 Papadopoli
993 3085 1100 3120 Hist.

141 3147 365 3193 Gymnasii
394 3145 587 3181 Patavini
616 3146 715 3179 tom.
740 3145 788 3179 II.
811 3155 848 3190 p.
875 3145 939 3181 21.
962 3144 1102 3181 Oldoi-

140 3211 184 3246 ni
214 3209 463 3246 Athenaeum
492 3209 727 3243 Romanum
760 3217 856 3254 pag.
889 3208 980 3244 625.

197 3270 512 3307 THEODORUS
542 3269 721 3314 Meinas,
752 3269 953 3315 Venetus,
982 3269 1101 3306 Ordi-

140 3334 206 3370 nis
234 3334 439 3370 Minorum
467 3334 576 3370 circa
607 3341 759 3368 anuum
787 3331 900 3369 1321.
926 3334 1100 3379 Scripsit

2028 197 2108 234 525

1149 270 1284 306 Vitam
1319 269 1361 306 S.
1396 268 1619 307 Francisci
1642 298 1651 315 ,
1687 268 1822 307 Vitam
1866 266 1910 305 S.
1959 266 2111 304 Clarae

1142 333 1380 379 Assisiatis,
1417 334 1609 370 Volamen
1641 332 1906 376 Sermonum,
1927 330 1969 367 et
2003 329 2110 367 Ser-

1144 404 1279 432 mones
1300 396 1519 442 funebres.
1550 396 1635 431 Jac.
1668 395 1850 431 Alberici
1881 392 2108 437 Catalogus

1146 458 1398 503 Scriptorum
1429 458 1684 494 Venetorum
1715 467 1754 503 p.
1787 456 1853 492 86.

1200 520 1516 556 THEODORUS
1546 520 1818 563 Priscianus,
1840 518 2035 561 Medicus,
2057 516 2107 552 de

1147 591 1225 627 quo
1267 582 1517 619 sufficienter
1557 582 1648 628 egit
1701 581 1915 618 Fabricius
1968 579 2110 615 noster

1147 645 1189 679 in
1218 644 1321 680 Bibl.
1352 644 1500 680 Latina
1533 644 1600 679 lV.
1637 644 1698 680 12.
1731 654 1769 679 n.
1813 645 1850 679 4.
1893 643 1990 679 hinc
2031 651 2111 677 non

1147 706 1405 751 repetuntur.

1202 770 1518 806 THEODORUS
1557 770 1857 817 Spanclaqinas
1907 768 2115 806 Cantaca-

1149 841 1290 878 zenas,
1312 832 1430 878 eujus
1452 832 1556 868 liber
1588 833 1635 868 (le
1665 833 1829 878 oriffine
1861 833 1898 868 ct
1929 831 2114 868 moribus

1156 894 1425 941 Parcarum,
1468 895 1621 940 prodiit
1665 893 1885 930 Florentia]
1931 894 2047 930 1568.
2077 894 2114 929 8.

1150 957 1256 993 teste
1286 958 1512 994 Maittairio
1543 958 1656 992 tomo
1689 956 1718 991 I.
1749 956 1973 991 Annalium
2015 964 2113 1001 pag.

1152 1020 1244 1056 280.
1283 1019 1429 1056 Italica
1459 1021 1594 1056 versio
1637 1018 1749 1055 edita
1789 1018 1853 1054 est
1894 1016 2116 1053 Florentiae

1153 1081 1262 1127 apud
1292 1081 1582 1117 Torrentinum
1615 1079 1730 1117 1551.
1763 1080 1800 1116 8.

1206 1139 1227 1159 *
1248 1140 1530 1178 Florentinam
1545 1140 1652 1177 hanc
1672 1141 1897 1177 editionem
1918 1139 2117 1176 Theodori

1156 1204 1417 1250 Spandugini
1434 1204 1588 1251 profert
1602 1204 1767 1250 quidem
1782 1202 2034 1249 Maittarius,
2049 1203 2118 1238 sed

1155 1276 1207 1303 ex
1247 1267 1325 1302 fide
1368 1268 1573 1312 aliorum,
1616 1267 1737 1313 atque
1779 1267 1822 1302 in
1863 1264 1974 1301 notis
2015 1273 2116 1299 num

1158 1331 1295 1377 reipsa
1324 1331 1413 1367 haec
1429 1331 1558 1367 editio
1578 1330 1693 1366 extet
1714 1330 1927 1374 ambigere
1960 1337 2002 1364 se
2025 1337 2119 1373 pro-

1158 1392 1369 1437 fitetur,et
1391 1394 1495 1429 mihi
1514 1394 1668 1439 pariter
1690 1394 1762 1428 vix
1784 1391 2119 1438 persuaderetur.

1217 1455 1325 1503 (324)
1357 1457 1410 1491 Et
1441 1466 1585 1492 revera
1613 1454 1969 1501 diligentissimus
2001 1453 2118 1487 Dom.

1159 1517 1316 1553 Moreni
1345 1518 1388 1553 in
1418 1527 1481 1563 op.
1503 1517 1658 1553 Annali
1681 1516 1788 1553 della
1818 1513 2058 1561 Tipoqi'afia
2079 1513 2124 1550 ai

1162 1581 1204 1615 L.
1227 1579 1495 1624 Torrentino,
1516 1579 1691 1616 Firenze
1716 1577 1881 1614 1819-8.
1896 1577 2122 1612 editionem

1163 1653 1228 1679 an.
1256 1642 1373 1679 1551.
1396 1642 1550 1679 Italicae
1581 1642 1626 1677 L.
1648 1639 1889 1677 Domeniclii
1919 1639 2125 1675 versionis

1161 1705 1362 1751 referens,
1387 1705 1430 1741 et
1460 1715 1512 1741 an
1542 1705 1623 1741 alia
1653 1705 1800 1749 lingua
1828 1702 2021 1739 eductum
2052 1702 2117 1737 vel

1163 1766 1301 1814 potius
1317 1767 1457 1804 Italice
1478 1768 1528 1803 ab
1542 1767 1687 1804 eodem
1708 1776 1810 1813 opus
1845 1764 2124 1811 conscriptum

1162 1831 1292 1867 fuisse
1323 1831 1532 1876 dubitans,
1552 1830 1805 1866 Florentinae
1837 1828 2034 1865 editionis
2060 1836 2124 1862 an.

1167 1891 1283 1929 1568.
1314 1892 1584 1929 existentiam
1617 1890 1779 1927 videtur
1808 1891 2038 1927 excludere.

1215 1953 1236 1974 ³⁵
1258 1954 1574 1990 THEODORVS
1597 1953 1822 1999 Sacerdos,
1841 1952 2064 1988 Monachus
2086 1952 2128 1988 et

1163 2019 1303 2055 Abbas
1333 2018 1501 2064 scripsit
1534 2019 1778 2063 opusculum
1819 2017 2052 2063 quoddam,
2085 2016 2129 2052 in

1165 2091 1243 2127 quo
1284 2081 1412 2118 refert
1451 2090 1599 2127 corpus
1633 2080 1671 2116 S.
1712 2078 2018 2116 Bartholomaei
2064 2089 2131 2115 ar-

1165 2153 1223 2179 cae
1254 2144 1457 2180 inclusum
1492 2143 1534 2179 et
1567 2143 1610 2179 in
1643 2152 1755 2179 mare
1789 2142 2024 2188 conjectum
2060 2142 2131 2178 Li-

1168 2208 1258 2252 pari
1289 2207 1439 2242 Siciliae
1474 2207 1702 2252 appulisse,
1731 2205 1824 2241 tum
1855 2207 1899 2241 in
1930 2205 2130 2242 Calabriae

1170 2271 1307 2305 locum
1333 2269 1537 2314 quendam
1569 2269 1754 2305 delatum
1782 2269 2001 2304 transisse.
2024 2269 2133 2304 Haec

1172 2333 1272 2368 olim
1303 2333 1391 2379 legi
1420 2332 1463 2367 in
1484 2331 1566 2366 MS.
1589 2331 1774 2367 Historia
1803 2331 1966 2366 Paulini
1985 2330 2134 2366 Puteo-

1172 2396 1271 2441 lani,
1297 2404 1420 2441 quam
1445 2393 1578 2430 adhuc
1608 2393 1750 2430 servat
1770 2391 2023 2429 Bibliotheca
2045 2392 2133 2427 Ma-

1170 2458 1416 2495 latestarum
1439 2457 1621 2493 Caesenae
1644 2455 1746 2504 (non
1769 2456 1882 2492 enim
1902 2454 2071 2490 transiit
2091 2455 2134 2490 in

1170 2521 1214 2556 B.
1245 2521 1509 2565 Vaticanam,
1537 2520 1584 2554 ut
1613 2518 1830 2565 obreptum
1859 2518 1923 2554 est
1951 2519 2000 2554 cl.
2033 2517 2133 2553 Tar—

1170 2583 1321 2620 tarotto
1357 2584 1400 2619 in
1437 2582 1611 2618 Dissert.
1645 2582 1702 2617 De
1734 2581 1931 2626 Scriptor.
1964 2588 1987 2614 a
2015 2579 2128 2614 Dan-

1171 2648 1265 2683 dulo
1297 2646 1478 2682 laudatis
1525 2645 1686 2681 inserta
1717 2645 1764 2679 R.
1797 2643 1975 2680 italicar.
2008 2643 2134 2679 Tomo

1172 2706 1324 2754 XXV).
1340 2707 1409 2743 Ait
1424 2716 1518 2743 vero
1534 2706 1643 2742 idem
1664 2706 1862 2742 Paulinus
1876 2705 1983 2741 hunc
2006 2704 2137 2741 Theo-

1172 2773 1317 2809 dorum
1338 2768 1802 2818 siqnoramvirtutibus
1815 2769 2009 2804 claruisse
2033 2767 2135 2805 dao-

1185 2844 1282 2872 ram
1313 2833 1545 2882 insiqninm
1575 2831 1848 2869 coenobiorum
1875 2829 2066 2866 Abbatem
2097 2837 2139 2865 e--

1173 2901 1298 2947 yisse,
1319 2899 1407 2934 tum
1440 2898 1481 2934 et
1512 2897 1709 2942 opuscula
1731 2895 1922 2940 quiedam
1949 2894 2031 2929 alia
2051 2892 2136 2929 uti-

1174 2963 1230 2997 lia
1249 2961 1444 3005 edidisse,
1463 2960 1619 2995 vixisse
1643 2966 1737 2994 vero
1758 2958 1941 3002 tempore
1965 2955 2136 2991 Adriani

1174 3024 1216 3061 et
1236 3024 1398 3062 Leonis.
1415 3030 1670 3057 summorum
1694 3019 1937 3055 Pontificum
1958 3029 1967 3065 ;
1991 3027 2137 3064 nempe

1176 3086 1317 3122 Seculo
1350 3085 1418 3118 IX.
1453 3084 1632 3119 ineunte.

1202 3145 1544 3190 THEODOSIUS,
1563 3145 1658 3180 aliis
1673 3142 1987 3179 THEODORL'S
2007 3143 2140 3180 Blan-

1174 3208 1350 3254 ckcttas,
1380 3208 1535 3243 Nobilis
1556 3206 1828 3242 Bononiensis
1855 3207 1959 3243 circa
1980 3215 2135 3241 annum

1177 3270 1291 3306 1157.
1324 3270 1491 3316 scripsit
1535 3269 1582 3306 de
1626 3268 1742 3305 beata
1773 3270 1861 3305 vita
1898 3268 1965 3306 lib.
2009 3268 2047 3304 3.
2091 3268 2138 3304 de

1175 3335 1470 3381 comparandis
1517 3333 1683 3371 divitiis
1736 3332 1978 3370 Christiano
2026 3341 2138 3369 neore
