2517 4009
867 240 911 280 C.
967 241 1283 282 SEDULll

79 316 210 347 uixerat
227 328 233 346 :
262 315 315 347 iiia
333 321 456 355 pavens
474 312 588 344 oculos
605 312 731 343 suffusa
751 312 895 343 nitentes
909 336 918 350 ‚
943 310 981 342 17

76 365 253 404 suspirans
268 389 277 402 ‚
295 366 430 402 imoque
448 362 584 394 trahens
601 369 620 393 a
638 364 772 402 pectore
790 369 925 399 vocem,
950 360 989 392 18

77 415 177 453 Virgo
195 413 313 446 refert:
325 412 413 444 haud
427 411 583 452 equidem
597 412 655 443 tali
668 419 720 443 me
734 410 855 450 dignor
869 409 1051 443 honorezw

74 464 145 494 Non
159 465 234 503 opis
248 467 297 494 est
311 465 456 500 nostrae,
464 461 505 492 20
513 469 573 492 nec
590 460 636 492 fas
652 469 712 492 nec
728 462 880 501 conjugis
891 467 1050 500 umquam

73 513 264 544 Praetendit
280 515 371 543 aetas
385 534 394 550 ,
413 513 472 542 aut
489 511 571 542 haec
591 511 624 541 in
642 509 774 542 foedera
793 510 889 541 veni:
912 508 950 539 21

73 561 135 593 Sed
153 564 228 601 post
240 562 332 602 J'ussa
349 560 454 592 Deum
473 559 557 591 nihii
575 563 623 590 cst
635 584 644 597 ,
661 558 751 598 quod
769 559 858 590 dicta
877 565 1042 590 recusem.

74 612 229 650 Accipio;
244 617 458 650 agnoscoque
474 608 598 641 libens:
621 617 744 649 sequor
761 609 875 640 omina
890 610 998 644 tanta,
1011 605 1053 637 22

74 660 317 699 Promissisque
334 660 438 699 patris
453 659 495 690 25
513 666 672 698 exsequar
691 658 853 690 coelestia
869 655 955 688 dona
967 678 977 693 ‚

77 707 279 740 Admiranda
294 710 354 740 Dei
373 711 545 739 tantarum
563 715 701 739 munera
723 705 872 737 laudum.

78 758 244 789 Panditur
262 758 392 789 interea
411 757 530 789 domus
547 757 793 796 omnipotentis
811 755 937 794 olympi
960 753 1002 785 24

76 805 255 845 sydeream
279 807 314 838 in
337 805 449 838 sedem
464 831 473 845 ‚
491 811 599 838 terras
621 806 711 837 unde
737 804 862 835 arduus
886 811 1002 834 omnes

76 856 221 895 Aspicit,
253 859 286 886 et
312 859 431 888 natum
454 855 566 887 verbis
591 853 770 894 compeliat
793 854 925 885 amicis:
953 853 995 883 25

76 906 179 942 Nate,
202 913 297 937 meae
319 906 425 944 vires,
455 913 528 937 mea
554 912 677 944 magna
702 906 856 944 potentia
879 902 989 940 solus,
1012 902 1053 933 26

73 955 174 992 Nate,
197 955 282 986 mihi
307 963 410 996 quem
435 954 526 986 nulla
550 953 620 986 dies
643 953 686 985 ab
710 955 843 992 origine
867 960 980 983 rerum

73 1004 282 1036 Dissimilem
317 1004 552 1044 arguerit‚-27
578 1005 738 1036 comitem
769 1001 976 1042 compiector
1006 1003 1039 1033 in

818 1058 950 1082 omnes.

71 1103 117 1132 Te
138 1102 212 1140 sine
236 1102 283 1133 nil
307 1101 412 1134 aitum
435 1110 528 1133 mens
556 1101 714 1133 inchoat:
740 1101 856 1132 omnia
883 1108 1015 1132 mecum

71 1151 216 1182 AEternis
239 1153 329 1190 regis
349 1152 519 1191 imperiis,
540 1150 582 1181 28
599 1154 632 1181 ct
647 1149 815 1190 quidquid
840 1150 968 1189 ubique
990 1152 1053 1180 est.

70 1199 166 1230 Nulla
190 1200 272 1231 meis
294 1201 366 1231 sine
389 1204 421 1231 te
444 1204 628 1239 quaeretur
650 1198 759 1238 gloria
782 1198 882 1229 rebus
906 1210 914 1229 ς
937 1197 978 1228 29

70 1250 192 1280 omnia
209 1248 272 1280 sub
289 1248 449 1288 pedibus,
462 1256 528 1288 qua
546 1247 593 1279 soi
610 1252 791 1285 utrumque
814 1253 990 1277 recurrens
1010 1246 1051 1276 50

69 1297 200 1337 Aspicit
220 1304 410 1336 oceanum,
433 1298 588 1335 vertique
613 1296 755 1334 regique
775 1294 955 1327 videbunt.

70 1348 164 1384 Quae
181 1345 244 1378 tibi
263 1345 448 1385 polliceor,
464 1351 575 1384 neque
592 1347 645 1376 est
662 1347 694 1375 te
712 1342 827 1375 fallere
843 1344 1050 1383 quicquam,

73 1481 114 1514 17
135 1481 251 1514 AEneid
269 1483 295 1512 1.
317 1488 351 1513 v.
373 1479 450 1512 252.

130 1554 141 1564 .
184 1554 195 1563 .
238 1554 247 1562 .
293 1529 422 1562 Oculos
440 1527 576 1570 suffusa
592 1529 761 1562 nitentes.

74 1580 114 1613 18
134 1579 262 1612 AEneid.
285 1581 310 1612 l.
327 1588 359 1611 v.
377 1579 453 1611 275.

128 1630 326 1670 suspirans
351 1628 489 1668 imoque
506 1628 654 1660 trahens
683 1636 706 1659 a
725 1632 870 1669 pectore
893 1636 1026 1660 vocem.

74 1678 114 1711 19
134 1678 262 1711 AEneid.
284 1680 310 1709 1.
333 1686 368 1710 v.
391 1677 467 1709 552.

134 1728 230 1760 Tunc
258 1727 399 1760 Venus:
423 1727 534 1759 Haud
556 1727 721 1768 equidem
742 1727 811 1758 toli
837 1735 890 1758 me
915 1726 1050 1766 diynor

70 1786 113 1817 20
134 1786 354 1818 AEneid.1.⁴v.
377 1784 452 1816 605.
886 1784 1029 1816 honore.

130 1836 212 1868 Non
230 1835 312 1875 opis
335 1837 389 1865 est
411 1837 560 1865 nostrae
587 1830 681 1865 Dido
727 1856 737 1865 .
785 1855 795 1865 .
841 1857 848 1864 .

69 1885 106 1916 21
127 1886 254 1918 AEneid.
282 1886 334 1916 iv.
351 1892 383 1916 v.
399 1883 473 1915 559.

128 1957 137 1965 .
182 1957 192 1965 ,
236 1956 245 1965 .
263 1936 327 1964 aut
348 1932 434 1963 haec
449 1932 489 1963 iu
515 1931 664 1972 foedera
684 1932 778 1963 veni.

74 1983 116 2015 22
138 1981 269 2015 AEneid.
291 1983 344 2014 lx.
367 1991 400 2014 v.
418 1981 473 2013 21.

132 2055 142 2064 .
186 2055 195 2064 .
240 2055 250 2064 .
292 2032 428 2071 Sequar
450 2030 571 2062 omina
596 2034 716 2064 tanta.

73 2083 126 2114 25.
146 2080 274 2114 AEneid.
296 2084 334 2113 V.
351 2090 384 2114 v.
399 2081 473 2113 865.

131 2131 395 2171 promissisque
416 2131 536 2171 patris
560 2131 730 2171 Neptuni.

71 2181 113 2213 24
130 2179 245 2213 AEueid
258 2181 297 2212 X.
313 2188 346 2213 v.
364 2183 375 2211 l
400 2185 466 2213 etc.

129 2229 310 2262 Panditur
323 2229 462 2261 interea
477 2230 603 2260 domus
620 2230 878 2269 omnipotentis
893 2229 1049 2270 Olympi,

129 2279 399 2320 conciliumque
414 2284 519 2312 vocat
544 2279 665 2311 diutim
681 2284 786 2320 pater
806 2283 912 2319 atque
935 2280 1050 2310 homi-

798 2338 884 2360 num
902 2338 982 2361 rex.

121 2379 304 2412 sideream
320 2378 360 2409 in
376 2378 506 2416 sedem,
522 2382 640 2409 terras
657 2378 749 2409 unde
765 2380 905 2410 arduus
925 2388 1048 2411 omnes

68 2429 111 2461 25
125 2428 254 2460 AEneid.
272 2429 314 2459 ΙΙ.
330 2434 365 2465 v,
381 2426 456 2457 572.
881 2430 1026 2469 aspicit.

127 2478 267 2511 Inscius
283 2480 388 2515 atque
410 2475 506 2506 ultro
529 2474 644 2506 verbis
662 2477 852 2516 compellat
874 2478 1018 2510 amicis.

68 2531 110 2564 26
131 2530 260 2563 AEneid.
283 2530 308 2560 Ι.
327 2536 359 2560 v.
382 2527 458 2559 668.

131 2581 223 2614 Nate
236 2603 246 2618 ‚
263 2586 362 2610 meae
378 2577 472 2608 vires
484 2601 495 2616 ,
516 2584 593 2607 mea
611 2584 744 2616 maana
759 2578 921 2616 potentia
937 2578 1046 2609 solus.

66 2630 108 2661 27
122 2628 251 2661 AEueid.
276 2629 317 2658 ΙΧ
338 2635 371 2659 v.
394 2625 470 2657 281.

187 2702 196 2710 .
239 2685 293 2708 me
315 2675 418 2709 nulla
440 2675 516 2706 dies
541 2679 614 2707 tam
637 2673 789 2713 sortibus
812 2676 925 2707 ausis.

130 2727 354 2760 Dissimilem
382 2725 558 2765 arquerit.

69 2778 111 2810 28
130 2776 258 2810 AEneid.
283 2779 310 2809 1.
327 2785 358 2808 v.
380 2775 456 2807 254.

129 2827 293 2860 AEternis
311 2825 409 2867 reyis
428 2824 595 2864 imperiis

71 2877 113 2909 29
133 2875 251 2908 AEneid
267 2877 319 2907 lx.
342 2883 373 2907 v.
399 2873 477 2906 278.

132 2924 243 2959 Nulla
264 2924 352 2955 meis
376 2923 454 2955 sine
480 2927 512 2954 te
533 2927 724 2962 quaeretur
742 2922 860 2962 qloria
876 2920 991 2952 rebus.

70 2975 111 3006 50
125 2973 252 3006 AEneid.
278 2975 346 3005 Vll.
369 2981 400 3005 v.
428 2971 500 3003 100.
519 2976 552 3003 et
570 2972 643 3004 101.

136 3023 265 3055 Omnia
281 3021 344 3053 sub
357 3021 506 3061 pedibus
523 3031 592 3062 qua
609 3022 659 3052 tol
667 3025 852 3059 utrumque
865 3027 1053 3050 recurre-ns

135 3072 274 3112 Aspicit
298 3079 485 3102 oceanum.

73 3121 111 3153 51
135 3121 262 3153 AEneid.
283 3123 333 3153 iv.
349 3129 383 3152 v.
401 3120 475 3152 494.

134 3170 318 3210 Multaque
330 3174 518 3211 praeterea
536 3174 656 3200 vatum
669 3169 858 3208 praedicta
880 3168 1052 3207 priorum.

77 3219 120 3251 52
135 3219 261 3251 AEneid:
281 3221 332 3250 ix.
351 3222 390 3252 V.
405 3219 479 3250 220.

75 3269 117 3300 55
139 3268 263 3308 Eeioga
284 3271 369 3301 vill.
396 3276 426 3300 v.
454 3268 503 3299 17.

85 3317 125 3349 54
149 3317 271 3356 Ecioga
291 3320 343 3350 lv,
363 3326 392 3348 v.
412 3317 441 3348 9.

149 3366 293 3398 Desinet
313 3391 321 3406 ,
337 3377 379 3398 ac
403 3371 476 3398 toto
497 3371 615 3405 suryet
635 3375 718 3404 qens
739 3374 846 3397 aurea
874 3366 1013 3396 mundo.

2003 257 2082 296 303

1113 315 1199 346 nnec
1212 314 1274 345 tibi
1291 323 1422 355 semper
1439 320 1540 349 erunt
1556 321 1670 351 vatum
1687 321 1861 360 praedicta
1875 325 2089 364 priorum=5t

1112 364 1176 394 Nec
1199 372 1272 395 mea
1290 368 1359 406 jam
1382 370 1511 399 mutata
1536 367 1608 400 ioco
1633 373 1810 403 sententia
1836 372 1938 405 cedit.
1963 374 2004 405 52

1113 414 1255 445 Nascere
1269 423 1414 455 praeque
1429 415 1519 448 diem
1534 419 1674 451 veniens
1688 428 1754 460 age
1769 420 1888 454 lucifer
1903 423 2041 464 almum;
2052 426 2093 457 55

1112 464 1268 501 Nascere,
1287 473 1354 504 quo
1379 469 1450 496 toto
1476 472 1592 507 surgat
1613 477 1695 508 gens
1721 478 1827 503 aurea
1851 472 1995 511 mundo,
2019 474 2059 505 54

1114 512 1203 544 Unde
1225 515 1327 545 ctiam
1350 523 1491 555 magnus
1513 519 1701 551 saeclorum
1725 523 1875 554 nascitur
1896 523 1997 564 ordo5
2020 525 2060 555 35

1113 563 1272 602 Nascere,
1298 569 1334 596 ut
1358 567 1525 605 incipiant
1548 571 1660 608 magni
1687 570 1869 609 procedere
1892 581 2023 605 menses
2045 575 2085 606 33

1115 613 1158 642 Ne
1181 618 1339 645 maneant
1363 615 1460 647 nobis
1486 618 1617 656 priscae
1642 620 1782 658 vestigia
1805 620 1951 659 fraudis;
1971 624 2012 654 57

1119 663 1282 702 Prospera
1310 669 1451 696 venturo
1476 666 1647 698 laetentur
1672 672 1707 699 ut
1729 672 1844 701 omnia
1867 672 1968 704 secio.
1991 672 2032 704 58

1117 711 1346 752 Adgredere,0
1361 722 1514 754 magnos,
1527 716 1635 748 aderit
1651 720 1720 758 jam
1739 721 2096 759 tempus‚h0nores:59

1117 764 1239 800 Aspera
1263 766 1334 794 tum
1358 766 1476 803 positis
1502 767 1680 798 mitescent
1705 769 1838 801 saecuta
1863 770 1975 809 bellis,
2001 772 2043 802 40

1116 812 1346 852 Pacatumque
1369 819 1488 854 regent
1513 817 1632 855 patriis
1657 818 1843 850 virtutibus
1867 820 1994 852 orbern.
2018 820 2056 852 41

1119 860 1213 891 Haud
1237 869 1356 900 mora,
1376 866 1540 895 continuo
1563 867 1669 904 patris
1688 871 1864 907 praecepta
1882 868 2032 902 facessit:
2056 870 2097 902 42

1118 910 1250 942 AEthere
1271 919 1305 942 se
1324 914 1451 950 mittit,
1468 913 1510 945 45
1527 915 1666 954 figitque
1685 917 1719 947 in
1740 919 1877 956 Virgine
1900 920 2030 957 vuitus,
2055 920 2095 951 44

1118 961 1183 991 Nec
1205 960 1346 993 mortale
1370 966 1488 1002 tuens,
1513 963 1633 996 afflata
1659 970 1709 997 est
1733 968 1871 998 numine
1896 969 2033 1007 quando

1119 1011 1191 1040 Jam
1214 1012 1370 1050 propiore
1392 1014 1464 1044 Dei.
1487 1012 1530 1043 45
1556 1015 1637 1045 Nam
1661 1017 1811 1055 tempore
1833 1017 1950 1049 eodem

1117 1061 1213 1090 Matri
1239 1059 1338 1100 longa
1360 1060 1477 1093 decem
1502 1063 1654 1095 tulerunt
1678 1063 1812 1097 fastidia
1837 1075 1984 1106 menses;
2013 1068 2054 1099 46

1116 1110 1156 1138 Et
1176 1116 1261 1139 nova
1280 1112 1459 1149 progenies
1475 1111 1517 1143 47
1533 1121 1610 1144 mox
1629 1112 1718 1144 clara
1738 1115 1772 1145 in
1792 1114 1866 1146 luce.
1889 1116 2033 1149 refulsit.
2057 1117 2098 1148 48

1115 1158 1189 1188 Mox
1212 1160 1314 1189 etiam
1337 1162 1451 1199 magni
1475 1164 1642 1200 processit
1666 1165 1817 1195 numinis
1845 1169 1993 1202 astrum,
2015 1166 2058 1197 49

1114 1206 1213 1238 Stella
1238 1207 1343 1240 facem
1366 1208 1494 1242 ducens
1519 1212 1624 1243 muita
1648 1221 1725 1244 cum
1748 1213 1824 1246 luce
1846 1218 2011 1247 cucurrit.
2038 1218 2082 1248 50

1116 1255 1174 1287 iiie
1196 1257 1266 1288 dies
1291 1258 1418 1296 primus
1441 1258 1546 1297 lethi,
1576 1262 1774 1301 primusque
1796 1263 1916 1294 salutis
1939 1264 1976 1295 51

1115 1305 1279 1336 Monstrat
1294 1307 1358 1336 iter
1373 1306 1468 1338 vobis
1483 1307 1523 1338 ad
1539 1317 1731 1348 eum‚quem
1745 1319 1876 1351 semper
1891 1314 2049 1346 acerbum
2064 1315 2110 1346 52

1117 1354 1253 1393 semper
1277 1354 1482 1388 honoratum
1504 1359 1617 1389 cuncti
1645 1360 1810 1392 celebrate
1832 1361 1995 1396 faventes.

1112 1486 1154 1519 55
1174 1487 1288 1529 Ecieg.
1304 1490 1355 1522 lv.
1375 1498 1408 1522 v.
1424 1491 1456 1522 5.

1170 1538 1327 1578 Magnus
1349 1539 1393 1570 ab
1409 1540 1551 1582 inteqro
1566 1543 1767 1576 saeclorum
1782 1548 1949 1579 nascitur
1963 1551 2051 1580 ordo
2061 1575 2068 1581 .

1109 1586 1150 1620 26
1167 1588 1282 1629 Eciog.
1299 1590 1352 1620 lv.
1369 1598 1401 1623 v.
1421 1590 1472 1623 12,

1172 1661 1181 1669 .
1226 1661 1235 1669 .
1280 1640 1458 1680 Incipient
1479 1643 1604 1682 maqni
1618 1645 1811 1684 procedere
1833 1656 1988 1680 menses.

1110 1687 1151 1718 57
1173 1687 1292 1728 Eclog,
1311 1690 1365 1721 lv.
1380 1697 1413 1721 v.
1430 1690 1484 1722 51.

1174 1737 1296 1768 Pauca
1311 1741 1433 1770 tamen
1451 1739 1620 1773 suberunt
1636 1744 1781 1783 priscae
1797 1747 1951 1786 vestigia
1965 1747 2105 1787 fraudi.

1121 1786 1162 1817 58
1185 1787 1302 1827 Eclog.
1326 1789 1380 1821 lv.
1407 1797 1440 1820 v,
1463 1790 1515 1821 52.

1181 1836 1310 1876 Aspice
1333 1842 1481 1870 venturo
1506 1839 1687 1873 laetentur
1714 1847 1753 1874 ut
1776 1845 1898 1876 omnia
1922 1846 2061 1879 saeclo.

1119 1885 1161 1917 59
1182 1885 1299 1926 Eclog.
1314 1889 1370 1918 Vl.
1388 1895 1420 1919 v.
1442 1887 1494 1920 48.

1178 1937 1406 1977 Αρῃνεαετθ,
1431 1947 1451 1968 o
1475 1947 1628 1980 maynos
1644 1965 1654 1980 ‚
1682 1946 1747 1975 etc.

1112 1985 1154 2017 40
1176 1987 1306 2019 AEncid.
1324 1989 1338 2017 1
1355 1995 1386 2019 v.
1406 1986 1478 2020 195.

1175 2036 1312 2076 Aspera
1330 2041 1404 2068 tum
1426 2038 1559 2077 positis
1581 2040 1769 2073 mitescent
1791 2043 1937 2076 saecula
1961 2043 2083 2075 bellis.

1119 2084 1157 2116 41
1185 2085 1301 2126 Eclog.
1324 2088 1378 2117 vi.
1397 2095 1430 2117 v.
1453 2085 1504 2117 17.

1176 2134 1423 2174 Pacatumqae
1449 2141 1550 2177 reyet
1572 2139 1710 2178 patriis
1734 2140 1924 2173 virtutibus
1947 2141 2075 2175 orbem.

1114 2183 1156 2215 42
1181 2186 1299 2224 Georg.
1318 2187 1371 2218 vi.
1397 2194 1428 2216 v.
1452 2186 1525 2219 548.

1175 2233 1283 2264 Haud
1290 2243 1402 2273 mora,
1414 2237 1584 2267 continuo
1593 2238 1723 2268 matris
1735 2245 1928 2280 praecepta
1938 2241 2098 2280 facessit.

1113 2283 1153 2314 45
1174 2284 1301 2315 AEneid.
1326 2285 1366 2314 lx
1390 2293 1419 2316 v.
1445 2284 1519 2316 645.

1174 2332 1320 2363 ΑΞτΙιενσ
1346 2341 1382 2364 se
1407 2333 1535 2365 mittit.

1113 2381 1153 2412 44
1178 2381 1307 2414 AEneid.
1334 2384 1404 2414 ΧΙΙ.
1430 2391 1463 2415 ν.
1489 2384 1541 2415 70.

1176 2431 1281 2463 Illum
1298 2431 1422 2464 turbat
1446 2441 1548 2464 amor
1573 2435 1722 2474 fiqitque
1748 2435 1785 2465 in
1805 2435 1946 2476 virqine
1970 2438 2100 2470 vultus.

1117 2480 1159 2512 45
1180 2481 1309 2512 AEneid.
1334 2483 1384 2513 Vi.
1403 2490 1434 2514 v.
1453 2482 1505 2514 50.

1171 2530 1244 2562 Nec
1259 2530 1411 2561 mortale
1431 2539 1566 2562 sonans
1585 2531 1705 2571 afflata
1723 2538 1776 2564 est
1794 2535 1936 2566 numine
1954 2539 2096 2575 quando

1172 2579 1254 2609 Jam
1274 2580 1448 2618 propiore
1470 2581 1550 2611 Dei.

1115 2626 1157 2658 46
1179 2627 1292 2667 Eclog.
1309 2630 1363 2661 lV.
1381 2637 1414 2659 v.
1440 2628 1494 2660 61,

1111 2675 1152 2707 47
1177 2675 1279 2716 Eciog
1322 2678 1374 2708 iv.
1399 2685 1430 2708 v.
1455 2678 1486 2708 7.

1175 2726 1254 2756 Jam
1279 2734 1372 2756 nova
1397 2727 1604 2766 proqenies.

1112 2775 1153 2806 48
1176 2776 1302 2808 AEneid.
1322 2778 1361 2806 ΙΙ.
1386 2785 1416 2808 ν.
1442 2777 1516 2808 590.

1174 2850 1183 2858 .
1228 2850 1236 2857 .
1281 2831 1313 2857 et
1336 2835 1426 2865 pura
1448 2835 1514 2866 per
1535 2832 1672 2859 noctem
1694 2830 1732 2861 in
1756 2830 1830 2861 luce
1855 2832 2013 2870 refulsit.

1114 2875 1155 2906 49
1177 2875 1291 2916 Eciog.
1314 2878 1365 2908 lx.
1396 2886 1427 2908 v.
1451 2877 1507 2908 47.

1176 2926 1264 2957 Ecce
1290 2926 1446 2959 Dionaei
1468 2930 1646 2968 processit
1672 2931 1840 2961 Caesaris
1865 2938 2015 2963 astrum.

1115 2975 1156 3005 50
1177 2976 1292 3007 AEneid
1331 2979 1371 3009 ΙΙ.
1396 2986 1428 3009 v.
1452 2978 1525 3010 694.

1116 3024 1152 3055 51
1179 3027 1304 3058 AEneid.
1329 3029 1378 3058 iv.
1403 3035 1435 3059 v.
1460 3028 1524 3060 296,

1179 3075 1243 3106 Ille
1265 3076 1341 3107 (lies
1364 3077 1502 3116 primus
1536 3078 1625 3108 lethi
1651 3078 1859 3117 primusque
1886 3079 2074 3113 mator-um.

1181 3125 1361 3156 Monstrat
1384 3127 1453 3157 iter
1476 3126 1575 3157 vobis
1592 3150 1601 3163 ‚
1617 3130 1684 3160 etc.

1118 3173 1159 3203 52
1184 3174 1312 3206 AEncid.
1334 3178 1371 3206 V.
1395 3185 1426 3207 v.
1445 3177 1498 3208 40.

1178 3224 1325 3263 Jamque
1357 3226 1435 3256 dies
1458 3226 1497 3256 ui
1525 3225 1635 3264 fallor
1662 3225 1765 3256 adest
1783 3250 1790 3261 ‚
1822 3234 1921 3265 quem
1958 3236 2097 3270 semper

1838 3275 2002 3309 acerbum
2019 3303 2027 3316 ,

1180 3325 1318 3362 Semper
1337 3325 1547 3355 honoratum
1567 3350 1572 3354 .
1601 3326 1651 3355 sic
1669 3325 1722 3355 dii
1741 3325 1906 3356 voluistis
1921 3349 1931 3363 ,
1949 3327 2093 3359 habebo.
