2533 4009
484 245 563 285 356

531 311 724 364 Synodion
749 306 802 344 ad
821 302 1085 351 Presbyter-os
1107 302 1144 336 et
1161 295 1320 334 ordines
1347 306 1435 333 cae·

481 382 583 414 teros
610 382 682 423 per
706 367 930 405 uui‘vcrsam
956 359 1152 399 dioecesin
1176 356 1408 395 constitutos
1425 383 1434 401 ,

480 451 514 488 p.
555 436 641 472 3713.
682 431 824 468 Exstat
855 430 894 462 ot
925 429 1030 460 tomo
1060 422 1127 459 lX.
1164 417 1432 456 Conciliorum

480 496 615 535 Labbm
644 503 677 539 p.
707 486 820 526 1268.
846 484 1031 523 llarduini
1059 487 1164 518 tomo
1190 480 1250 518 vt.
1278 490 1313 528 p.
1338 478 1430 515 783.

534 550 789 592 ltinerurinm
839 543 1020 584 [lotherii
1069 543 1233 581 Romam
1279 538 1431 586 eunus,

479 612 680 664 pag½37u

533 676 741 712 Sermones
774 669 823 705 11.
847 666 892 705 de
914 662 1259 714 inod7·o90si'm‹1,
1283 673 1317 710 p.
1345 660 1392 697 38
1404 659 1432 695 t.

480 737 585 775 Prior
624 733 791 769 sortasse
829 734 891 766 cst
926 726 1143 775 disputatio
1177 727 1314 762 contra
1355 721 1435 758 An-

479 792 842 845 thropomorphitas
861 821 869 837 ,
891 788 1010 839 an'us
1032 786 1263 836 sigebertus
1284 794 1318 820 c.
1344 782 1434 820 127.

479 859 527 896 dc
570 857 761 905 Scriptor.
804 852 954 891 liccics.
997 848 1203 893 meminit,
1234 845 1325 894 quia
1358 843 1434 880 liic.

482 919 630 970 prolixe
655 921 791 954 contra
825 913 910 950 illos
939 912 1031 959 ogit.

534 982 741 1020 Sermones
758 975 805 1013 de
819 972 970 1012 Pascha
987 967 1278 1016 et.›lscensz‘one,
1299 979 1333 1017 p.
1354 966 1431 1004 392

540 1041 624 1080 Vita
655 1040 694 1078 S.
730 1034 933 1075 l'rse'mari
961 1030 1185 1078 Lobiensis,
1216 1032 1248 1068 si
1281 1040 1357 1067 non
1385 1027 1434 1066 ab

480 1107 563 1154 ipso
592 1101 837 1152 perscripta,
870 1100 985 1144 (nam
1018 1093 1166 1132 Ansoni
1198 1091 1338 1130 Abbati
1366 1090 1434 1126 tri-

479 1166 563 1204 buit
593 1163 674 1200 Val.
706 1159 911 1205 Andreas)
942 1162 1076 1194 tamen
1109 1155 1265 1192 ratione
1295 1152 1435 1190 dictio-

483 1228 544 1265 nis
583 1221 823 1267 emendata,
862 1219 1032 1258 habetur
1061 1215 1164 1267 apud
1206 1215 1366 1253 Surium
1398 1213 1433 1250 d.

482 1289 546 1327 48.
575 1285 696 1336 April.
723 1288 762 1322 et
793 1283 830 1319 in
863 1279 1078 1319 Mabillonii
1109 1277 1220 1317 Actis
1245 1276 1314 1315 SS.
1344 1275 1437 1313 Ord.

484 1347 682 1388 Benedicti
709 1351 815 1384 tomo
838 1345 900 1382 lli.
920 1347 1030 1394 parte
1052 1342 1080 1379 Ι.
1107 1351 1142 1390 p.
1165 1340 1256 1377 250.
1274 1339 1310 1375 in
1328 1338 1438 1376 Actis

483 1421 577 1449 vero
592 1410 827 1448 Sanctorum
851 1410 957 1443 tomo
978 1402 1180 1452 ll.Aprilis
1198 1401 1345 1438 omissa
1364 1403 1438 1435 ost.

541 1468 871 1519 Praeloqu-iorum
916 1463 1014 1503 libri
1057 1463 1115 1501 VI.
1160 1461 1291 1511 (quod
1339 1471 1438 1510 opus

484 1535 602 1571 otiam
642 1528 893 1579 Agyonisticon
921 1531 960 1564 ct
991 1522 1268 1564 Meditationes
1307 1520 1438 1560 cordis

487 1592 740 1637 inscribitur,
774 1589 867 1627 editi
898 1593 993 1627 sunt
1023 1597 1043 1624 a
1075 1587 1318 1624 Marteneet
1362 1584 1440 1622 Du-

488 1653 586 1693 rand
618 1653 780 1691 Collect.
811 1650 989 1699 ampliss.
1023 1653 1129 1685 tomo
1160 1647 1226 1684 lx.
1274 1657 1309 1695 p.
1349 1646 1437 1684 745.

484 1726 585 1765 quos
627 1713 706 1762 jam
741 1711 875 1748 habuit
905 1709 1147 1748 Bucherius:
1181 1707 1248 1745 sed
1287 1705 1440 1744 tardius

483 1779 667 1825 acceptos
698 1773 864 1822 reliquis
894 1772 1081 1822 operibus
1112 1769 1329 1819 adjungere
1361 1780 1436 1806 non

486 1838 623 1889 potuit.
648 1837 914 1874 Meminerunt
933 1833 1036 1871 illius
1062 1832 1276 1869 Folevinus
1301 1829 1349 1867 dc
1375 1841 1441 1880 ge-

484 1901 557 1937 stis
594 1897 784 1936 abbatum
817 1895 1068 1932 Lobiensium
1100 1904 1133 1931 c.
1164 1892 1229 1930 ⁶20.
1260 1891 1438 1940 Sigobcr-

485 1966 550 1998 tus
587 1964 628 1995 et
657 1956 900 1995 Trithemius
930 1954 978 1992 de
1010 1952 1278 2003 Scriptoribus
1303 1952 1439 1990 Eccle-

486 2021 669 2060 siasticis.

541 2079 740 2132 Epistolae
763 2083 843 2118 tres
873 2077 1174 2128 subjunguntur
1197 2075 1438 2124 Praeloquiis

493 2145 530 2181 in
562 2143 803 2181 collectione
830 2140 986 2178 laudata
1018 2151 1052 2189 p.
1085 2139 1172 2176 965.
1199 2141 1342 2189 septem
1372 2148 1440 2174 ex-

489 2210 598 2244 stant
628 2206 664 2241 in
688 2202 831 2242 Codice
855 2202 1107 2251 diplomatico
1138 2200 1237 2238 Pezii
1269 2203 1309 2236 et
1339 2199 1439 2236 Huc-

493 2268 572 2305 beri
605 2270 703 2316 part.
735 2266 760 2302 1.
793 2276 828 2314 p.
859 2264 920 2302 93.

541 2328 625 2366 Alia
658 2326 747 2376 ejus
777 2324 922 2363 inedita
955 2327 1149 2362 memorat
1180 2322 1440 2372 Sigebertus,

488 2394 531 2428 ut
555 2394 673 2428 sunt:
701 2385 943 2433 Phrenesis,
968 2397 1092 2436 quum
1123 2385 1171 2423 ab
1200 2385 1439 2434 Episcopatu

489 2450 691 2488 Leodiensi
718 2448 870 2498 ejectus
899 2452 1033 2494 esset,
1064 2447 1155 2496 quia
1186 2445 1442 2496 phreneticus

490 2513 649 2551 habitus
679 2516 764 2549 est:
796 2508 992 2561 Inefficaoe
1017 2507 1227 2557 yarri'tus:
1253 2504 1301 2544 de
1319 2517 1440 2556 proe-

487 2572 746 2611 (leslmatione
766 2570 881 2608 -Dez'z
928 2568 1229 2621 Confessiones,
1260 2568 1367 2606 MSS.
1405 2569 1441 2605 in

488 2635 727 2673 monasterio
769 2633 962 2671 Lobiensi.
1008 2631 1090 2669 Val.
1136 2630 1317 2669 Andreas
1346 2629 1443 2668 Bihl.

488 2696 596 2745 Belg.
620 2695 727 2733 MSS.
756 2699 850 2732 tom.
878 2695 904 2732 l.
938 2705 973 2743 p.
1006 2692 1096 2731 303.
1122 2691 1169 2730 de
1189 2694 1277 2729 arte
1303 2691 1444 2729 Gram-

489 2756 646 2803 matico,
663 2766 783 2805 quem
801 2755 943 2793 librum
962 2752 1261 2804 sparadorsum
1277 2751 1441 2801 hybrida

488 2829 585 2857 voce
606 2818 721 2866 dixit,
742 2819 831 2866 quia
863 2826 1076 2865 puerorum
1102 2815 1226 2864 tergis
1247 2813 1441 2851 consulat.

491 2881 646 2930 Sparen
687 2877 899 2926 Germanis
940 2880 1001 2913 est
1029 2885 1224 2926 parcere,
1255 2873 1360 2923 quod
1407 2875 1442 2910 in

489 2942 654 2991 gratiam
681 2943 910 2978 exterorum
941 2937 1128 2984 additur,
1159 2937 1225 2985 qui
1250 2935 1352 2973 hanc
1379 2946 1446 2971 vo—

490 3013 574 3039 cem
599 3012 674 3039 non
702 3001 1010 3045 intellexerunt,
1035 2998 1213 3048 adeoque
1239 3007 1311 3035 nec
1337 3000 1444 3033 recte

491 3066 789 3111 expresserunt.
814 3062 909 3100 Nam
941 3061 1114 3100 Bulaeus
1145 3058 1281 3096 scribit
1301 3058 1444 3095 Serva-

493 3121 679 3172 dorsum,
705 3124 954 3162 Mabillonius
980 3133 1076 3160 vero
1099 3121 1184 3160 Sec.
1212 3120 1256 3157 V.
1283 3117 1445 3157 Benediu

495 3184 598 3219 rtino
631 3195 666 3232 p.
699 3185 785 3223 485.
817 3197 865 3223 ex
897 3185 1082 3222 Folevino
1123 3181 1444 3233 Speradorsum,

497 3247 707 3291 utrumque
732 3246 863 3283 Ahbas
894 3246 1071 3283 is=bt=uft
1092 3245 1136 3282 ll.
1157 3243 1314 3281 dissert.
1336 3241 1431 3291 1128

498 3300 753 3350 chronolnqm
778 3306 862 3351 (Ἴης
889 3309 962 3343 MS.
989 3307 1155 3344 hahetur
1172 3305 1384 3343 Gombiari.

1238 227 1267 263 lt
1292 225 1324 262 H
1349 226 1378 262 A
1402 224 1433 261 'l'
1456 224 1484 261 Ε

1508 223 1538 260 li
1562 223 1573 260 l
1612 221 1643 260 U
1665 222 1690 259 S

1565 290 1729 328 ineditis
1752 290 1840 338 ejus
1868 291 1967 330 addo
1997 291 2232 341 soquvniia:
2262 290 2462 330 Invectiva

1511 351 1610 390 satis
1633 351 1673 389 in
1696 350 1866 401 quodam
1883 364 1930 391 ac-
1955 351 2135 403 luyubris
2160 350 2300 390 relatio
2323 352 2463 392 Rathe-
2510 346 2513 350 ⁴

1514 411 1790 463 rz'iquusu'am
1806 423 1861 450 ιω
1889 412 2106 452 Loubiense
2125 412 2379 461 Veronensis,
2408 425 2464 453 ex

1524 471 1720 512 monacho
1751 471 1913 520 emulis,
1944 486 1998 512 σω
2027 473 2145 513 eoeule
2176 473 2379 513 Praesulis
2409 474 2465 512 in-

1508 532 1730 585 felicissimi
1752 533 1778 570 A
1789 532 1879 571 nali
1889 533 1973 571 ritu
1990 533 2090 585 facti
2101 565 2111 583 ,
2127 533 2263 587 infecti
2275 566 2286 584 ‚
2312 533 2463 586 refecti,

1510 594 1652 646 defecti
1669 623 1677 641 ,
1700 593 1870 642 iterum,
1895 605 1971 645 quo
1995 593 2102 634 solus
2123 594 2278 647 factor,
2301 594 2465 647 infector

1509 655 1678 708 refector
1700 687 1707 702 ,
1725 655 1898 707 (lefector
1918 655 2026 694 novit
2043 656 2166 695 omine
2178 655 2278 708 facti
2293 687 2302 704 ‚
2319 655 2466 709 infecti,

1509 717 1657 769 refecti.
1705 719 1869 767 incipit:
1914 718 1961 755 Ut
1996 716 2321 766 sacratissimus,
2364 717 2466 756 anti-
2521 706 2529 718 ’

1510 779 1729 830 quissimus
1771 791 1820 818 nc
1866 778 2149 817 veracissimus
2188 779 2281 818 aevi
2315 778 2468 831 prioris

1509 845 1660 878 narrat
1690 839 2040 891 Cleronosyraphus.
2075 841 2190 878 Porro
2217 839 2467 890 Opusculum

1511 901 1558 939 de
1593 901 1865 940 Translatione
1897 900 2075 952 corporis
2098 900 2227 939 sancti
2249 901 2468 952 {cujusdam

1512 963 1714 1011 ,rnen-onis,
1742 964 1860 1014 cujus
1878 962 2065 1014 depositio
2089 960 2317 1001 celebratur
2336 961 2470 1002 Idibus

1515 1025 1616 1076 Maji
1645 1025 1791 1064 mensis
1820 1025 1996 1073 octavis,
2025 1026 2041 1073 (
2055 1023 2294 1073 ita‘Codex)
2324 1036 2471 1076 empor-

1515 1086 1610 1124 tatio
1642 1085 1874 1136 deploratur
1903 1085 2031 1123 seoetis
2060 1088 2228 1124 eaeeunce
2255 1086 2356 1124 lano
2385 1087 2468 1125 Ku-

1520 1147 1645 1186 lendis
1662 1179 1671 1195 ,
1699 1147 1871 1186 inaniter
1889 1146 2085 1198 quamvis.
2111 1146 2277 1185 Factum
2299 1158 2470 1198 namque

1513 1211 1571 1248 sic
1611 1220 1681 1247 nec
1720 1221 1792 1254 ne,
1823 1207 2100 1260 tempora-lium
2134 1206 2238 1246 malli
2275 1209 2471 1260 coym'cum

1515 1270 1607 1309 bene
1636 1270 1763 1323 fuerit
1792 1269 1880 1309 licet
1906 1269 2119 1309 verisimile
2140 1273 2230 1308 tunc
2256 1271 2467 1321 temporis,

1514 1343 1601 1370 cum
1633 1335 1766 1370 uotum
1790 1335 1848 1370 est
1867 1364 1873 1379 ,
1904 1331 2083 1370 creditur
2106 1336 2224 1371 certe.
2248 1333 2348 1382 Ejus
2377 1333 2470 1372 Ser-

1515 1404 1650 1432 mones
1676 1392 1851 1443 plurimi
1877 1397 2040 1432 exstant
2069 1404 2161 1432 cum
2192 1393 2348 1432 duobus
2373 1393 2469 1432 scri-

1516 1456 1593 1505 ptis
1635 1455 1751 1493 modo
1779 1455 2008 1494 memoratis
2039 1455 2076 1492 in
2107 1453 2250 1495 Codice
2275 1454 2470 1494 membra·

1517 1528 1636 1555 naceo
1681 1528 1879 1556 annorum
1920 1517 2264 1567 septingentorum
2299 1516 2468 1567 Capituli

1515 1579 1782 1629 Frisingonsis
1802 1607 1809 1625 ,
1832 1583 2006 1616 testante
2025 1606 2034 1626 ,
2061 1578 2125 1616 cui
2147 1578 2244 1617 haec
2263 1577 2468 1625 debemus,

1516 1642 1614 1679 Rev.
1660 1643 1774 1679 Bern.
1822 1641 1935 1679 Pezio
1978 1640 2143 1678 Dissert.
2189 1640 2387 1690 isagogica
2418 1638 2467 1677 ad

1515 1708 1669 1740 tomum
1703 1703 1731 1740 1.
1775 1701 1968 1740 Thesauri
2012 1699 2307 1739 Anecdotorum
2338 1700 2469 1738 novis-

1517 1765 1605 1802 simi
1642 1775 1727 1814 pag.
1760 1763 1823 1801 27.
1976 1797 1983 1804 .

1572 1825 1780 1863 Sermones
1811 1826 1849 1861 et
1879 1821 2075 1873 Epistolae
2100 1823 2204 1862 illius
2228 1823 2266 1860 in
2287 1821 2468 1862 Italicum

1516 1897 1743 1924 sermonem
1788 1885 2005 1923 translatae
2037 1885 2073 1922 in
2103 1885 2238 1923 Museo
2276 1884 2470 1935 Scipionis

1515 1948 1637 1986 Maffei
1663 1948 1838 1985 Veronae
1859 1945 2136 1985 adservantur.
2159 1947 2275 1985 Bern.
2295 1945 2345 1985 de
2364 1947 2471 1986 Mon-

1519 2008 1678 2047 tfaucon
1710 2008 1805 2046 Bibl.
1838 2007 1936 2046 Bibl.
1966 2007 2073 2047 MSS.
2106 2019 2142 2058 p.
2171 2007 2264 2047 1494.

1570 2070 1627 2108 De
1656 2080 1820 2121 corpore
1841 2071 1879 2107 et
1894 2068 2085 2118 sanquine
2105 2068 2284 2116 Domini,
2312 2068 2470 2118 eodem,

1515 2142 1592 2181 quo
1623 2130 1887 2178 Paschasius,
1911 2131 2081 2181 spiritu,
2106 2122 2249 2170 librum
2275 2131 2471 2182 insignem

1516 2193 1665 2233 secund
1678 2204 1725 2232 us
1769 2193 1919 2241 edidit,
1951 2194 1988 2231 in
2019 2205 2098 2244 quo
2126 2194 2370 2244 corporalem
2399 2195 2475 2233 Do-

1517 2257 1611 2294 mini
1644 2256 1911 2306 praesentiam
1944 2255 1982 2292 in
2014 2255 2271 2294 Sacramento
2299 2255 2471 2303 Asteris,

1518 2328 1735 2366 veramque
1762 2316 1980 2367 Sanguinis
1999 2317 2265 2356 substantiam
2285 2347 2296 2366 ,
2310 2321 2472 2357 centum

1517 2383 1556 2416 et
1587 2379 1760 2429 amplius
1791 2379 1934 2426 annis,
1966 2382 2182 2428 antequam
2213 2379 2312 2418 tanti
2338 2379 2476 2419 Sacra-

1518 2441 1640 2478 menti
1690 2441 1839 2478 veritas
1885 2450 1906 2478 a
1951 2441 2188 2490 Berengario
2235 2441 2272 2478 in
2309 2439 2474 2480 dubium

1518 2507 1729 2540 vocaretur
1751 2533 1761 2550 ‚
1793 2502 2031 2540 certissimis
2059 2503 2306 2552 argumentis
2333 2501 2475 2541 adesse

1517 2564 1826 2604 demonstravit.
1857 2563 1960 2601 llaec
1991 2563 2234 2602 possevinus
2264 2567 2291 2601 t.
2327 2562 2362 2602 lt
2397 2563 2477 2614 Ap-

1520 2630 1682 2676 paratus
1713 2637 1749 2675 p.
1783 2625 1873 2664 3⁴4.
1907 2625 2052 2663 Verum
2085 2623 2147 2663 ille
2176 2623 2333 2664 libellus
2368 2635 2389 2664 a
2417 2623 2477 2664 Si-

1519 2688 1680 2738 geherto
1709 2698 1868 2736 quoque
1901 2689 2145 2723 memoratus
2166 2683 2247 2735 jam
2272 2695 2392 2736 supra
2422 2685 2477 2724 lo-

1518 2760 1608 2787 cum
1642 2748 1781 2786 habuit
1812 2747 1914 2784 inter
1943 2746 2145 2796 Epistulas
2175 2757 2341 2786 numero
2371 2747 2431 2786 Vl.
2498 2746 2502 2749 ’

1577 2807 1749 2847 Humilia
1779 2818 1860 2845 una
1889 2807 1929 2844 in
1960 2807 2092 2847 Coena
2120 2807 2279 2847 Domini
2304 2811 2342 2847 et
2372 2809 2477 2848 Vitae

1515 2869 1788 2921 plurimorum
1820 2869 2059 2908 Sanctorum
2087 2869 2194 2908 MSS.
2214 2871 2254 2907 in
2280 2869 2378 2908 Bibl.
2408 2871 2477 2920 Lo-

1521 2931 1659 2969 biensi.
1694 2931 1775 2969 Val.
1809 2929 1992 2969 Andreas
2022 2930 2050 2968 l.
2081 2942 2118 2981 p.
2147 2930 2237 2970 303.
2269 2932 2359 2970 304.

1575 2993 1672 3032 Vide
1702 2992 1750 3031 de
1776 2992 1839 3030 illo
1861 2992 2110 3042 Sigebertum
2139 2994 2165 3032 i.
2187 3004 2221 3032 c.
2241 3004 2333 3032 cum
2363 2993 2477 3032 scho-

1522 3055 1584 3093 liis
1613 3056 1771 3102 Miraoi,
1802 3054 2010 3103 Caveum,
2041 3054 2277 3095 Dacherium
2319 3056 2356 3094 in
2400 3056 2478 3094 Mo—

1523 3118 1603 3155 nito
1634 3116 1836 3167 praefixo,
1870 3117 1962 3154 item
1995 3116 2039 3155 in¹
2063 3116 2240 3155 Elencho
2263 3117 2477 3156 Contento-

1522 3189 1608 3216 rum
1639 3182 1733 3216 tom.
1765 3179 1799 3216 11
1830 3177 1926 3216 edit.
1958 3188 2112 3226 novae,
2142 3177 2342 3229 AEgidium
2382 3181 2478 3217 tom.
2531 3189 2533 3193 ⁴

1522 3240 1531 3277 l
1571 3240 1816 3289 Scriptorum
1850 3238 2124 3278 Leodiensium
2156 3250 2192 3289 p.
2224 3238 2311 3278 477.
2338 3239 2480 3289 Ughcl-

1521 3302 1540 3338 li
1575 3301 1723 3339 ltaliam
1755 3310 1907 3338 sacram
1940 3304 2032 3338 tom.
2066 3301 2095 3339 V
2126 3312 2161 3350 p.
2194 3293 2285 3339 73t.
2333 3302 2478 3341 Bulae-
2531 3319 2533 3324 ,
