2517 4009
709 237 775 275 DE
807 239 844 276 S.
876 239 1202 280 sclupTURAE
1233 243 1418 284 EXPOS.

71 302 242 341 oriturae
272 306 390 348 sunt,
423 302 590 355 reddat,
622 307 894 360 victoremque
932 320 1024 348 con-

70 364 221 402 stituat.

414 443 579 483 CAPUT
609 447 676 485 ΙΧ.

181 521 236 560 De
265 519 397 561 Libris
425 523 464 562 S.
500 525 688 576 Prospere·
712 527 916 578 Aquitam.

119 607 389 648 Pulcherrimo
426 615 532 661 operi
576 614 817 654 PROSPERI
858 616 905 656 de
933 629 1029 669 pro-

66 668 202 709 missis
223 673 261 708 et
274 671 497 721 praedictis
523 675 619 713 DEI
634 687 792 726 operam
817 679 1026 729 impendo,

66 729 172 780 quod
203 732 333 782 ipsum
362 735 522 773 noveris
547 737 724 788 regulam
756 740 935 778 omnium
964 742 1029 780 Di-

67 791 251 832 vinarum
272 792 567 845 Scripturarum
582 827 590 845 ,
608 798 700 848 quid
723 801 760 837 in
785 800 848 839 his
868 806 1026 841 tantum

0 862 6 872 ·
63 851 253 893 historice
291 855 471 906 factum,
501 859 594 908 quid
639 859 828 900 historice
864 863 1026 913 quidem

18 922 20 933 ’
65 913 242 965 factum,
272 916 343 956 sed
373 919 574 968 quomodo
607 922 834 973 moraliter,
867 925 928 963 vel
965 924 1030 975 ju-

63 979 132 1014 xta
161 975 378 1030 Anagogen
420 981 472 1018 sit
511 981 688 1032 factum,
719 984 813 1035 quid
850 989 1028 1026 tantum-

64 1037 181 1077 modo
212 1039 422 1090 futurum,
451 1047 492 1081 et
521 1044 615 1093 quid
647 1045 684 1082 in
717 1045 790 1085 hoc
819 1051 1024 1099 tempore,

63 1099 157 1149 quid
185 1101 261 1140 sub
285 1102 562 1154 Antichristo,
584 1106 647 1145 vel
674 1112 763 1158 post
787 1107 876 1160 ejus
900 1110 1029 1160 perdi-

63 1163 240 1209 tionem,
271 1165 366 1214 quid
411 1167 450 1204 in
496 1166 630 1206 futuro
660 1170 820 1208 saeculo
851 1172 1028 1221 reprobis

62 1228 104 1261 et
141 1224 282 1264 electis
315 1228 585 1266 communiter
621 1230 892 1279 praedictum,
929 1232 1026 1282 quid

62 1285 160 1323 solis
190 1286 330 1325 electis
360 1288 586 1338 specialiter
616 1292 667 1327 sit
698 1293 952 1341 promissum.
985 1295 1027 1332 ln

63 1357 142 1397 quo
175 1346 381 1386 volumine
411 1349 537 1388 multa
571 1361 664 1389 vera
688 1353 808 1391 etiam
840 1366 889 1392 ex
920 1355 1030 1393 libris

64 1407 330 1447 Ethnicorum
361 1408 411 1448 de
439 1414 785 1451 consummatione
811 1416 958 1456 saeculi
989 1421 1030 1455 et

64 1470 410 1509 commutabilium
435 1473 701 1511 translatione
729 1476 880 1515 utiliter
905 1478 1030 1515 inser-

63 1535 102 1570 ta
133 1531 321 1582 reperies,
353 1533 452 1572 Item
486 1534 597 1573 libris
627 1535 785 1585 eJudem
817 1536 864 1576 cle
889 1539 1028 1588 qratia

27 1605 32 1607 -
65 1594 103 1630 et
119 1589 243 1631 libero
262 1590 436 1632 arbitrio
456 1596 690 1635 acutissime
714 1598 901 1647 intende,
924 1611 1026 1649 quos

60 1653 124 1692 ille
152 1665 202 1692 ex
234 1655 457 1694 innumeris
487 1656 621 1695 Sancti
652 1658 954 1709 AUGUSTINI,
985 1667 1026 1700 et

41 1715 226 1754 'aliorum
257 1717 418 1756 Patrum
444 1717 555 1757 libris
579 1721 693 1769 quasi
720 1722 757 1758 in
784 1721 1024 1762 brevissima

61 1777 195 1816 tabula
216 1777 389 1828 quadam
409 1808 418 1825 ,
450 1780 513 1818 vel
551 1782 682 1830 potius
703 1793 839 1820 veram
859 1783 1024 1822 Cosmo-

5 1888 10 1891 Α
59 1839 263 1890 graphiam
307 1840 517 1891 depinxit:
547 1844 639 1892 quia
678 1843 866 1882 videlicet
905 1845 1024 1884 homo

62 1912 142 1940 non
168 1903 284 1951 juxta
306 1902 566 1954 Philosophos
597 1905 726 1943 minor
755 1910 818 1944 est
848 1907 1023 1956 mundo,

58 1962 129 2001 sed
160 1962 311 2013 majam
335 1975 428 2004 cum
459 1976 537 2004 non
571 1965 688 2005 homo
718 1972 880 2018 propter
909 1981 1023 2007 mun—

57 2024 181 2074 dum,
218 2025 290 2064 sed
320 2025 498 2065 mundus
538 2032 700 2079 propter
738 2028 939 2068 hominem
972 2031 1023 2069 sit

60 2087 202 2126 factus.

418 2168 583 2208 CAPUT
613 2169 666 2208 X.

0 2285 1 2293 ἵ
58 2245 115 2285 De
136 2244 200 2296 iis,
223 2246 293 2298 qui
314 2246 420 2286 vitas
444 2251 483 2286 et
500 2247 709 2299 passiones
732 2247 1021 2300 Apostolorum,

206 2319 254 2346 ac
285 2309 514 2359 Martyrum
543 2308 879 2360 conscripserzmt.

110 2398 319 2435 Praeterea
342 2395 465 2434 debes
484 2407 632 2446 agones
652 2401 692 2436 et
714 2398 903 2437 victorias
924 2399 1022 2438 San-

0 2442 2 2478 ,
57 2462 214 2498 ctoruin
241 2458 460 2507 Martyrum
486 2456 791 2507 diligentissime
818 2461 1023 2509 perquire.—

58 2531 129 2569 re;
161 2524 205 2559 ut
233 2530 372 2557 eorum
411 2518 594 2569 exemplo
630 2530 706 2556 non
744 2523 901 2558 tantum
941 2521 1024 2558 ille-

58 2581 200 2620 cebras
243 2579 383 2620 mundi
428 2591 643 2630 respuere,
675 2579 743 2618 sed
776 2584 816 2618 et
845 2581 1020 2619 animam

60 2655 131 2695 pro
160 2643 326 2683 CHristo
349 2653 524 2693 ponere,
550 2646 590 2679 et
614 2642 816 2680 eruciatus
846 2643 1021 2692 corporis

62 2716 133 2757 pro
163 2705 284 2744 nihilo
313 2704 488 2753 ducere,
519 2704 602 2742 DEI
633 2704 784 2753 gratia,
816 2707 856 2740 et
886 2704 1019 2741 Sancti

59 2767 234 2818 Spiritus
250 2766 535 2806 inhabitatione
552 2775 814 2813 consuescas,
830 2776 928 2814 prim
937 2777 1021 2802 um-

59 2839 139 2879 que
178 2829 483 2880 praecipuorum
522 2827 802 2878 Apostolorum
843 2827 944 2864 Petri
983 2831 1023 2864 et

61 2890 198 2940 Pauli,
220 2890 405 2930 Andreae
429 2894 469 2928 et-
493 2890 626 2928 Jacobi
653 2889 784 2927 fratris
804 2919 811 2935 ‚
832 2889 1022 2936 loannis,

115 3042 149 3081 a)
185 3040 307 3074 confer
321 3064 330 3080 ,
347 3042 374 3072 si
388 3040 516 3080 placet,
532 3038 686 3070 codicem
704 3037 937 3077 Apocryplium
953 3037 1032 3067 Novi

56 3093 274 3126 Testamenti.

116 3141 154 3181 b)
172 3145 256 3173 tom.
272 3142 326 3172 1X.
344 3139 428 3172 Bibl.
445 3141 558 3170 Graec.
584 3146 646 3177 pag
677 3135 728 3167 61.

120 3191 154 3230 e)
173 3190 253 3223 Vide
277 3194 358 3223 Acta
376 3187 705 3221 Sanctoru1115.Jul.
731 3189 764 3218 et
789 3193 890 3224 quam
917 3193 1033 3225 parum

57 3241 359 3281 inisstribuendum
373 3242 417 3272 sit
433 3241 507 3272 fidei
522 3263 529 3270 .
548 3238 735 3268 Tilleinout.
755 3239 778 3265 t.
799 3235 828 3266 1.
845 3236 1035 3268 memoriar.

117 3291 153 3331 d)
169 3291 333 3331 sigebert.
355 3299 428 3331 cap.
455 3289 487 3322 1.
509 3290 548 3320 de
566 3290 583 3317 S
603 3291 639 3318 E.

117 3341 149 3380 e)
167 3342 341 3380 Eutyche.

1102 313 1171 352 scd
1202 319 1243 353 et
1271 317 1400 355 Jacobi
1427 318 1559 357 fratris
1584 320 1751 359 Domini.
1780 322 1966 364 Historiis
1993 337 2061 365 ve-

1103 387 1144 413 ro
1161 406 1171 422 ,
1201 388 1303 426 quae
1333 384 1428 417 sunt
1457 379 1504 418 (le
1533 380 1694 421 Andrea
1721 386 1758 422 et
1783 385 1960 436 anne,
1986 388 2056 427 sed

1101 442 1141 475 et
1157 436 1418 480 Passionibus
1433 439 1682 493 reliquorum
1697 443 1993 498 Apostolorum,
2025 452 2066 498 a)

1101 501 1378 540 auctoritatem
1402 503 1565 553 derogat
1586 505 1778 545 Ecclesia.
1799 508 1979 554 Quarum
2005 517 2063 551 ta-

1108 572 1198 599 men
1222 563 1454 611 passionum
1477 565 1772 607 Bar-tholomaei
1792 570 1826 618 b)
1853 574 2065 612 verisimil-

1105 623 1238 662 limam
1259 654 1268 672 ,
1299 636 1371 664 seu
1402 631 1511 665 certe
1551 631 1851 670 veracissimam
1891 637 2064 674 noveris.

1107 682 1280 723 Historia
1304 697 1399 724 vero
1424 687 1470 725 cle
1493 689 1610 727 Petro
1635 694 1670 728 et
1691 691 1838 737 Paulo,
1865 700 1905 733 et
1926 707 2064 736 eorum

1106 740 1312 793 discipulis
1341 747 1374 791 c)
1409 747 1595 786 Processo
1632 752 1669 786 et
1703 751 1946 792 Martiniano
1981 767 2067 794 car-

1104 806 1291 854 cerariis,
1318 806 1526 846 Nicomede
1557 811 1790 860 presbytero
1817 814 1852 861 d)
1880 816 2005 855 Nereo
2029 825 2067 857 et

1103 864 1303 916 Achilleo,
1337 870 1525 914 Marone,
1558 872 1774 922 Vectorimo,
1806 876 1980 917 Eutieete
2004 880 2064 927 θ’),

1105 927 1322 977 Μανσείῐο,
1356 931 1577 969 Petronella
1610 934 1635 981 f)
1654 965 1662 980 ,
1704 934 1906 985 Folia-ula,
1938 940 2068 978 Domi-

1105 988 1233 1039 tillla,
1266 992 1445 1030 Potentia
1485 999 1525 1031 et
1564 994 1854 1048 Euphrosyne,
1887 1012 1955 1050 pro
1985 1013 2068 1039 om-

1106 1052 1214 1089 nium
1261 1053 1535 1093 aedificatione
1580 1056 1735 1106 legitur.
1767 1060 1843 1097 Sed
1888 1067 1929 1099 et
1972 1063 2068 1101 liber

1107 1112 1294 1152 HERMAE
1312 1144 1322 1162 ,
1362 1116 1434 1166 qui
1475 1118 1620 1156 Pastor
1662 1119 1905 1160 inseivbitur.
1955 1125 2067 1162 Liber

1106 1178 1240 1212 autern
1270 1176 1346 1214 sub
1378 1179 1540 1217 nomine
1570 1181 1891 1232 CLEMENTlS,
1918 1189 2070 1235 respui-

1106 1238 1183 1274 tur.
1208 1237 1299 1274 Post
1316 1238 1528 1288 Apostolos
1550 1245 1732 1291 sequitur
1747 1246 1884 1295 passio
1905 1245 1950 1285 (le
1968 1249 2069 1286 San-

1103 1299 1163 1334 cto
1193 1296 1388 1337 Clemente
1417 1302 1465 1349 g).
1498 1303 1646 1341 Dehinc
1685 1307 1874 1344 mirabilis
1905 1308 2002 1346 liber
2028 1309 2067 1358 h)

1104 1357 1151 1396 cle
1173 1359 1318 1397 Sancto
1346 1360 1609 1412 Aleoeanclm,
1638 1365 1795 1404 Eventio
1826 1371 1863 1405 et
1896 1369 2066 1409 Theoda-

1105 1417 1165 1467 lo,
1197 1421 1406 1470 Hermae,
1438 1424 1631 1474 Quirino,
1663 1432 1704 1464 et
1732 1431 1913 1467 caeteris

1451 1502 1616 1543 CAPUT
1650 1507 1715 1544 Xl.

1185 1586 1239 1623 De
1269 1585 1597 1641 Chronoyraphis
1626 1593 1917 1637 Ecclesiasticis
1956 1603 1993 1637 et

1418 1650 1751 1696 Bz'bliotlzecariis.

1153 1727 1227 1765 Est
1248 1733 1287 1766 et
1309 1727 1470 1768 historia
1489 1761 1499 1778 ,
1520 1743 1622 1781 quae
1647 1733 1794 1775 dicitur
1818 1738 2073 1779 Ecclesiasti-

1098 1799 1144 1826 ca
1175 1787 1337 1828 Eusebia·
1362 1791 1543 1842 Episcopi
1570 1795 1868 1847 Caesariensis,
1903 1801 2073 1841 HIERO-

1098 1850 1223 1888 NYMI
1268 1854 1392 1889 nostri
1437 1855 1459 1891 a
1501 1856 1717 1896 Nativitate
1759 1860 1946 1909 Domini,
1995 1875 2070 1902 non

1099 1911 1228 1950 solum
1250 1914 1501 1953 omnimodas
1519 1927 1588 1966 per
1603 1919 1737 1958 orbem
1762 1925 1958 1961 terrarum
1975 1925 2074 1963 San-

1098 1976 1254 2012 ctorum
1286 1977 1495 2026 passiones
1537 1980 1774 2031 continens,
1805 1984 1874 2022 sed
1916 1990 1956 2023 et
1998 1987 2073 2025 alia

1098 2046 1364 2087 quaecunque
1403 2042 1592 2080 memoria
1640 2042 1756 2093 digna
1803 2046 2067 2095 videbantur,

1099 2108 1227 2147 usque
1248 2099 1295 2137 ad
1317 2101 1445 2150 ipsum
1466 2102 1802 2144 HIERONYMUM
1819 2136 1827 2154 ‚
1845 2110 1911 2159 qui
1931 2138 1939 2156 ,
1961 2109 2067 2159 quod

1098 2158 1194 2196 mihi
1239 2161 1474 2210 injunxisti,
1505 2163 1554 2200 de
1585 2166 1748 2214 paucis,
1779 2168 1864 2218 ipse
1908 2172 2068 2221 scripsit

1097 2217 1245 2258 librum
1276 2219 1323 2259 de
1372 2221 1597 2264 illustribus
1627 2225 1727 2266 viris
1756 2231 1935 2268 omnium
1965 2232 1987 2269 a
2025 2243 2068 2270 se

1098 2282 1184 2332 ipso
1216 2293 1344 2332 usque
1373 2283 1421 2321 ad
1454 2285 1649 2325 Sanctum
1683 2290 1866 2335 Petrum,
1896 2302 2069 2331 comme-

1098 2354 1258 2381 morans
1287 2344 1383 2394 quid
1413 2346 1556 2395 singuli
1584 2350 1777 2398 scriptum
1804 2351 2063 2401 reliquerunt.

1098 2406 1191 2442 Post
1216 2417 1335 2456 quem
1360 2407 1651 2448 GENNADIUS
1682 2410 1887 2450 Toletanus
1911 2413 2070 2464 Episco-

1092 2476 1171 2515 pus
1204 2467 1227 2514 i)
1253 2467 1373 2506 alium
1403 2480 1481 2507 non
1509 2469 1742 2510 dissimilem
1773 2484 1899 2523 usque
1928 2474 1974 2512 ad
2006 2485 2067 2513 se-

1098 2529 1313 2578 metipsum
1346 2533 1582 2580 composuit.
1608 2533 1681 2570 Est
1710 2539 1749 2571 et
1779 2535 1851 2572 alia
1883 2534 2063 2581 historia,

1097 2599 1198 2637 quae
1234 2589 1456 2640 Triparlzta
1482 2599 1735 2643 nuncupatur
1761 2606 1827 2644 pro
1857 2607 1902 2633 eo
1924 2626 1932 2641 ‚
1961 2598 2064 2646 quod

1095 2649 1448 2690 CASSIODORUS
1494 2654 1729 2693 SENATOR
1773 2656 1972 2696 Romanus
2016 2659 2064 2696 de

1096 2711 1223 2750 tribus
1253 2714 1540 2763 scriptoribus,
1571 2717 1735 2755 Socrate
1759 2718 1946 2757 videlicet
1963 2751 1971 2767 ,
1996 2722 2065 2759 So-

1097 2783 1274 2822 zmneno,
1297 2779 1336 2812 et
1371 2773 1622 2824 Tlieoclorito,
1648 2790 1748 2827 quae
1775 2781 1983 2830 praecipua
2006 2784 2063 2818 vi-

1096 2833 1320 2883 debantur,
1369 2838 1405 2874 iu
1456 2850 1580 2877 unum
1628 2840 1813 2878 volumen
1855 2846 2062 2892 compegit.

1102 2894 1336 2936 Passionem
1366 2900 1503 2938 Sancti
1522 2900 1729 2939 Laurentii
1749 2902 1782 2948 k)
1813 2904 1844 2940 si
1871 2905 2062 2954 integram

1157 3047 1183 3083 s)
1198 3049 1277 3077 Actu
1297 3049 1447 3078 sanctor.
1467 3051 1549 3077 tom.
1565 3048 1596 3078 7.
1617 3049 1693 3087 Maji
1713 3048 1764 3078 51.

1157 3097 1191 3134 g)
1210 3095 1396 3126 Coti-terius
1422 3101 1503 3127 tom.
1534 3096 1544 3125 1
1567 3099 1700 3127 Patruui
1721 3098 1867 3136 Apostol.
1891 3100 2004 3130 surius
2027 3100 2067 3130 ml

1096 3145 1148 3176 ⁶23.
1165 3145 1347 3175 Novi-mbr.

1157 3193 1191 3232 li)
1210 3197 1292 3225 Acta
1313 3197 1464 3224 sanctor.
1487 3198 1570 3225 tom.
1596 3193 1608 3223 1
1636 3197 1706 3234 Mijl
1730 3195 1760 3226 5.

1165 3242 1190 3280 i)
1215 3245 1318 3281 Supra
1342 3252 1414 3282 rap.
1439 3244 1470 3273 7.

1164 3293 1204 3329 l‘.)
1227 3294 1340 3322 sui-iu<
1366 3297 1394 3321 et
1424 3297 1500 3323 ,icta
1525 3297 1673 3323 Satn-tor.
1708 3294 1742 3321 w
1778 3299 1914 3334 ,tinguet
