2517 4009
820 216 1315 258 TRUTVETTER

117 295 286 335 Jodocus
309 293 660 341 TRUTVETTER,
695 304 716 333 a
742 295 863 345 patria
901 294 1018 344 vulgo

64 357 309 398 Isenacensz's
328 357 472 404 dictus,
505 356 738 405 Theologiae
778 358 1018 396 Licentiatus

66 425 106 459 et
131 421 349 459 liberalium
389 420 535 458 artium
563 418 766 457 Professor
795 419 962 467 Erfurti,
984 432 1018 459 a.

70 483 184 522 4504.
204 482 422 522 Lutherum
446 481 534 519 albo
550 481 786 520 Academiae
808 483 1019 533 inscripsit,

66 550 249 584 mortuus
273 556 306 583 a.
345 544 465 584 4519.
490 544 550 582 Λ1)
575 544 647 581 hoc
680 545 850 595 primum
885 544 1022 582 didicit

68 607 286 656 Lutherus,
312 607 406 646 solis
444 607 654 646 Canonicis
683 607 793 645 libris
822 606 954 645 deberi
981 606 1023 644 fi-

65 669 169 709 dem:
194 671 381 721 quamvis
406 670 443 707 in
481 670 643 720 reliquis
682 681 701 708 a
741 669 911 708 Luthero
946 667 1024 706 dis-

66 734 250 771 senserit.
276 732 375 782 Ejus
396 736 484 770 nota
514 732 604 770 mihi
629 735 724 770 sunt
750 731 864 769 haec:

119 797 287 836 Summa
310 795 427 834 totius
454 794 628 846 Loytcae,
649 795 727 833 Erf.
754 793 869 841 4504,
895 791 929 831 [ι.

120 857 298 910 Epitome
319 857 494 909 Loqicae,
516 857 605 896 ibid.
635 857 750 903 4507,
775 857 811 896 [ι.

117 920 368 960 Breeiarium
391 919 661 968 Dialecticum,
688 920 778 958 ibid.
799 917 915 967 4500,
938 918 972 956 4.

122 985 228 1037 Opus
262 985 395 1036 majus
429 984 475 1023 de
511 984 662 1034 ίοῃίσα,
686 982 790 1034 quod
821 983 904 1022 Nic.
927 982 1024 1020 Mar-

66 1047 252 1086 schalcus
279 1048 453 1087 Thurius
474 1049 762 1098 epigrammate
789 1046 958 1085 ornavit.

119 1110 305 1161 Syslcma
333 1109 567 1162 Massicum,
603 1121 704 1161 quae
728 1110 805 1149 duo
832 1112 1025 1148 memorat

66 1173 219 1211 Paulini
241 1174 277 1211 in
305 1173 448 1212 Annal.
469 1173 791 1222 Isenacensibus,
814 1185 832 1211 a
862 1185 922 1211 me
947 1183 1022 1210 non

66 1236 165 1274 visa.
191 1235 335 1274 Confer
350 1235 514 1274 Fabricii
535 1235 787 1275 Centifoliurn
805 1235 966 1274 Lutheri
989 1247 1024 1285 p.

67 1298 130 1342 49,
155 1297 207 1337 20
231 1298 292 1336 ubi
317 1297 390 1336 hoc
414 1309 558 1336 nornen
586 1298 898 1347 restituendum,
921 1297 1024 1349 quod

66 1372 207 1412 operae
229 1361 326 1399 satis
350 1365 539 1410 corrupte
564 1354 867 1410 expresserunt.

119 1422 366 1462 Franciscus
388 1422 434 1461 de
454 1423 713 1471 TUDERTO,
741 1435 836 1461 vero
866 1423 1029 1462 nomine

68 1485 312 1526 Franciscu‘s
350 1484 396 1524 de
436 1485 574 1538 Aptis,
616 1487 743 1536 patria
784 1485 1030 1525 Tudertinus

67 1549 171 1588 circa
193 1560 341 1588 annum
375 1549 479 1588 4340
501 1549 574 1588 fuit
604 1550 825 1600 Episcopus
855 1548 1031 1588 Corfien-

66 1613 142 1660 sis,
163 1623 197 1651 a.
235 1610 339 1651 4348
362 1610 411 1650 ad
437 1611 662 1650 Ecclesiam
688 1612 894 1651 Clusinam
922 1615 1030 1649 tran-

67 1675 216 1724 slatus,
240 1686 275 1714 a.
312 1673 414 1713 1353
447 1674 494 1713 ad
521 1675 823 1722 Cassinensem,
859 1686 892 1712 a.
926 1671 1030 1713 4356

69 1736 118 1777 ad
141 1738 412 1777 Florentinam
434 1767 442 1785 ,
466 1737 628 1776 tandem
651 1738 693 1775 R.
718 1737 763 1775 E.
789 1736 1029 1782 Cardinalis‚

71 1799 279 1840 Avenione
304 1802 472 1839 moritur
507 1804 618 1850 peste
643 1811 677 1838 a.
711 1798 826 1838 4364.
864 1799 1030 1848 Scripsit

68 1867 283 1903 tractatum
308 1861 355 1902 de
374 1866 524 1915 quarta
539 1861 731 1900 canonica
745 1861 906 1912 piorum
928 1860 1032 1912 ἱερα-

72 1929 204 1965 torum
226 1923 356 1964 debita
374 1924 582 1976 Episcopo,
601 1925 667 1975 qui
689 1924 765 1964 MS.
786 1929 848 1963 est
870 1926 906 1963 in
933 1924 1030 1963 Bibl.

69 1989 309 2028 Colbertina.
325 1988 486 2038 Reliqua
505 1987 592 2037 ejus
611 1992 845 2038 gesta,quae
863 1987 1029 2026 huonon

70 2052 461 2102 pertinent,enarrat
494 2050 677 2089 Oudinus
711 2055 726 2088 t
771 2063 807 2100 p.
851 2051 916 2088 lii.
940 2050 1032 2090 961.

73 2113 228 2164 Ughelli
255 2113 364 2152 ltalia
391 2125 502 2152 sacra
529 2118 555 2152 t.
582 2112 808 2152 1.576.111.
833 2113 921 2162 119,
940 2111 1029 2152 641.

123 2175 416 2223 TUNDALUS‚
439 2176 536 2215 alias
562 2174 787 2227 Tunyalus,
814 2176 1029 2225 ilibernus‚

69 2239 195 2289 patria
234 2238 518 2286 (IasseliensiS,
560 2239 644 2288 vel,
681 2244 724 2277 ut
763 2239 825 2277 alii
871 2238 1030 2288 volunt,

69 2301 353 2350 Corcagensis,
390 2312 423 2339 a.
464 2300 566 2339 1159
604 2302 640 2338 in
675 2301 850 2340 ecstasin
895 2306 1033 2351 raptus

69 2362 350 2415 Apparitioncs
393 2364 512 2401 miras
547 2365 757 2410 recitavit,
803 2365 864 2402 vel
914 2367 1032 2403 etiam

69 2425 300 2476 descripsit,
325 2438 426 2477 quae
449 2424 650 2465 habentur
684 2427 719 2464 in
746 2428 909 2466 Joannis
944 2427 1035 2465 Tin-

72 2489 323 2528 mouthensis
361 2488 598 2538 Sanctilogio
624 2489 701 2527 MS.
741 2489 937 2527 Vincentii
963 2490 1036 2526 Be-

70 2550 270 2590 luacensis
295 2552 465 2602 Speculo
497 2551 698 2590 llistoriali
723 2553 885 2592 XXVII.
911 2551 961 2590 88
997 2554 1034 2591 in

70 2614 311 2655 Bibliotheca
329 2615 515 2654 Vaticana
534 2619 574 2653 et
590 2615 825 2653 Oxoniensi.
840 2615 1035 2655 Waraeus

73 2675 121 2715 de
139 2677 282 2728 Script.
305 2677 462 2716 llibcrn.
481 2689 517 2729 p.
535 2676 597 2722 55,
620 2678 682 2715 56.
700 2679 801 2715 Bern
838 2676 886 2716 de
913 2679 1036 2716 Mont-

73 2739 214 2778 faucon
240 2740 335 2779 Bibl.
362 2740 458 2779 Bibl.
490 2740 600 2778 Mss.
631 2751 667 2789 p.
692 2739 755 2779 79.
782 2741 1017 2779 Cartusiano

74 2814 162 2841 rum
199 2803 325 2842 ordini
365 2803 556 2843 adscribit
596 2804 862 2850 l’ossevinus,
903 2805 1036 2842 nescio

75 2876 153 2916 quo
183 2865 291 2918 jure,
319 2867 410 2906 hinc
448 2867 496 2905 de
533 2868 616 2918 ipso
651 2868 770 2905 etiam
797 2866 1037 2906 evolvantur

74 2928 223 2968 Theod.
261 2929 402 2980 Petreji
442 2930 541 2969 Bibl.
588 2930 823 2969 Cartusiana
868 2941 903 2980 p.
944 2930 1036 2969 296.

0 3031 1 3034 ,
75 2991 164 3031 Car.
202 2993 258 3032 Jo.
283 2993 432 3032 Merotii
474 2993 690 3031 Theatrum
718 2992 903 3032 Chronol.
943 2992 1038 3032 Ord.

76 3055 345 3096 Cartusiensis
366 3068 402 3106 p.
425 3055 491 3094 70.

131 3119 348 3158 TULLIUS
369 3118 513 3163 Dacus,
538 3117 624 3156 aliis
646 3116 788 3164 Julius,
810 3116 901 3155 Ord.
927 3119 1040 3155 Prae-

76 3180 297 3220 dicatorum
311 3193 377 3220 sec
399 3181 670 3231 XIV.reliquit
690 3181 898 3218 Lecturam
920 3190 1041 3230 super

79 3242 166 3283 XII.
211 3243 434 3295 Prophetas
472 3243 644 3282 minores
664 3272 670 3290 ,
720 3242 951 3280 Tractatum
995 3241 1042 3280 <le

76 3306 263 3358 potentiis
277 3305 446 3346 animae.
463 3308 542 3345 ,lac.
563 3304 758 3353 Quotifdc
776 3304 1042 3356 Scriptoribus

15 3389 16 3392 =
77 3367 171 3408 Ord.
194 3369 510 3410 praedicatorum
535 3374 629 3408 tom.
652 3369 680 3408 1.
706 3379 742 3419 p.
763 3367 853 3407 729.

1146 290 1364 332 TURCIUS
1394 291 1554 331 RUFUS
1591 290 1775 330 Asterius
1809 291 1899 341 quis
1925 290 2062 338 fuerit,

1093 359 1250 395 constat
1285 367 1333 393 ex
1370 355 1624 393 adnotatione
1649 354 1696 392 ad
1721 354 1871 393 calcem
1900 353 2058 393 Codicis

1094 419 1358 469 antiquissimi
1382 417 1665 467 Georgicorum
1701 417 1870 467 Virgilii,
1897 418 1933 454 in
1962 416 2058 455 Bibl.

1095 482 1280 519 Vaticana
1303 482 1568 526 occurrentis,
1590 491 1692 530 quae
1719 481 1775 518 sic
1798 479 1935 518 habet:
1963 479 2063 516 Tur-

1097 544 1182 583 cius
1210 543 1344 594 Rufius
1378 542 1637 593 Apronianus
1662 542 1848 581 Asterius
1879 543 1918 580 V.
1944 540 2001 582 Cl.
2029 545 2068 580 et

1098 605 1280 644 inlustris
1304 618 1355 644 ex
1383 605 1520 645 Comit.
1550 605 1803 644 Domesticor.
1820 608 1983 655 protect.
2006 616 2061 643 eac

1102 669 1239 709 Comit.
1271 668 1424 720 privat.
1465 667 1599 718 lzryit.
1628 679 1682 706 esc
1711 666 1919 719 Praefecto
1948 665 2065 706 Urbis

1106 731 1322 779 Patricius,
1347 733 1383 768 et
1406 729 1562 769 Consul.
1585 729 1712 767 ordin.
1739 728 1816 780 leqi
1834 733 1872 768 et
1892 729 2066 769 (listinaci

1106 792 1288 833 Codicem
1314 792 1387 831 Fr.
1412 790 1614 830 Macharii
1641 793 1677 831 V.
1715 791 1772 831 Ct.
1812 803 1886 830 non
1925 792 2003 831 mei
2020 793 2067 843 fi-

1102 855 1233 898 dacia,
1257 855 1328 894 sect
1350 856 1455 907 ejus,
1472 856 1538 894 cui
1568 855 1622 893 ad
1650 855 1781 893 omnia
1798 866 1885 894 sum
1904 855 2065 896 devotus

1100 917 1287 957 arbitrio.
1307 919 1371 957 XI.
1390 917 1481 957 Kal.
1497 917 1627 957 Maias
1646 919 1800 957 Romae.
1819 919 1906 957 Fuit
1927 924 2061 957 autem

1101 982 1164 1020 ille
1190 981 1323 1020 Codex
1360 983 1534 1032 scriptus
1555 982 1657 1020 circa
1681 985 1860 1031 tempora
1886 981 2064 1019 Valentis

1102 1045 1162 1084 vel
1201 1044 1424 1084 Theodosii.
1449 1044 1545 1083 Vide
1581 1046 1694 1083 Bern.
1735 1043 1782 1082 de
1807 1043 2061 1083 Montfaueon

1100 1108 1197 1147 Bibl.
1237 1107 1567 1147 Bibliothecarum
1603 1107 1708 1146 MSS.
1749 1119 1786 1157 p.
1821 1106 1910 1146 318.
1951 1106 2058 1145 Idem

1099 1172 1284 1211 Carmina
1306 1170 1453 1210 Sedulii
1481 1170 1635 1221 collegit
1668 1173 1709 1208 et
1740 1169 1885 1211 edidit.
1918 1169 1966 1208 de
1988 1182 2066 1220 qua

1100 1245 1141 1273 re
1167 1235 1353 1273 Barthius
1385 1234 1556 1273 Advers.
1593 1234 1638 1272 11.
1665 1233 1701 1271 2.
1727 1232 1907 1271 Norisius
1931 1234 1967 1270 in
1994 1233 2066 1271 Ce-

1102 1297 1288 1348 notaphio
1310 1298 1449 1336 Pisano
1484 1296 1582 1334 (1155.
1616 1294 1652 1334 [ι.
1686 1306 1720 1334 c.
1756 1296 1780 1334 2
1807 1307 1842 1346 p.
1867 1294 1938 1335 [151
1968 1306 1998 1334 s.
2025 1300 2065 1334 et

1104 1359 1223 1398 editio
1244 1359 1391 1399 Sedulii
1418 1359 1637 1398 Cellariana
1661 1369 1696 1407 p.
1724 1358 1787 1396 10.

1160 1423 1267 1473 1333>
1300 1422 1520 1460 Florentiae
1546 1431 1652 1459 anno
1678 1417 1792 1458 wit.
1816 1420 1852 1457 in
1879 1419 1913 1457 [ι.
1944 1420 2068 1459 literis

1106 1484 1330 1524 uncialibus
1347 1489 1513 1523 curante
1542 1483 1590 1522 cl.
1622 1483 1661 1520 P.
1693 1483 1902 1520 Francisco
1931 1482 2066 1533 Foggi-

1105 1549 1166 1586 nio
1185 1547 1283 1587 Med.
1304 1548 1597 1586 Laurenitanus
1608 1544 1766 1596 Vergilii
1785 1544 1951 1584 Codexa
1968 1547 2066 1584 Tur-

1103 1612 1162 1649 cio
1185 1611 1344 1649 revisus
1366 1609 1670 1660 diligentissime
1694 1608 1730 1645 in
1754 1607 1884 1646 lucem
1907 1607 2067 1658 prodiit.

1104 1674 1251 1712 Romae
1281 1679 1416 1712 autem
1448 1683 1552 1710 anno
1587 1670 1702 1709 4763.
1740 1670 1957 1709 Vaticanus
1990 1671 2066 1708 iste

1105 1747 1195 1775 cum
1230 1736 1366 1774 Italica
1397 1735 1584 1773 versione
1606 1734 1645 1772 P.
1671 1732 1834 1772 Antonii
1866 1732 2068 1783 Ambrogi.

1159 1797 1445 1844 TURGOTUS,
1460 1796 1626 1847 AngluS,
1647 1796 1820 1846 primurn
1835 1795 2066 1842 Monachus,

1106 1866 1194 1912 post
1215 1862 1322 1899 Prior
1343 1859 1637 1906 Dunelinensis,
1660 1857 1821 1896 tandem
1847 1869 1910 1897 an.
1950 1857 2067 1897 1109.

1103 1924 1323 1974 Episcopus
1360 1923 1399 1961 S.
1436 1921 1619 1960 Andreae
1654 1921 1691 1958 in
1732 1921 1879 1968 Scotia‚
1902 1921 1997 1959 obiit
2031 1931 2066 1959 a.

1104 1985 1221 2025 1115.
1252 1985 1447 2024 Abbatem
1467 1983 1836 2022 wiremuthensem
1865 1983 1986 2022 fuisse
2009 1982 2065 2021 di-

1103 2053 1201 2088 cunt
1223 2049 1379 2087 Pitseus
1398 2051 1438 2085 et
1458 2046 1639 2092 Balaeus‚
1665 2057 1807 2084 verum
1829 2057 1849 2084 e
1875 2045 2062 2084 chronico

1107 2112 1278 2151 Forduni
1315 2115 1421 2149 tomo
1461 2111 1526 2149 111.
1553 2122 1589 2160 p.
1625 2108 1704 2148 500
1737 2113 1776 2147 et
1800 2110 1868 2148 551
1911 2108 2069 2147 ostendi

1107 2179 1256 2225 potest,
1293 2174 1422 2225 ipsum
1458 2184 1478 2210 e
1506 2174 1636 2211 Priore
1670 2171 1817 2210 facturn
1854 2182 1943 2210 esse
1984 2172 2076 2222 Epi-

1106 2248 1284 2286 scopum.
1322 2236 1452 2275 Vitam
1475 2234 1563 2285 ejus
1596 2233 1708 2273 dedit
1745 2235 1903 2273 Simeon
1929 2235 2077 2273 Dunel-

1110 2300 1260 2337 mensis
1287 2298 1334 2337 de
1360 2298 1494 2337 Gestis
1521 2309 1660 2349 regum
1684 2296 1903 2348 Anglorum
1935 2297 1982 2336 ad
2007 2309 2077 2335 an-

1111 2374 1206 2401 num
1247 2360 1363 2400 1074.
1392 2361 1559 2411 Scripsit
1584 2371 1768 2399 sermone
1798 2361 1924 2411 patrio
1951 2360 2075 2399 Vitam

1109 2423 1313 2465 Malcolmi
1328 2423 1457 2474 Bessis,
1483 2423 1606 2462 Vitam
1624 2422 1873 2474 ,illarqaritae
1889 2422 2074 2474 Refsinae,

1109 2493 1147 2526 et
1169 2487 1214 2527 cle
1249 2486 1418 2539 Ressibus
1458 2487 1693 2535 Scotorum
1719 2486 1855 2524 Latino
1879 2497 1972 2524 vero
1995 2485 2075 2523 An·

1108 2549 1218 2589 nates
1237 2550 1306 2589 sai
1329 2549 1536 2600 temporis:
1562 2561 1610 2587 ex
1637 2548 1782 2599 quibus
1808 2548 1956 2587 multas
1981 2548 2073 2586 laci-

1111 2614 1196 2652 nias
1220 2612 1393 2651 Joanncs
1421 2611 1630 2650 Fordunus
1657 2614 1693 2648 in
1720 2610 2071 2650 Semi-Chronicon

1110 2677 1259 2721 intulit,
1283 2686 1384 2726 quas
1411 2675 1445 2712 in
1471 2674 1598 2713 indice
1623 2673 1808 2712 editionis
1829 2672 2073 2712 Ilearnianae

1110 2739 1276 2790 quilibet
1311 2738 1499 2777 evolvere
1526 2741 1675 2787 potest,
1710 2748 1745 2787 p.
1770 2735 1873 2775 1578
1898 2740 2004 2775 tomo
2029 2735 2071 2774 V.

1112 2800 1331 2840 Historiam
1374 2799 1573 2839 Ecclesiae
1613 2799 1913 2848 Danelmensis,
1951 2807 2072 2849 quam

1112 2865 1229 2915 vulgo
1246 2865 1417 2903 Simeoni
1438 2864 1697 2902 Dunelmensi
1718 2863 1912 2906 tribuunt,
1929 2862 1977 2900 ab
2000 2861 2072 2900 boe

1112 2928 1322 2976 Simeone,
1367 2927 1539 2976 Turgoto
1585 2931 1719 2964 nostro
1763 2929 1989 2975 surreptam
2029 2929 2070 2962 et

1114 2991 1272 3028 nomine
1313 3000 1384 3027 suo
1430 2988 1688 3038 inscriptam,
1733 2987 1953 3026 rationibus
1993 2998 2070 3024 non

1112 3051 1418 3090 contemnendis
1440 3050 1602 3088 adducti
1627 3054 1834 3097 statuunt,
1862 3047 2071 3098 Usserius,

1114 3113 1310 3152 Seldenus
1346 3118 1384 3150 ct
1419 3113 1495 3151 alii.
1529 3112 1622 3150 Vide
1649 3112 1835 3150 Bal-acum
1870 3111 1984 3149 Ccnt.
2026 3111 2072 3150 11.

1116 3177 1178 3215 60.
1211 3179 1384 3216 l‘itseum
1421 3188 1454 3215 c.
1490 3176 1578 3215 478.
1614 3175 1830 3214 Seldenum
1867 3174 1987 3225 praef.
2021 3174 2071 3213 ad

1117 3241 1339 3290 Scriptores
1354 3240 1540 3291 Anglicos
1559 3238 1776 3288 Twysdeni
1797 3237 1940 3288 [ms-22
1959 3248 2071 3288 seqq.

1117 3309 1157 3343 et
1178 3303 1275 3354 Opp.
1311 3308 1416 3341 tomo
1450 3304 1494 3341 ll.
1517 3314 1554 3353 p.
1592 3300 1708 3340 1127.
1731 3301 1914 3339 Vossium
1936 3298 1985 3338 de
2010 3300 2075 3338 Hi-

1117 3366 1274 3406 storicis
1289 3365 1436 3404 Latinis
1454 3376 1489 3416 p.
1509 3363 1584 3406 397
1602 3363 1732 3415 ibique
1750 3362 1958 3411 Sandium,
1975 3363 2072 3402 Dan.

1698 3444 1777 3484 223
