2517 4009
887 259 1311 299 EPISTOLAE

110 341 208 381 gnas
237 328 284 368 ad
323 329 570 379 Majestatem
617 333 756 380 tuam,
801 335 840 369 et
883 331 1065 371 illustres

111 394 301 444 Despotas
330 392 473 431 fratres
498 391 748 432 Theodorum
770 423 777 441 ,
808 398 846 431 et
872 395 1066 433 Constan-

111 456 237 494 tinum
269 453 427 492 dedere.
458 452 507 492 Ut
537 466 607 504 ego
638 456 748 494 vobis
770 455 1063 506 dicatissimus,

107 523 147 556 et
175 516 325 556 tamdiu
358 516 613 556 fidelissimus
642 518 898 565 observator,
929 525 969 557 et
997 531 1064 558 ve-

106 584 234 618 strum
264 580 442 629 apprime
472 580 758 630 cupidissimus
787 582 958 631 gloriae,
991 593 1062 620 vos

108 643 213 692 ipsos
249 645 328 679 tam
376 640 538 689 fideles,
582 643 821 692 catholicos,
867 649 906 682 et
952 644 1063 682 Chri-

102 705 368 742 stianissimos
400 705 599 754 Principes
629 705 674 743 ad
710 706 810 744 hanc
842 707 965 757 ipsam
992 706 1060 745 ad-

104 778 249 805 versus
278 767 472 805 Barbaros
503 767 640 806 hostes
683 768 975 818 expeditionem
1009 770 1062 807 fa-

103 828 272 868 vendam
299 832 514 868 excitarem
534 860 543 877 ,
573 835 636 877 et,
669 836 710 870 ut
734 830 873 882 ajunt,
894 831 1059 870 calcaria

101 892 356 932 currentibus
384 892 529 931 addere
559 904 717 931 summo
747 893 903 939 studio,
939 894 1062 933 soler-

101 956 234 1006 tiaque
263 966 438 994 conarer.
470 959 510 994 et
539 955 699 994 tandem
731 966 822 994 cum
846 956 891 994 ad
920 956 1061 995 Achai-

100 1029 213 1067 cam,
259 1018 710 1068 Peloponnesiacamque
756 1020 959 1057 l‘atrarum
1008 1017 1055 1057 ad

101 1080 239 1119 urbem
261 1081 487 1128 venissem,
518 1080 619 1118 illico
644 1081 752 1119 fratri
779 1086 846 1120 tuo
873 1081 1059 1120 illustris-

99 1143 200 1181 simo
218 1143 481 1182 Constantino
503 1143 656 1192 scripsi,
673 1148 712 1181 et
731 1144 802 1182 hac
820 1145 902 1194 ipsa
922 1146 1058 1195 utique

97 1203 145 1242 de
176 1215 245 1252 re,
275 1216 376 1255 quae
408 1204 526 1256 digna
559 1207 642 1244 visa
673 1211 795 1252 sunt,
825 1207 982 1245 detexi:
1017 1212 1056 1246 et

93 1278 185 1306 cum
218 1266 309 1304 inde
339 1267 579 1306 Corinthum
613 1270 815 1307 venissem
847 1280 866 1308 a
918 1270 1056 1308 Deme-

96 1331 170 1367 trio
198 1328 353 1368 Axanio
379 1330 576 1379 praefecto
596 1341 669 1368 suo
691 1332 942 1381 percepimus
962 1343 1054 1370 eum

97 1402 224 1442 nuper
268 1392 424 1443 magnis
454 1392 630 1442 undique
660 1393 840 1432 collectis
869 1406 916 1433 ex
949 1394 1056 1433 Pelo-

95 1465 272 1504 ponneso
300 1455 423 1505 copiis
459 1466 535 1493 una
572 1456 720 1505 optimo
762 1467 853 1494 cum
901 1456 1051 1495 'shoma

91 1516 290 1555 Germano
319 1528 368 1556 ex
404 1517 743 1567 Lacedaemonia,
789 1518 1052 1568 Spartaniave

93 1580 304 1619 Misistrate
335 1579 382 1620 ad
414 1579 551 1618 lsthon
577 1591 668 1619 cum
696 1582 876 1620 exercitu
901 1580 1052 1619 adven-

91 1646 240 1682 turum.
272 1642 341 1682 Ubi
374 1644 518 1681 iterum
547 1642 662 1692 longo
683 1655 888 1681 murorum
910 1654 1050 1692 aggere

91 1707 301 1754 restituto,
332 1706 536 1756 Istmoque
573 1705 679 1744 fatali
727 1716 868 1744 rursus
914 1707 1050 1756 utique

93 1770 246 1808 turritis
277 1768 484 1807 maenibus
511 1768 682 1816 vallato,
714 1768 857 1807 exinde
883 1780 952 1819 per
977 1769 1054 1807 Me-

92 1831 267 1881 garidem
314 1832 448 1882 copias
494 1831 799 1881 traducturum,
845 1831 1052 1870 Achaiam-

92 1905 170 1945 que
201 1898 352 1941 totam,
390 1893 613 1933 Thebarum
656 1897 737 1944 jam
784 1894 879 1933 urbe
926 1905 1052 1944 nuper

93 1957 130 1995 in
160 1956 401 1995 deditionem
435 1961 618 2008 recepta,
667 1957 915 2004 Lebadeam,
963 1959 1050 1995 Par-

94 2031 364 2070 naseamque,
395 2019 602 2067 Daunum,
631 2024 671 2057 et
701 2031 852 2058 sacram
884 2020 1052 2070 Delpho-

92 2094 181 2122 rum
207 2082 345 2122 urbem
366 2083 533 2132 singulis
551 2082 780 2122 cohortibus
799 2084 1050 2130 invasurum,

93 2150 133 2184 et
146 2157 167 2185 a
187 2145 364 2184 barbaris
382 2144 594 2196 praedigne
611 2145 885 2195 liberaturum,
903 2147 1052 2197 optimo

88 2206 257 2259 juvante
287 2209 383 2247 Deo.
413 2209 495 2260 Ego
525 2207 595 2246 sed
628 2209 734 2246 enim
767 2209 915 2247 interea
959 2220 1050 2248 cum

91 2271 304 2322 Euripeam
335 2269 605 2318 Chalcidiam,
637 2271 834 2321 insignem
865 2271 1050 2310 Eubaeae

92 2334 304 2374 Civitatem
330 2333 637 2382 -advenissem,
691 2338 733 2371 ut
785 2337 871 2371 tute
927 2334 1052 2384 magis

92 2400 202 2435 tuam
246 2407 392 2435 versus
437 2397 585 2447 regiam
633 2395 770 2434 urbem
820 2396 1050 2446 navigarem

92 2458 140 2497 ad
185 2459 231 2498 V.
271 2459 338 2499 Cal
382 2460 542 2498 Martias
586 2459 799 2508 Euripeam
844 2459 1050 2497 triremem

91 2521 369 2561 conscendens
398 2522 550 2572 Maphio
580 2522 720 2561 Molino
768 2522 916 2559 Veneto
958 2521 1050 2558 Viro

94 2585 211 2624 nobili
241 2584 448 2625 Navarcho
477 2587 682 2636 caepimus
713 2584 922 2634 navigare,
967 2585 1050 2633 ipse

94 2647 254 2700 quidem
268 2653 312 2688 ut
328 2647 517 2698 AEgeum
542 2648 592 2687 ab
614 2648 754 2686 infests
772 2647 1047 2698 CyothalaniS,

96 2712 313 2763 piratisque
344 2711 554 2760 liberaret3
586 2722 658 2761 ego
690 2721 807 2753 vero,
840 2714 882 2748 ut
911 2722 959 2748 ex
992 2711 1052 2748 iti-

96 2786 190 2813 nere
218 2773 379 2813 Sacram
412 2774 559 2819 Delon,
590 2778 849 2822 caeterasque
891 2783 1052 2823 sparsas

96 2849 166 2889 per
193 2848 342 2889 aequor
379 2837 575 2887 Cycladas
620 2835 871 2886 indagarem:
918 2839 957 2873 et
1001 2847 1049 2873 ex

97 2899 193 2941 Chio
222 2898 394 2950 denique
424 2901 610 2938 tutiorem
646 2911 713 2950 per
744 2898 875 2936 navim
903 2898 1049 2947 regiam

97 2963 220 3014 ipsam
250 2966 359 3002 tuam
405 2961 786 3012 Constantinopolim
834 2959 1050 2998 adventare

96 3036 306 3072 curarem,
335 3026 481 3076 optimo
507 3024 675 3075 juvante
711 3025 788 3063 Deo
808 3053 817 3069 ,
859 3033 930 3061 nec
975 3034 1049 3060 non

97 3087 221 3127 Genio
250 3086 509 3126 Sanctissimo
541 3091 673 3125 nostro
722 3086 912 3123 favit-‘inte
957 3085 1053 3122 Mer-

98 3151 217 3190 curio.
256 3151 314 3189 Ex
359 3149 496 3189 eadem
541 3151 728 3189 Trireme.
760 3148 815 3186 lix
854 3147 955 3186 Oica
986 3158 1053 3186 an-

100 3214 207 3263 tiqua
239 3212 440 3252 Euboinae
471 3212 654 3255 Insulae,
687 3214 725 3248 et
756 3213 956 3247 vetustate
986 3207 1055 3246 de-

101 3276 179 3314 leta
208 3276 390 3315 Civitate.

155 3401 201 3442 E.
230 3402 270 3442 S.
300 3402 341 3442 R.
375 3403 421 3442 Μ.
451 3402 493 3440 Τ.
627 3398 902 3438 Dicatissimus
931 3398 975 3438 K.
1007 3397 1052 3438 Α.

2027 267 2105 310 635

1196 355 1434 436 Praeterea
1467 410 1557 438 cum
1597 410 1646 438 ex
1683 397 1954 452 Hadrianopoli
1994 414 2102 442 rece-

1139 456 1258 507 dere,
1289 464 1329 498 et
1361 461 1509 500 abitum
1542 463 1777 511 Byzantium
1816 462 2099 514 adornassem,

1138 530 1186 558 ex
1219 522 1414 561 Pannonia
1454 524 1643 573 Legatos,
1690 523 1914 574 propediem
1960 527 2098 568 eodem

1137 582 1184 621 ad
1210 595 1394 633 magnum
1423 597 1551 636 ipsum
1576 587 1719 636 Regem
1741 586 1988 628 adventuros
2012 602 2099 641 per-

1137 647 1330 695 cepimus.
1360 646 1467 693 Quos
1487 659 1576 686 cum
1603 653 1813 698 expectare
1834 649 2070 702 delegissem
2087 684 2097 702 ‚

1138 718 1213 744 non
1247 707 1394 746 multos
1425 714 1511 759 post
1541 710 1652 758 dies,
1682 716 1852 760 quatuor
1890 713 1951 752 hic
1997 715 2093 755 Ora-

1138 772 1242 806 tores
1272 769 1319 807 ad
1354 771 1431 809 LX.
1463 773 1642 821 equitum
1674 774 1882 813 comitatos
1922 776 2094 817 vidimus

1137 829 1369 880 advenisse,
1401 844 1524 871 unum
1556 834 1705 872 scilicet
1736 835 1883 886 Stoyka
1929 838 2095 884 Quisda-

1139 892 1227 931 nich
1271 905 1291 932 a
1342 895 1545 944 l'oloniae,
1595 898 1897 948 Pannoniaeque
1946 902 2092 952 inclyto

1136 957 1238 1007 Rege
1272 957 1474 1006 Ladislao,
1505 959 1674 999 alterum
1708 961 1915 1000 Vitislaum
1953 964 2001 1002 ab
2032 965 2094 1003 illo

1136 1020 1386 1069 praecellenti
1420 1022 1608 1071 Equitum
1642 1023 1823 1073 Magistro
1854 1025 2005 1064 Coniati
2030 1027 2091 1065 Ja-

1134 1092 1209 1129 no,
1239 1086 1278 1119 et
1302 1080 1401 1121 duos
1421 1093 1441 1120 e
1465 1081 1631 1135 Georgio
1655 1083 1942 1136 Argentigenae
1958 1118 1967 1134 ,
1993 1090 2093 1128 Mae-

1133 1145 1239 1192 siae,
1285 1145 1580 1196 Serviaiaeque
1626 1149 1850 1196 provinciae
1893 1149 2090 1201 Despota:

1131 1218 1299 1257 quorum
1330 1208 1428 1246 alter
1457 1209 1724 1259 Metropelites
1746 1210 1789 1249 Α.
1814 1211 1998 1263 religione
2025 1226 2092 1253 ve-

1131 1269 1333 1308 nerandus
1362 1275 1472 1308 erat:
1504 1271 1603 1308 alter
1635 1283 1727 1310 vero
1766 1274 1926 1311 nomine
1973 1277 2092 1326 Logo-

1130 1331 1288 1370 thetes:
1318 1333 1382 1382 qui
1415 1343 1505 1370 cum
1538 1337 1626 1382 post
1655 1333 1818 1373 biduum
1849 1335 1896 1374 ad
1947 1348 2087 1389 super-

1129 1392 1218 1431 bam
1256 1394 1416 1444 lysanni
1460 1396 1724 1444 praesentiam
1771 1407 1813 1435 se
1855 1400 2091 1440 contulisset.

1129 1456 1274 1505 Regius
1303 1456 1444 1494 Orator
1471 1458 1670 1507 primum,
1701 1456 1843 1497 deinde
1879 1461 2089 1513 Despotei,

1129 1522 1172 1556 ut
1222 1518 1386 1557 ultimus
1429 1530 1478 1557 ex
1521 1520 1705 1569 primario
1757 1520 1893 1560 bellica
1940 1525 2088 1565 virtute

1127 1581 1251 1629 Jano,
1286 1581 1460 1629 Latinis,
1492 1581 1678 1631 Graecis,
1709 1583 1993 1637 Servianisque
2044 1588 2090 1626 li-

1127 1644 1222 1681 teris
1251 1644 1439 1694 epi-itolas
1469 1644 1516 1682 de
1564 1644 1665 1693 fide,
1708 1650 1748 1684 et
1792 1658 1861 1686 sua
1907 1660 2088 1700 quaeque

1128 1705 1302 1744 modesta
1336 1718 1500 1744 munera
1528 1708 1689 1758 principi
1713 1720 1854 1760 magno
1879 1709 2088 1752 dederunt.

1126 1770 1176 1807 Et
1205 1768 1252 1807 ad
1285 1774 1486 1820 posterum
1518 1769 1622 1808 diem
1659 1781 1750 1810 cum
1799 1773 1902 1824 apud
1949 1776 2088 1826 Regios

1127 1833 1337 1870 Bassianos
1366 1832 1548 1882 Collegas
1581 1844 1662 1871 rem
1703 1839 1836 1873 tantae
1882 1837 2087 1887 legationis

1126 1897 1368 1944 agitassent,
1399 1900 1439 1933 et
1468 1895 1597 1934 ablata
1628 1895 1892 1948 jampridem3
1919 1910 2086 1950 occupa-

1127 1962 1218 1995 tave
1247 1969 1382 1996 eorum
1416 1958 1453 1994 in
1485 1952 1702 1997 Provinciis
1727 1960 1867 2011 oppida
1887 1990 1897 2007 ,
1921 1964 2087 2013 repetita

1129 2019 1262 2071 majori
1294 2031 1341 2058 ex
1373 2024 1508 2070 parte,
1551 2031 1739 2060 concessa
1783 2023 1954 2074 denique
2000 2030 2088 2076 post

1127 2083 1302 2122 triduum
1333 2084 1611 2134 excepissent,
1642 2088 1681 2122 et
1712 2085 1912 2124 nonnullis
1942 2085 1988 2125 ad
2023 2099 2087 2137 pa-

1127 2157 1212 2184 cem
1235 2145 1548 2195 componendam
1574 2145 1866 2186 conditionibus
1890 2150 2086 2199 acceptis,

1126 2207 1172 2246 ad
1206 2208 1403 2258 principes
1434 2218 1596 2253 eorum,
1626 2212 1666 2246 et
1696 2209 1861 2258 patriam
1907 2221 2085 2250 remeare

1126 2275 1330 2309 curarunt.
1361 2269 1436 2308 Sed
1475 2281 1566 2308 cum
1612 2272 1833 2320 expetitum
1877 2273 2087 2323 praecipue

1125 2331 1312 2383 oppidum
1332 2332 1425 2371 illud
1454 2333 1605 2382 insigne
1632 2333 1955 2381 Columbarium‚
1981 2333 2085 2384 quod

1126 2394 1171 2432 ad
1205 2394 1367 2432 Danubii
1403 2398 1576 2433 meatum
1601 2396 1834 2433 Peristerion
1862 2395 2010 2434 Graece
2031 2396 2088 2434 di-

1125 2461 1249 2501 cunt,
1280 2456 1475 2495 Barbarus
1513 2462 1750 2507 occupatum
1796 2459 1942 2497 ite-rum
1987 2457 2086 2497 deti·

1128 2530 1219 2557 nere
1247 2520 1463 2558 maluerat:
1492 2531 1566 2557 non
1588 2531 1705 2574 omne
1730 2519 1778 2558 ab
1798 2521 1900 2570 Rege
1923 2520 2084 2571 foedus,

1126 2583 1273 2620 sociive
1304 2588 1432 2621 ratum
1466 2583 1546 2620 fore
1573 2582 1809 2634 putandum.
1836 2583 1912 2622 Nec
1939 2594 1983 2621 ea
2011 2584 2083 2621 sor-

1127 2649 1177 2693 te,
1194 2656 1294 2696 quae
1325 2650 1405 2683 tam
1439 2645 1514 2684 late
1545 2644 1766 2684 reddiderat
1799 2647 1981 2697 princeps
2012 2645 2074 2684 hic

1127 2709 1348 2759 superbus,
1378 2709 1601 2747 amisisset:
1634 2709 1670 2746 ni
1717 2720 1835 2760 nuper
1886 2708 2082 2748 adversus

1127 2772 1420 2811 Charamanum
1465 2782 1537 2810 suo
1574 2772 1711 2823 potiori
1759 2783 1850 2811 cum
1903 2773 2081 2811 exercitu

1127 2835 1376 2885 profecturus
1401 2840 1533 2873 esset:
1561 2847 1649 2874 nam
1678 2835 1816 2885 ingens
1841 2834 1988 2873 bellum
2017 2845 2083 2885 po-

1128 2901 1218 2934 tens
1240 2897 1299 2934 illa
1328 2898 1364 2934 in
1392 2896 1482 2935 Asia
1502 2898 1685 2948 princeps
1711 2897 1748 2934 in
1767 2898 1894 2947 ipsum
1914 2898 2083 2936 Teucro-

1127 2970 1214 2998 rum
1242 2960 1385 3009 Regem
1413 2970 1598 3009 parasse,
1629 2959 1900 3009 suasqueJam
1927 2959 2084 3009 provin-

1127 3022 1207 3059 cias
1255 3026 1454 3059 vastatum
1505 3023 1576 3068 iri,
1628 3021 1848 3072 oppidaque
1889 3032 2082 3072 occupare

1127 3084 1304 3134 caepisse
1331 3089 1571 3135 perceperat.
1592 3084 1700 3130 Quas
1721 3084 1768 3121 ob
1795 3095 1857 3121 res
1883 3095 1958 3121 non
1983 3083 2082 3122 mul·

1132 3150 1192 3184 tos
1227 3150 1313 3196 post
1338 3146 1447 3194 dies,
1489 3146 1623 3185 relicto
1650 3147 1686 3184 iu
1712 3146 1875 3185 Thracia
1921 3145 2082 3196 Cialaby

1131 3209 1332 3248 nonnullis
1356 3220 1444 3247 cum
1483 3209 1701 3260 legionibus
1737 3209 1840 3256 tilio,
1879 3214 1917 3246 et
1954 3208 2078 3248 Chalil

1130 3273 1262 3310 Bassia
1316 3272 1501 3321 Collega,
1552 3273 1734 3322 primario
1783 3272 2079 3321 Hellespontum

1130 3335 1411 3383 transfretare,
1436 3339 1475 3373 et
1500 3336 1536 3373 in
1563 3335 1695 3374 Asiam
1718 3335 1850 3386 copias
1869 3335 1985 3373 enixe
2009 3333 2081 3374 du-

1129 3399 1268 3437 ctitare
1297 3397 1541 3438 decreverat.
1582 3399 1740 3438 Postero
1780 3409 1874 3437 vero
1896 3396 1958 3436 die
1986 3408 2078 3436 cum
