2517 4009
956 236 1246 278 PETRUS

102 312 188 351 illas
216 318 451 359 componam
483 309 610 347 itaut
641 309 909 359 provocationi
946 308 1058 347 locus

103 383 180 411 non
212 372 289 418 sit,
317 371 449 419 itaque
479 373 584 409 totas
614 370 858 409 omittendas
887 381 976 408 esse
1001 381 1064 409 sa-

93 435 182 473 -tius
206 433 320 472 duco.
346 432 450 481 (266.
474 432 529 471 De
553 430 782 471 Baldeschis
806 431 1000 471 dicendus
1024 437 1064 470 ot

100 494 269 535 celebris
311 494 420 533 Baldi
452 495 573 533 frater
601 494 664 533 hic
708 496 873 540 Petrus,
908 493 1063 541 maior,

99 558 169 608 qui
201 560 319 595 natus
349 560 438 606 post
468 556 541 595 An.
575 556 689 595 4327.
719 557 822 594 circa
847 555 908 594 An
950 554 1064 595 4407.

97 619 256 657 obiit.et
272 617 385 668 plura
405 618 440 655 in
452 618 773 669 Jurisprudentia
786 618 932 667 scripta
947 619 1065 655 etiam

99 681 206 731 typis
233 678 340 718 edita
380 680 551 730 reliquit.
583 679 679 718 Vide
708 680 780 729 Op.
831 678 1072 730 Vermiqlioli

106 742 243 792 Bioyr.
272 739 479 792 Peruyina
509 744 544 781 l.
576 742 666 781 ⁴56.
694 742 820 792 seqq.)

156 804 352 843 PETRUS
370 804 640 850 Venerabilis,
659 814 778 853 supra
803 803 944 841 Petrus
967 802 1070 842 Can-

105 870 171 905 tor
195 869 235 903 et
260 866 406 904 Petrus
431 865 648 904 Mauritius
677 876 764 916 pag.
794 864 885 903 241.

159 928 355 967 PETRUS
395 927 441 966 cle
486 926 697 975 Verberia,
740 938 880 979 supra,
931 928 1070 966 Petrus

104 988 298 1039 Aureoli,
328 1001 417 1042 pag.
449 990 539 1029 321.

159 1053 380 1101 PETRUS,
409 1051 647 1091 Vieoniensis
671 1053 708 1090 in
734 1051 858 1091 Gallia
885 1052 1070 1091 Coenobii

103 1114 267 1154 Ordinis
312 1115 725 1154 Praemonstratensis
765 1115 993 1154 Canonicus
1029 1118 1070 1152 et

105 1178 250 1216 Doctor
293 1177 517 1227 Theologus
558 1177 662 1215 circa
705 1175 780 1215 An.
813 1176 930 1215 1323.
975 1176 1072 1214 scri-

105 1240 186 1290 psit
215 1237 549 1277 Introcluctionem
579 1238 620 1276 in
647 1237 891 1288 Tlieoloyiam
908 1270 917 1285 ‚
949 1248 1069 1288 quam

104 1299 239 1339 >adhuc
270 1298 460 1339 ineditam
493 1299 630 1339 laudat
658 1300 863 1338 lohannes
891 1300 926 1338 le
956 1300 1071 1348 Paige

104 1361 131 1400 l.
149 1365 187 1402 ⁴.
201 1360 470 1401 Bibliothecae
495 1362 907 1400 Praemonstratensis
927 1372 964 1411 p.
981 1359 1070 1399 307.

101 1445 106 1448 -
160 1423 356 1463 PETRUS
376 1422 426 1461 de
450 1422 571 1466 Adria
597 1425 683 1461 sive
712 1422 760 1462 de
785 1423 949 1470 Andria,
965 1422 1074 1472 Apu-

104 1486 196 1534 lus,
226 1484 367 1523 Ordin.
395 1484 615 1523 Praedicat.
651 1483 933 1536 Viconquensis
963 1483 1070 1533 (Vici

107 1547 352 1598 AEquensis)
383 1547 421 1585 in
453 1558 576 1597 regno
605 1546 767 1597 Neapol.
799 1546 847 1585 ab
876 1546 921 1584 A.
955 1545 1072 1585 4306.

106 1611 141 1659 a)
165 1610 416 1660 Episcopus,
441 1609 663 1661 discipulus
688 1610 727 1648 S.
753 1609 928 1647 Thomae
953 1608 1076 1658 Aqui-

110 1673 242 1720 natis,
271 1683 322 1710 ex
351 1669 469 1721 cujus
499 1683 566 1710 ore
596 1671 709 1723 plura
736 1671 840 1710 idem
865 1672 1074 1721 excepisse

109 1734 311 1784 traditur,
341 1745 445 1785 quae
475 1734 550 1773 sub
580 1734 756 1772 Thomas
788 1734 908 1772 etiam
950 1734 1076 1771 nomi-

110 1807 160 1835 ne
190 1796 282 1835 ferri
310 1797 490 1847 contigit.
516 1796 703 1835 Nicolaus
724 1797 912 1834 Trivetus
941 1795 1072 1834 annal.

108 1857 159 1897 ad
189 1857 235 1897 Α.
269 1857 384 1899 427ῖι.
416 1870 503 1909 pag.
533 1858 626 1897 244.
656 1859 719 1897 ubi
752 1858 801 1896 de
830 1858 990 1908 scriptis
1034 1858 1074 1897 S.

112 1920 312 1959 Thomae:
331 1918 426 1958 Alia
448 1919 608 1971 quidem
631 1919 890 1960 inveniuntur
913 1918 992 1959 sibi
1016 1923 1074 1957 at-

113 1979 292 2031 tributa,
317 1993 420 2034 quae
445 1985 576 2028 tamen
600 1982 682 2035 ipse
703 1993 779 2020 nou
802 1981 990 2033 scripsit;
1010 1979 1079 2020 sert

107 2046 200 2095 post
227 2054 317 2082 eum
359 2042 550 2095 leyentem
591 2043 656 2083 vel
698 2043 997 2095 praedicantem
1027 2041 1078 2081 ab

111 2104 208 2144 aliis
235 2109 331 2145 sunt
372 2105 566 2156 collecta;
594 2109 640 2145 ut
664 2109 764 2158 puta
813 2106 982 2144 Lectura
1012 2116 1079 2144 su-

108 2179 188 2218 per
215 2167 435 2219 Epistulam
464 2167 519 2207 acl
546 2168 798 2216 Corinthios,
828 2165 879 2206 ab
918 2167 1080 2206 undeci-

111 2236 175 2268 'mo
205 2229 388 2282 Capitulo
415 2241 543 2283 usque
569 2230 626 2269 ad
648 2230 793 2282 finem,
825 2234 865 2270 et
907 2230 1080 2282 Eaeposi-

112 2292 165 2331 tio
191 2303 314 2345 super
352 2292 530 2345 primum
558 2292 606 2332 de
634 2292 808 2340 Anima;
837 2302 940 2344 quas
978 2292 1080 2330 Fra-

113 2358 173 2394 ter
214 2356 561 2403 REGINALDUS,
594 2355 772 2407 ejusdem
813 2354 975 2401 socius,
1017 2365 1080 2392 re-

111 2414 276 2467 cotteyit.
301 2417 453 2455 Iterum
479 2418 651 2455 Lectura
675 2428 797 2468 super
824 2417 1017 2455 loannem
1045 2418 1083 2454 et

112 2488 237 2530 super
264 2480 429 2518 tertium
460 2478 710 2517 Nocturnum
752 2478 961 2524 psalterii,
994 2476 1082 2516 Col-

114 2538 280 2579 tationes
308 2540 357 2579 de
387 2540 576 2579 Oratione
605 2541 810 2579 Dominica
841 2543 881 2578 et
916 2540 1083 2589 Symbo-

112 2602 163 2641 lo.
194 2602 292 2641 Item
321 2602 564 2643 Collationes
591 2602 859 2640 Dominicales
885 2604 923 2639 et
959 2603 1083 2639 Festi-

115 2675 202 2703 vae.
232 2664 329 2704 Item
349 2663 586 2704 Collationes
607 2664 656 2703 de
677 2663 814 2702 decem
843 2664 1080 2713 Praeceptis,

111 2736 215 2777 quas
258 2725 412 2778 colleyit
449 2727 596 2765 Frater
644 2724 837 2765 PETRUS
868 2724 916 2763 de
947 2725 1078 2763 Adria.

112 2787 213 2826 Item
243 2789 413 2828 Lectura
442 2800 563 2842 super
592 2788 834 2828 Matthaeum
868 2785 1078 2837 incomple-

167 2865 201 2905 α)
225 2866 381 2907 ughellus
407 2871 492 2899 tom.
511 2867 531 2899 6
555 2875 631 2907 pag.
653 2867 729 2898 652.

105 2932 108 2935 -
169 2916 211 2956 b)
234 2917 401 2957 cap.454.

167 2965 201 3005 c)
223 2966 344 2999 Confer
367 2967 557 3008 christoph.
583 2966 771 2999 Landinum
794 2967 958 2998 adnantis
975 2967 1084 2997 inser-

106 3024 203 3054 num‚
226 3019 315 3048 cant.
339 3015 392 3048 15.
414 3017 525 3049 oudin
559 3022 639 3049 tom.
655 3018 718 3057 ὄρ.
738 3017 808 3049 103.
825 3019 897 3048 Nic.
912 3018 1079 3056 Toppium

110 3073 189 3106 pag.
214 3065 288 3096 950.
313 3066 397 3098 Bibl.
423 3068 559 3107 Neapol.

166 3113 202 3153 d)
227 3115 256 3146 0
277 3114 368 3155 felix
394 3116 504 3148 Vinea
530 3124 619 3156 quae
642 3116 781 3156 felicem
808 3117 967 3155 Capuam
1007 3120 1080 3147 tam

104 3163 228 3194 suavis
250 3163 390 3204 fructus
413 3164 589 3197 ubertatis
615 3167 791 3207 reficiens,
819 3169 953 3195 terram
973 3164 1081 3196 Labo-

105 3213 160 3244 ris
196 3213 383 3245 irradians
402 3223 451 3246 ec.
473 3224 519 3246 ex
542 3219 574 3246 te
600 3224 749 3255 namque
771 3215 909 3255 prodiit
938 3215 993 3245 laic·
1014 3216 1080 3246 Pe-

105 3266 183 3294 trus
201 3266 264 3295 etc.
291 3267 324 3295 et
345 3265 452 3304 Epist.
476 3264 527 3295 45.
552 3269 589 3295 ut
608 3265 690 3303 J'am
712 3274 784 3296 non
811 3265 940 3296 Petrus
963 3262 984 3295 ὰ
1009 3266 1077 3297 Ca-

103 3318 175 3351 pua
192 3335 201 3351 ‚
227 3312 288 3343 sed
310 3310 333 3343 ὰ
356 3313 462 3344 Petro
488 3314 610 3354 Capua
637 3315 760 3346 Latius
784 3318 1015 3354 aquosi-atur.

165 3361 198 3399 e)
222 3362 270 3393 Ab
295 3365 356 3395 An.
381 3362 474 3395 1226.

2027 233 2103 270 209

1138 312 1204 357 ta,
1249 317 1368 358 quam
1405 306 1557 358 partim
1607 305 1708 344 idem
1753 305 1926 355 Frater,
1952 303 2101 355 partim

1138 369 1370 411 Saecularis
1400 369 1563 421 quidam
1593 367 1819 419 recolleqit,
1849 366 1932 418 ejus
1968 364 2097 404 studio

1139 432 1386 472 delectactus.
1420 431 1564 469 Confer
1593 430 1796 470 Oudinum
1834 434 1929 468 tom.
1963 428 1987 467 3
2018 439 2103 477 pag.

1140 495 1229 534 58²2.
1261 505 1342 544 seq.
1376 498 1415 531 et
1444 493 1634 532 iacobum
1667 492 1813 539 Quetif.
1845 496 1873 530 t.
1905 494 1918 531 l
1949 502 1982 541 p.
2008 490 2103 529 532.

1195 557 1393 595 PETRUM
1437 556 1485 593 dc
1530 557 1664 593 Vincis
1705 554 1907 594 ,Iohannes
1959 551 2107 591 Tritlze-

1142 618 1265 666 mius,
1298 617 1337 655 in
1362 616 1462 656 libro
1483 617 1528 656 (le
1555 617 1826 669 Scriptoribus
1856 614 2106 654 Ecclesiasti-

1144 680 1200 719 cis
1220 712 1229 728 ‚
1262 681 1300 730 b)
1334 679 1609 718 Teutlzonicum
1631 678 1757 731 fuisse
1781 677 1946 717 scribit:
1978 676 2104 715 aditu-

1145 746 1231 781 ctus
1257 741 1361 795 forte
1390 742 1544 780 ratione
1573 742 1839 791 coquominis,
1870 738 1974 792 quod
1996 752 2022 777 (ι
2049 738 2107 776 Vi-

1144 815 1219 842 nea
1247 803 1395 842 celebri
1421 803 1591 843 Sueviae
1619 803 1885 852 monasterio,
1914 814 1990 840 non
2013 812 2108 852 pro-

1146 865 1212 905 cul
1238 867 1265 904 ὰ
1289 867 1574 917 Ravenspurqo
1596 865 1695 913 sito,
1722 864 1782 903 illi
1804 864 2026 917 impositum
2051 873 2110 901 es-

1144 941 1186 968 se
1213 928 1384 967 videtur.
1417 927 1498 967 Alii
1523 939 1636 975 ver0,
1669 932 1706 966 et
1728 939 1815 966 mea
1835 926 1993 978 quidem
2017 936 2104 964 sen-

1148 990 1292 1040 tentia,
1322 990 1496 1037 rectius,
1528 989 1672 1028 Italum
1701 992 1733 1037 c)
1765 993 1802 1027 et
1827 988 1982 1040 quidem
2025 987 2103 1026 Ca-

1140 1064 1321 1105 puanum
1348 1052 1475 1105 fuisse
1504 1052 1704 1092 sentiunt.-
1735 1051 1831 1089 moti
1865 1049 2106 1088 authoritate

1146 1113 1345 1166 Epistolae
1377 1116 1439 1154 45.
1471 1114 1510 1164 d)
1540 1125 1642 1166 quae
1671 1113 1717 1152 (le
1746 1112 1862 1151 laude
1885 1111 2034 1164 ipsius,
2066 1109 2110 1147 li-

1146 1175 1216 1214 bro
1246 1176 1518 1228 Epistolarum
1549 1175 1662 1214 tertio
1691 1175 1924 1213 continetur.
1956 1172 2034 1212 Secl
2056 1171 2109 1210 si-

1145 1250 1193 1278 ve
1222 1239 1448 1277 Germanus
1491 1238 1574 1277 sive
1607 1236 1733 1276 Italus
1761 1236 1915 1289 fuerit,
1944 1234 2010 1274 vir
2041 1232 2107 1271 (lo-

1146 1300 1302 1347 ctrina,
1335 1299 1486 1349 ingenio
1516 1310 1564 1337 ac
1593 1298 1839 1349 eloquentia,
1860 1308 1935 1335 sua
1963 1299 2105 1339 aetate,

1148 1361 1320 1400 omnium
1349 1359 1590 1410 scriptorum
1622 1359 1862 1407 testimonio,
1895 1360 2109 1409 praestan-

1149 1422 1325 1461 tissimus
1353 1420 1441 1473 fuit.
1475 1423 1609 1469 Quare
1639 1421 1888 1466 lfridcricus,
1919 1420 2005 1470 ejus
2044 1430 2109 1455 no-

1149 1484 1267 1523 minis
1298 1483 1530 1528 secundus,
1561 1495 1603 1521 eo
1635 1484 1668 1530 e)
1702 1481 1952 1521 Cancellario
1982 1480 2111 1526 electo,

1149 1546 1189 1585 in
1218 1544 1340 1584 rebus
1361 1543 1587 1598 difficilimis
1613 1547 1730 1595 atque
1751 1539 2008 1594 yravissimis
2028 1542 2112 1591 ejus

1150 1619 1272 1660 opera
1303 1609 1361 1645 est
1390 1607 1513 1646 usus:
1546 1605 1660 1657 eique
1689 1604 1850 1643 muneri
1876 1603 1968 1642 dum
1994 1614 2114 1653 prae-

1148 1669 1252 1723 fuit,
1285 1668 1352 1708 hos
1382 1680 1453 1708 sex
1485 1669 1605 1707 libros
1633 1667 1905 1718 Epistolarum
1935 1677 1990 1704 eae
2021 1675 2115 1715 per-

1151 1744 1249 1772 sona
1277 1732 1346 1771 sui
1368 1730 1629 1783 Imperatoris
1658 1729 1893 1782 conscripsit
1904 1743 1914 1767 .·
1945 1732 1982 1767 et
2009 1728 2114 1777 Apo·

1150 1795 1363 1846 logeticum
1395 1793 1444 1832 de
1475 1797 1671 1845 potestate
1702 1793 1957 1843 Imperatoris
1979 1795 2018 1830 et
2047 1791 2116 1828 Pa-

1151 1868 1247 1908 pae,
1278 1867 1397 1908 quem
1428 1855 1677 1894 Innocentius
1726 1853 1879 1893 Tertius
1927 1854 1956 1901 i)
2001 1850 2112 1903 refu-

1149 1923 1253 1959 tasse
1296 1917 1518 1968 scribitur,
1563 1917 1709 1956 ea'itlic:
1758 1919 1796 1955 et
1838 1914 2041 1954 Frulerico
2084 1926 2110 1951 a

1135 1981 1343 2032 ·Gre90rio
1374 1981 1482 2020 Nono
1509 1979 1702 2033 ¹pontifice
1744 1976 2113 2017 eaecommunicato.

1154 2044 1374 2082 orationem
1423 2043 1472 2081 de
1502 2042 1770 2082 Anathemate
1800 2046 1840 2080 et
1870 2040 1918 2079 de
1942 2041 2117 2079 Rom-dna

1152 2106 1359 2152 Ecclesia,
1400 2105 1440 2143 in
1477 2103 1539 2143 (lie
1565 2103 1766 2156 ylariosae
1805 2100 2114 2142 resurrectionis

1155 2167 1314 2206 Domini
1339 2167 1470 2206 nost-ri
1495 2167 1605 2206 ,JEsu
1635 2166 1821 2213 CHristi‚
1855 2164 2012 2204 Patavii
2048 2162 2117 2200 lia-

1155 2228 1254 2268 buit.
1280 2228 1315 2280 g)
1343 2229 1529 2269 Ceterum
1548 2240 1636 2267 cum
1663 2232 1783 2266 totum
1803 2226 1890 2279 fere
1914 2231 2118 2265 terrarum

1153 2290 1287 2330 orbem
1309 2290 1480 2329 nominis
1504 2290 1572 2328 sui
1586 2289 1698 2342 fama
1720 2287 2004 2340 complevisset,
2027 2287 2058 2324 F
2062 2286 2118 2323 ri-

1154 2353 1286 2392 derico
1316 2353 1357 2391 in
1384 2351 1579 2390 Victoriae
1602 2350 1803 2390 obsidione
1831 2350 1858 2387 ὰ
1887 2348 2118 2387 Parmensi-

1156 2414 1230 2454 bus
1259 2415 1386 2462 victo,
1416 2415 1454 2462 h>
1481 2413 1718 2465 proditionis
1749 2413 1788 2451 in
1814 2410 2014 2450 dominum
2032 2411 2117 2460 aqi-

1157 2481 1286 2522 tatae,
1316 2479 1363 2514 ut
1391 2474 1634 2515 Collenutius
1676 2473 1840 2521 scribit,
1887 2474 1923 2518 i)
1957 2472 2120 2510 insimu—

1156 2538 1286 2584 latus,
1316 2537 1422 2576 vitae
1464 2537 1620 2575 emitum
1649 2535 1949 2581 tristissimum,
1982 2531 2120 2583 plane-

1155 2611 1231 2652 que
1253 2598 1449 2649 trayicum
1471 2598 1638 2637 sortitus
1655 2601 1722 2636 est.
1751 2594 2038 2648 Comprehenso
2063 2594 2117 2632 si-

1158 2659 1318 2712 quidem
1353 2660 1574 2710 Imperator
1611 2659 1766 2698 Miriati
1792 2658 1825 2696 kl
1858 2655 1992 2696 oculos
2029 2667 2119 2694 erui

1145 2722 1280 2773 jussit.
1316 2721 1420 2759 Unde
1453 2721 1533 2772 ipse
1563 2719 1801 2771 sibimetipsi
1828 2724 1992 2758 mortem
2013 2718 2044 2764 l)
2080 2717 2118 2755 in

1149 2782 1308 2836 publico
1338 2783 1509 2821 omnium
1551 2787 1760 2834 conspectu
1802 2780 2014 2820 conscivit:
2049 2779 2119 2817 hoc

1207 2866 1237 2904 s)
1263 2867 1479 2898 innocentius
1503 2867 1554 2896 lv.
1581 2864 1670 2896 Adde
1694 2863 1915 2895 Trithcmium
1933 2868 2004 2900 cap.
2029 2859 2107 2890 457.

1209 2915 1244 2955 g)
1269 2918 1330 2947 An.
1351 2915 1446 2946 1230.

1206 2966 1247 3006 h)
1274 2971 1333 2997 An.
1361 2965 1453 2996 1240.
1479 2968 1553 3005 post
1575 2965 1774 2994 sententiam
1798 2962 1959 2993 adversus
1973 2961 2126 2992 Frideri-

1145 3024 1222 3048 cum
1249 3016 1350 3047 latam
1371 3018 1404 3048 in
1420 3015 1571 3046 Concilio
1588 3013 1690 3053 Lugd.
1711 3018 1806 3044 Anno
1830 3011 1989 3043 1⁸24ss‘».cul
2008 3013 2125 3041 Petrus

1145 3065 1184 3097 de
1213 3068 1326 3098 Vincis
1349 3074 1408 3105 pro
1432 3063 1601 3096 Friderico
1629 3063 1841 3094 interfui-rat.
1868 3060 1951 3092 Vide
1969 3061 2126 3092 nzovium

1144 3117 1186 3147 nd
1210 3119 1270 3147 An.
1293 3115 1384 3146 1245.
1405 3124 1436 3145 n.
1457 3116 1486 3145 7.

1205 3166 1229 3204 i)
1253 3165 1434 3197 pandulfus
1447 3165 1653 3195 Collenutlus
1674 3163 1799 3194 lnhis·.
1818 3160 1980 3200 Neapolit.
1996 3159 2052 3190 lib.
2074 3160 2127 3190 lv.

1203 3215 1238 3254 k)
1264 3216 1392 3246 miniati
1413 3217 1489 3254 (San
1528 3215 1665 3244 Minimo
1705 3213 1734 3243 al
1779 3211 1941 3248 Tedesco)
1973 3211 2006 3241 in
2044 3216 2126 3248 agro

1145 3264 1349 3295 Florentino.

1206 3313 1242 3350 l)
1267 3315 1382 3353 Capite
1398 3337 1409 3353 ,
1436 3317 1471 3345 ut
1495 3315 1616 3354 ajunt,
1643 3312 1684 3343 ml
1713 3309 1911 3343 columnam
1935 3308 2029 3341 alliso
2067 3311 2124 3338 An.

1146 3363 1242 3395 12249.
1267 3362 1348 3394 Vide
1371 3362 1587 3403 Spondannm
1612 3363 1652 3394 :ul
1679 3364 1739 3392 An.
1768 3359 1862 3391 1:¹⁴0.
