2566 4009
898 225 1346 267 MAGDALIUS
2091 226 2114 264 5

136 313 170 340 c.
195 301 258 340 28.
294 300 487 350 celebrat,
524 300 633 339 nulla
656 305 790 340 tamen
827 301 914 340 eius
943 301 1090 351 scripta

138 362 326 401 referens.

189 423 480 463 MAGDALIUS
503 423 736 473 JACOBUS,
757 423 978 464 Gaudensis
993 424 1085 464 Ord.

138 485 273 524 Praed.
298 487 530 526 Conventus
554 487 798 526 Coloniensis
828 487 1090 525 poenitentia-

139 548 221 586 rius
239 549 343 587 circa
370 559 432 587 an.
464 548 564 588 4500
602 560 648 588 ac
683 548 883 599 deinceps.
920 549 1088 588 Criticae

139 621 275 650 sacrae
291 614 410 661 atque
427 610 686 650 emendandis
702 610 854 650 Latinis
874 611 1087 651 Bibliorum

138 672 341 713 codicibus
366 673 560 712 laudabile
581 671 757 712 studium
782 673 977 724 impendit
1001 678 1089 725 post

138 735 470 775 LANFRANCUM
501 735 550 774 de
585 746 663 786 quo
697 745 817 785 supra
842 740 935 774 tom.
963 736 1025 775 lV.
1050 748 1087 787 p.

139 797 229 837 525.
254 797 511 838 ALCUINUM
536 796 584 836 de
608 808 686 848 quo
710 801 805 836 tom.
842 799 876 837 4.
913 809 1001 849 pag.
1026 799 1087 837 49.

138 860 394 900 NICOLAUM
434 861 660 912 Lyranum,
686 860 958 900 ROBERTUM
991 861 1090 899 Gro-

139 921 263 962 slzead
290 921 594 961 Lincolniensem
616 922 806 973 aliosque,
826 927 867 961 et
886 934 987 973 quos
1005 925 1089 974 ipse

139 985 274 1025 laudat
309 983 501 1024 Jacobum
539 984 743 1024 FABRUM
765 996 809 1024 ac
833 986 1091 1025 Laurentium

139 1047 353 1087 VALLAM.
378 1047 512 1087 Edidit
542 1049 647 1087 enim
682 1048 866 1088 Coloniae
903 1048 951 1087 ad
989 1048 1093 1087 Ada-

142 1123 249 1150 mum
289 1111 512 1161 Bopardum
553 1110 792 1162 Theologum
831 1122 894 1149 an.
927 1112 1030 1150 4508
1054 1110 1090 1150 4.

141 1173 435 1214 Correctorium
463 1171 616 1212 Bibliae
650 1173 736 1212 Vet.
767 1178 806 1211 et
835 1174 935 1212 Now
957 1174 986 1211 T
990 1178 1094 1213 esta-

140 1237 290 1284 menti,
314 1246 405 1274 cum
428 1235 647 1274 difficilium
669 1234 920 1285 quarundam
957 1236 1091 1275 dictio-

139 1309 236 1337 num
257 1298 593 1348 interpretatione.
621 1296 773 1336 Laudat
797 1296 917 1336 hocce
955 1297 1096 1337 Corre-

139 1361 306 1400 ctorium
328 1360 440 1399 Rich.
464 1361 599 1400 Simon
625 1359 691 1399 lib.
715 1361 750 1399 3.
787 1360 885 1400 Bibl.
923 1360 1095 1399 selectae

138 1434 225 1475 cap.
253 1423 302 1462 34
325 1422 458 1473 quide
483 1422 572 1462 aliis
601 1423 722 1461 etiam
754 1423 1013 1462 Correctoriis
1036 1423 1099 1461 Bi-

140 1486 252 1525 blicis
281 1484 478 1524 videndus
512 1484 576 1524 lib.
602 1485 638 1524 2.
674 1484 768 1523 hist.
802 1484 972 1523 Criticae
999 1485 1098 1524 Novi

141 1548 387 1588 Testamenti
422 1559 508 1599 cap.
548 1549 583 1586 9.
610 1548 675 1587 Uti
699 1547 748 1587 de
780 1547 1023 1599 Magdaliano
1053 1549 1096 1587 V.

141 1612 184 1650 C.
214 1613 387 1650 Joannes
413 1612 607 1650 Henricus
628 1613 651 1651 a
680 1611 821 1650 Seelen
845 1613 882 1649 in
910 1611 1098 1662 singulari

143 1674 446 1722 schediasmate,
460 1673 565 1712 edito
582 1674 761 1713 Lubecae
789 1674 892 1713 4728
917 1674 952 1712 4.
968 1675 1098 1713 Etiam

142 1738 317 1777 carmine
336 1737 510 1776 valuisse
525 1737 776 1788 Magdalium,
795 1737 998 1789 subjuncti
1013 1748 1098 1776 cor-

144 1800 310 1839 rectorio
333 1800 431 1851 elegi
455 1799 503 1838 de
543 1799 683 1840 Maria
719 1798 957 1851 Maqdalena
985 1805 1025 1838 et
1053 1799 1099 1838 de

145 1862 234 1902 divo
252 1861 416 1915 Josepho
432 1894 443 1911 ,
469 1867 510 1901 et
546 1864 766 1914 praemissa
800 1862 898 1901 libro
922 1863 1100 1913 Epistola

147 1925 330 1965 versibus
353 1927 501 1977 scripta
539 1930 754 1965 testantur.
794 1926 872 1965 Sed
901 1926 1006 1977 quod
1037 1937 1103 1965 su-

146 1987 305 2038 bjicitur
327 1987 596 2040 compendium
615 1986 770 2027 Bibliae
789 2019 797 2039 ,
821 1989 1007 2028 versibus
1023 1986 1100 2028 257

147 2055 381 2103 argumenta
401 2050 590 2091 librorum
609 2063 812 2091 sacrorum
834 2052 1101 2103 complexum,

148 2113 357 2153 obscurius
381 2117 470 2161 est,
494 2125 568 2153 nec
600 2125 691 2154 cum
726 2114 997 2154 Alexandrino
1022 2114 1104 2153 alii-

148 2187 220 2215 sve
249 2175 562 2225 conferendum,
587 2176 636 2216 de
661 2177 807 2227 quibus
832 2181 928 2215 tom.
956 2179 991 2216 4.
1017 2188 1103 2227 pag.

147 2239 211 2278 63.
238 2239 294 2277 De
329 2239 498 2278 caeteris
538 2238 626 2289 ejus
650 2240 810 2290 scriptis
832 2238 1105 2278 consulendus

147 2301 318 2340 Jacobus
339 2300 550 2341 Echardus
574 2306 670 2341 tom.
692 2303 729 2342 2.
751 2302 1016 2341 Bibliothecae
1031 2302 1107 2340 Do-

149 2364 437 2403 minicanorum
457 2393 466 2411 ,
491 2376 578 2416 pag.
606 2365 668 2404 44.
689 2376 791 2415 quae
822 2369 942 2404 sunt:
968 2363 1106 2403 Passio

149 2426 197 2464 D.
221 2426 268 2465 N.
289 2426 401 2465 JEsu
421 2425 574 2466 Christi
595 2438 645 2466 ex
670 2428 873 2466 EccleSiae
898 2427 1106 2466 doctorum

151 2489 362 2526 sententiis
377 2489 591 2539 pestinata,
606 2501 696 2529 cum
718 2490 848 2541 glossa
866 2490 1106 2528 interlineari

149 2549 300 2589 Alberti
325 2551 453 2601 Magni
473 2563 481 2572 ·
499 2556 540 2589 et
554 2550 761 2603 Polyloyus
777 2551 822 2590 de
842 2551 1108 2602 compassione

153 2610 416 2664 Christiferae
446 2613 617 2664 Vzryinis
643 2614 818 2653 Mariae.
841 2614 976 2660 Colon.
1004 2614 1106 2652 4505

151 2675 254 2713 4508
275 2675 310 2713 8.
329 2676 452 2714 Paris.
473 2675 573 2715 4540
593 2677 696 2716 4545
718 2677 820 2715 4548
842 2676 877 2713 8.
892 2674 1106 2714 AErarium

150 2739 237 2776 sive
260 2736 551 2776 Dactionarium
589 2738 788 2790 poeticum
813 2737 1104 2778 elucidativum.

154 2800 198 2839 C.
226 2801 328 2840 4506
355 2801 392 2840 4.
415 2800 624 2852 Eoepositio
641 2799 936 2854 parabolarum
955 2801 1105 2840 ALAM

151 2862 200 2901 de
230 2863 378 2902 Insulis
407 2863 467 2912 (de
496 2864 642 2914 quibus
672 2875 791 2915 supra
823 2870 850 2902 t.
891 2866 925 2903 4.
962 2875 997 2914 p.
1030 2863 1105 2912 34.)

152 2925 289 2964 Goion.
314 2926 497 2965 Carmina
525 2929 631 2966 varia
649 2959 659 2976 ‚
691 2931 734 2966 ut
763 2926 1007 2966 Naumachia
1034 2927 1109 2964 Ec-

152 2987 375 3028 clesiastico
396 3017 404 3036 ,
445 2988 529 3027 Vita
567 2988 744 3030 Salomes
765 3021 773 3036 ,
814 2991 952 3029 matris
989 2991 1027 3029 S.
1068 2990 1106 3029 S.

155 3057 380 3102 martyrum
397 3052 731 3101 Maccahaeorum,
749 3053 931 3091 distichis
946 3053 1106 3092 LXXlll

209 3206 246 3244 a)
275 3203 363 3237 Adde
385 3208 464 3239 Acta
488 3207 636 3237 sanctor.
665 3209 745 3236 tom.
772 3205 783 3235 4
811 3208 901 3237 Junii
939 3215 1012 3246 pag.
1041 3205 1112 3237 046.

145 3262 181 3287 se
210 3276 218 3285 .

183 3263 250 3344 qb)
279 3309 328 3337 Jo.
340 3307 512 3338 Pomarius
533 3305 623 3336 1587.
640 3305 669 3335 li,
689 3304 741 3336 l'ol.
758 3310 826 3344 posi
844 3305 1006 3337 Andream
1023 3307 1113 3337 Wer-

153 3363 273 3388 nerum
292 3380 302 3394 ‚
331 3355 424 3388 1584.
447 3355 464 3387 4
501 3355 557 3387 sed
582 3355 679 3387 anilo
702 3357 906 3388 Germanice.

1165 298 1256 337 ibid.
1287 298 1402 338 4547.
1431 296 1612 349 Leyenda
1647 307 1720 336 seu
1741 295 1826 335 vica
1849 300 1888 335 et
1917 295 2116 334 miracula

1163 359 1318 400 Alberti
1350 360 1502 411 Maqni,
1529 359 1577 398 ad
1616 360 1763 398 calcem
1799 360 1903 398 vitae
1938 359 2114 408 Alberti‚

1163 424 1333 474 scriptae
1355 425 1377 461 a
1401 421 1605 472 Rodulpho
1629 421 1882 473 Noviomago‚
1907 420 2116 471 editaeque

1164 485 1300 525 Colon.
1327 485 1428 524 4490
1455 485 1490 522 8.

1210 545 2119 597 MAGDEBURGENSISArchiepiscopatusin-

1164 611 1319 649 stitutio
1344 621 1410 649 an.
1435 608 1524 647 967.
1551 608 1573 646 a
1596 607 1791 647 JOANNE
1815 608 1907 647 Xlll
1928 609 1960 656 a)
1985 612 2119 646 exst-at

1162 672 1266 723 apud
1284 672 1534 711 Meibomium
1554 675 1648 709 tom.
1676 672 1711 709 4.
1730 672 1910 721 scriptor.
1933 670 2119 708 German.

1163 746 1249 786 pag.
1275 735 1344 774 734
1359 762 1369 772 .
1390 732 1622 773 ANONYMI
1642 730 1861 771 Chronicon
1879 729 2119 782 Maqdebur-

1159 808 1278 849 „qense
1294 798 1342 837 ab
1367 796 1528 835 exordio
1553 794 1956 845 Archiepiscopatus,
1986 798 2026 832 et
2054 805 2121 844 ge-

1163 866 1224 900 sta
1248 860 1648 910 Archiepiscoporum
1690 868 1816 906 usque
1841 856 1888 895 ad
1914 868 1977 895 an.
2005 856 2118 895 4542.

1164 923 1246 973 (sed
1267 923 1342 962 alio
1365 927 1527 961 auctore
1553 921 1601 960 ab
1625 932 1688 960 an.
1721 918 1850 966 4350.)
1877 918 1926 956 id.
1955 923 2050 956 tom.
2083 918 2119 956 2.

1164 998 1252 1038 pag.
1276 985 1351 1025 269
1382 985 1472 1024 374.
1512 981 1784 1023 Conferendae
1823 980 2122 1019 emendationes

1165 1060 1215 1088 ex
1237 1048 1380 1088 Codice
1408 1046 1651 1093 Dresdensi,
1684 1044 1787 1096 apud
1823 1044 1985 1083 Clariss.
2017 1043 2124 1081 Men-

1166 1111 1350 1150 ckenium
1375 1115 1468 1149 tom.
1487 1111 1522 1149 3.
1545 1111 1784 1160 scriptorum
1806 1118 1939 1146 rerum
1959 1106 2123 1144 Germa-

1168 1175 1346 1213 nicarum
1371 1184 1458 1224 pag.
1475 1173 1550 1212 350
1569 1172 1657 1211 574.
1675 1172 1911 1221 Fragmenta
1925 1167 2121 1219 quaedam

1167 1248 1214 1275 ex
1241 1236 1435 1276 Chronica
1459 1234 1785 1285 Magdeburgensi
1813 1234 1987 1271 Manusc.
2013 1231 2062 1269 ab
2078 1230 2123 1268 A.

1171 1298 1246 1336 990
1272 1297 1318 1336 ad
1348 1297 1449 1336 4000
1476 1296 1600 1334 edidit
1620 1297 1805 1335 Canisius
1829 1299 1924 1332 tom.
1950 1294 1991 1331 V.
2022 1293 2125 1331 anti-

1171 1372 1282 1410 quar.
1309 1361 1414 1397 Lect.
1440 1360 1554 1397 Parte
1578 1359 1615 1396 2.
1639 1370 1726 1409 pag.
1753 1357 1828 1396 340
1861 1356 1965 1405 (edit.
1998 1366 2123 1394 novae

1171 1422 1443 1474 Basnagianae
1469 1425 1565 1458 tom.
1591 1420 1625 1458 3.
1651 1431 1739 1471 pag.
1772 1419 1834 1457 64.
1867 1419 1941 1466 65.)

1224 1486 1375 1525 Omitto
1392 1484 1466 1522 alia
1488 1482 1536 1521 de
1560 1481 1706 1533 quibus
1717 1480 2123 1532 CasparSagittarius,

1173 1549 1211 1587 in
1235 1547 1554 1597 Antiquitatibus
1578 1544 1954 1595 Archiepiscopatus
1972 1541 2128 1592 Magde-

1172 1612 1383 1662 burgensis
1400 1639 1410 1656 ‚
1432 1609 1518 1647 Jen.
1546 1608 1647 1648 4684
1672 1608 1705 1646 4.
1737 1612 1776 1645 et
1801 1605 1849 1644 de
1877 1604 2022 1655 quibus
2068 1604 2131 1641 Vir

1174 1673 1458 1713 celeberrimus
1483 1672 1668 1711 Urbanus
1699 1667 1861 1708 Godfrid
1892 1667 2056 1706 Siberus
2084 1665 2132 1703 de

1173 1737 1389 1776 illustrium
1410 1735 1726 1775 Alamannorum
1753 1732 1905 1770 meritis
1928 1729 2134 1768 disserens

1172 1812 1260 1853 pag.
1303 1800 1391 1838 470.
1436 1799 1603 1837 Constat
1634 1794 1728 1834 illud
1761 1798 1846 1833 tum
1878 1804 1927 1831 ex
1957 1791 2133 1841 antiquis

1172 1862 1571 1916 Magdeburgensium
1596 1859 1805 1899 Chronicis
1823 1888 1830 1907 ‚
1850 1869 1872 1896 a
1900 1856 2074 1896 Pomario
2096 1854 2132 1902 b)

1173 1932 1214 1967 et
1255 1928 1448 1966 Dressero
1482 1925 1515 1973 c)
1561 1923 1678 1963 editis
1699 1954 1707 1972 ,
1738 1927 1823 1961 tum
1868 1932 1918 1960 ex
1959 1918 2134 1958 vetustis

1174 1988 1575 2042 Magdeburgensium
1615 1985 1885 2031 membranis,
1915 1993 2016 2033 quas
2054 1980 2136 2019 Au-

1176 2057 1292 2104 gusto
1320 2052 1435 2091 Bosio
1465 2054 1596 2098 teste,
1622 2050 1787 2088 illustris
1814 2047 1876 2086 ille
1900 2043 2135 2096 Magdebur-

1175 2116 1357 2167 gensium
1382 2114 1532 2153 Consul
1551 2143 1558 2162 ,
1579 2114 1672 2152 Otto
1691 2112 1932 2151 Guerriceus
1951 2138 1958 2154 ,
1980 2106 2016 2155 (1)
2043 2117 2135 2145 cum

1176 2179 1490 2218 Alemannorum
1524 2176 1670 2215 familia
1707 2174 1932 2213 arctissime
1970 2168 2137 2219 conjun-

1158 2246 1299 2290 ctus,
1329 2242 1366 2279 in
1414 2239 1681 2292 potentissimi
1725 2240 1990 2277 Borussorum
2021 2232 2136 2281 Regis

1177 2303 1477 2351 Bibliothecam‚
1495 2302 1730 2342 Ptolemaica
1742 2297 2015 2338 munificentia
2026 2294 2138 2332 ador-

1180 2372 1314 2406 natam
1337 2367 1497 2405 intulit:
1523 2369 1609 2404 tum
1640 2375 1736 2402 vero
1759 2374 1807 2401 ex
1838 2360 2032 2406 Chronico
2061 2358 2138 2395 Ma-

1180 2431 1386 2480 nuscripto
1422 2429 1458 2466 in
1506 2433 1588 2466 tres
1634 2426 1753 2465 libros
1795 2423 2007 2469 distincto,
2047 2424 2087 2457 et
2115 2430 2137 2456 a

1181 2492 1316 2530 Scriba
1348 2491 1588 2530 Scabinatus
1612 2485 1964 2540 Magdeburgensis
1995 2481 2136 2521 Seculo

1180 2554 1281 2593 XIV.
1313 2559 1406 2592 ante
1436 2557 1638 2591 trecentos
1661 2560 1788 2589 annos
1817 2548 2008 2592 confecto,
2032 2542 2136 2594 quod

1180 2615 1477 2654 Consultissimi
1503 2614 1582 2651 Viri
1606 2610 1790 2650 Andreae
1817 2607 1965 2655 Okeliz‘,
2006 2606 2138 2646 Scabi-

1180 2683 1300 2717 natus
1340 2678 1447 2727 Regii
1489 2675 1687 2725 Borussici
1720 2674 1757 2711 in
1801 2674 1955 2710 Due-atu
1984 2668 2138 2720 Magde—

1180 2740 1341 2790 burgico
1386 2739 1588 2785 Senioris,
1615 2742 1654 2776 ct
1683 2735 1905 2775 Consiliarii
1951 2733 2038 2771 aliis
2070 2731 2137 2768 ho—

1182 2802 1344 2842 noribus
1376 2803 1528 2850 functi,
1564 2811 1713 2852 perque
1756 2799 1956 2837 literatum
2002 2794 2136 2833 orbem

1181 2866 1496 2914 celebratissimi,
1521 2870 1562 2903 et
1585 2864 1633 2902 ab
1655 2860 1821 2900 Antonio
1848 2858 1968 2909 Pagyio
1988 2858 2135 2906 aliquo-

1182 2930 1258 2967 ties
1293 2929 1382 2981 jure
1413 2929 1633 2978 meritoque
1679 2926 1817 2971 citati,
1848 2922 2036 2961 beneficio
2081 2921 2138 2957 in-

1182 2993 1335 3043 spicere
1366 2992 1488 3030 lieuit.
1684 2983 1685 2986 ’

1240 3056 1295 3094 De
1325 3055 1519 3094 Chronico
1549 3052 1652 3103 quod
1684 3051 1731 3090 ab
1755 3051 1841 3089 aliis
1863 3048 2045 3087 laudatur
2062 3047 2136 3086 sub

1238 3207 1271 3246 c)
1286 3207 1466 3238 lllatthneus
1484 3209 1656 3237 ores-serus
1673 3206 1705 3235 in
1723 3204 1847 3237 chron.
1860 3205 2024 3235 saxonico
2052 3202 2139 3232 11200.

1180 3258 1237 3289 sol.
1265 3257 1380 3288 itidem
1405 3257 1611 3288 Germanice.

1239 3307 1275 3346 d)
1300 3307 1455 3339 stanislai
1480 3307 1685 3338 Lubieniecii
1712 3306 1844 3338 Theatr.
1870 3306 1993 3337 Comei.
2023 3309 2103 3335 tom.
2127 3302 2135 3332 l

1170 3366 1244 3398 pag.
1268 3357 1340 3389 ⁶245.
