<?xml version="1.0" encoding="UTF-8"?>
<!DOCTYPE html PUBLIC "-//W3C//DTD XHTML 1.0 Transitional//EN"
    "http://www.w3.org/TR/xhtml1/DTD/xhtml1-transitional.dtd">
<html xmlns="http://www.w3.org/1999/xhtml" xml:lang="en" lang="en">
 <head>
  <title>
</title>
<meta http-equiv="Content-Type" content="text/html;charset=utf-8" />
  <meta name='ocr-system' content='tesseract 3.04.00' />
  <meta name='ocr-capabilities' content='ocr_page ocr_carea ocr_par ocr_line ocrx_word'/>
</head>
<body>
  <div class='ocr_page' id='page_1' title='image "./bibliothecalatin05fabruoft/bibliothecalatin05fabruoft_0271.png"; bbox 0 0 2517 4009; ppageno 0'>
   <div class='ocr_carea' id='block_1_1' title="bbox 0 0 87 328">
    <p class='ocr_par' dir='ltr' id='par_1_1' title="bbox 0 0 87 328">
     <span class='ocr_line' id='line_1_1' title="bbox 0 0 6 131; baseline 0 0"><span class='ocrx_word' id='word_1_1' title='bbox 0 0 6 131; x_wconf 76' lang='lat' dir='ltr'>i</span> 
     </span>
     <span class='ocr_line' id='line_1_2' title="bbox 0 165 87 225; baseline -0.057 -30"><span class='ocrx_word' id='word_1_2' title='bbox 0 165 87 225; x_wconf 17' lang='lat' dir='ltr'>,st</span> 
     </span>
     <span class='ocr_line' id='line_1_3' title="bbox 0 243 2 328; baseline 0 0"><span class='ocrx_word' id='word_1_3' title='bbox 0 243 2 328; x_wconf 76' lang='lat' dir='ltr'>i</span> 
     </span>
    </p>
   </div>
   <div class='ocr_carea' id='block_1_2' title="bbox 18 243 1055 3202">
    <p class='ocr_par' dir='ltr' id='par_1_2' title="bbox 18 243 1055 3202">
     <span class='ocr_line' id='line_1_4' title="bbox 92 243 1055 296; baseline 0.005 -13"><span class='ocrx_word' id='word_1_4' title='bbox 92 250 215 295; x_wconf 63' lang='lat' dir='ltr'>sunt,</span> <span class='ocrx_word' id='word_1_5' title='bbox 247 255 389 294; x_wconf 80' lang='lat' dir='ltr'>nempe.</span> <span class='ocrx_word' id='word_1_6' title='bbox 414 243 718 283; x_wconf 70' lang='lat' dir='ltr'>concordantias</span> <span class='ocrx_word' id='word_1_7' title='bbox 739 251 910 296; x_wconf 85' lang='lat' dir='ltr'>quatuor</span> <span class='ocrx_word' id='word_1_8' title='bbox 934 260 1055 288; x_wconf 87' lang='lat' dir='ltr'>evan-</span> 
     </span>
     <span class='ocr_line' id='line_1_5' title="bbox 90 307 1051 357; baseline 0.003 -12"><span class='ocrx_word' id='word_1_9' title='bbox 90 307 312 357; x_wconf 78' lang='lat' dir='ltr'>geliorum3</span> <span class='ocrx_word' id='word_1_10' title='bbox 341 315 587 354; x_wconf 85' lang='lat' dir='ltr'>quamquam</span> <span class='ocrx_word' id='word_1_11' title='bbox 630 317 766 345; x_wconf 84' lang='lat' dir='ltr'>earum</span> <span class='ocrx_word' id='word_1_12' title='bbox 811 308 934 347; x_wconf 77' lang='lat' dir='ltr'>codex</span> <span class='ocrx_word' id='word_1_13' title='bbox 975 322 1051 348; x_wconf 90' lang='lat' dir='ltr'>non</span> 
     </span>
     <span class='ocr_line' id='line_1_6' title="bbox 89 365 1051 418; baseline 0.005 -12"><span class='ocrx_word' id='word_1_14' title='bbox 89 368 263 418; x_wconf 89' lang='lat' dir='ltr'>amplius</span> <span class='ocrx_word' id='word_1_15' title='bbox 304 370 416 405; x_wconf 84' lang='lat' dir='ltr'>extat</span> <span class='ocrx_word' id='word_1_16' title='bbox 463 365 532 404; x_wconf 80' lang='lat' dir='ltr'>sed</span> <span class='ocrx_word' id='word_1_17' title='bbox 574 376 912 409; x_wconf 74' lang='lat' dir='ltr'>commemoratur</span> <span class='ocrx_word' id='word_1_18' title='bbox 949 383 969 410; x_wconf 90' lang='lat' dir='ltr'>a</span> <span class='ocrx_word' id='word_1_19' title='bbox 1013 374 1051 411; x_wconf 84' lang='lat' dir='ltr'>P.</span> 
     </span>
     <span class='ocr_line' id='line_1_7' title="bbox 89 428 1051 480; baseline 0.004 -12"><span class='ocrx_word' id='word_1_20' title='bbox 89 428 321 480; x_wconf 82' lang='lat' dir='ltr'>Sthephano</span> <span class='ocrx_word' id='word_1_21' title='bbox 364 428 596 467; x_wconf 86' lang='lat' dir='ltr'>Burchardo</span> <span class='ocrx_word' id='word_1_22' title='bbox 640 431 855 470; x_wconf 85' lang='lat' dir='ltr'>Mellicensi</span> <span class='ocrx_word' id='word_1_23' title='bbox 902 434 937 471; x_wconf 86' lang='lat' dir='ltr'>iu</span> <span class='ocrx_word' id='word_1_24' title='bbox 978 444 1051 472; x_wconf 91' lang='lat' dir='ltr'>suo</span> 
     </span>
     <span class='ocr_line' id='line_1_8' title="bbox 86 489 1048 540; baseline 0.004 -10"><span class='ocrx_word' id='word_1_25' title='bbox 86 490 271 540; x_wconf 81' lang='lat' dir='ltr'>Catalogo</span> <span class='ocrx_word' id='word_1_26' title='bbox 300 489 408 528; x_wconf 90' lang='lat' dir='ltr'>MSS.</span> <span class='ocrx_word' id='word_1_27' title='bbox 439 490 630 530; x_wconf 87' lang='lat' dir='ltr'>Codicum</span> <span class='ocrx_word' id='word_1_28' title='bbox 670 494 973 533; x_wconf 83' lang='lat' dir='ltr'>Mellicensium.</span> <span class='ocrx_word' id='word_1_29' title='bbox 1007 497 1048 534; x_wconf 93' lang='lat' dir='ltr'>ln</span> 
     </span>
     <span class='ocr_line' id='line_1_9' title="bbox 84 550 1051 594; baseline 0.005 -4"><span class='ocrx_word' id='word_1_30' title='bbox 84 550 289 591; x_wconf 84' lang='lat' dir='ltr'>codicibus</span> <span class='ocrx_word' id='word_1_31' title='bbox 319 562 416 590; x_wconf 86' lang='lat' dir='ltr'>vero</span> <span class='ocrx_word' id='word_1_32' title='bbox 446 552 523 590; x_wconf 90' lang='lat' dir='ltr'>illis</span> <span class='ocrx_word' id='word_1_33' title='bbox 552 558 664 592; x_wconf 81' lang='lat' dir='ltr'>extat</span> <span class='ocrx_word' id='word_1_34' title='bbox 694 560 776 594; x_wconf 87' lang='lat' dir='ltr'>vita</span> <span class='ocrx_word' id='word_1_35' title='bbox 806 556 844 594; x_wconf 92' lang='lat' dir='ltr'>S.</span> <span class='ocrx_word' id='word_1_36' title='bbox 885 557 1051 594; x_wconf 83' lang='lat' dir='ltr'>Benedi-</span> 
     </span>
     <span class='ocr_line' id='line_1_10' title="bbox 84 613 1051 666; baseline 0.007 -16"><span class='ocrx_word' id='word_1_37' title='bbox 84 613 136 651; x_wconf 87' lang='lat' dir='ltr'>cti</span> <span class='ocrx_word' id='word_1_38' title='bbox 155 614 342 652; x_wconf 90' lang='lat' dir='ltr'>Leoninis</span> <span class='ocrx_word' id='word_1_39' title='bbox 366 614 553 653; x_wconf 85' lang='lat' dir='ltr'>versibus</span> <span class='ocrx_word' id='word_1_40' title='bbox 573 619 766 666; x_wconf 83' lang='lat' dir='ltr'>exposita.</span> <span class='ocrx_word' id='word_1_41' title='bbox 785 619 948 657; x_wconf 86' lang='lat' dir='ltr'>Summa</span> <span class='ocrx_word' id='word_1_42' title='bbox 969 630 1051 656; x_wconf 87' lang='lat' dir='ltr'>me-</span> 
     </span>
     <span class='ocr_line' id='line_1_11' title="bbox 84 675 1050 730; baseline 0.007 -19"><span class='ocrx_word' id='word_1_43' title='bbox 84 675 179 713; x_wconf 86' lang='lat' dir='ltr'>trica</span> <span class='ocrx_word' id='word_1_44' title='bbox 201 675 327 714; x_wconf 91' lang='lat' dir='ltr'>solius</span> <span class='ocrx_word' id='word_1_45' title='bbox 349 676 510 725; x_wconf 83' lang='lat' dir='ltr'>regulae</span> <span class='ocrx_word' id='word_1_46' title='bbox 536 678 574 715; x_wconf 95' lang='lat' dir='ltr'>S.</span> <span class='ocrx_word' id='word_1_47' title='bbox 597 678 800 716; x_wconf 85' lang='lat' dir='ltr'>Benedicti</span> <span class='ocrx_word' id='word_1_48' title='bbox 823 691 914 717; x_wconf 91' lang='lat' dir='ltr'>cum</span> <span class='ocrx_word' id='word_1_49' title='bbox 938 691 1050 730; x_wconf 88' lang='lat' dir='ltr'>prae—</span> 
     </span>
     <span class='ocr_line' id='line_1_12' title="bbox 82 735 1049 790; baseline 0.005 -16"><span class='ocrx_word' id='word_1_50' title='bbox 82 735 227 774; x_wconf 83' lang='lat' dir='ltr'>fatione</span> <span class='ocrx_word' id='word_1_51' title='bbox 256 737 387 775; x_wconf 91' lang='lat' dir='ltr'>soluta</span> <span class='ocrx_word' id='word_1_52' title='bbox 418 739 594 776; x_wconf 81' lang='lat' dir='ltr'>oratione</span> <span class='ocrx_word' id='word_1_53' title='bbox 625 740 772 790; x_wconf 89' lang='lat' dir='ltr'>scripta</span> <span class='ocrx_word' id='word_1_54' title='bbox 803 740 851 778; x_wconf 91' lang='lat' dir='ltr'>ad</span> <span class='ocrx_word' id='word_1_55' title='bbox 880 742 1049 779; x_wconf 83' lang='lat' dir='ltr'>Leonar—</span> 
     </span>
     <span class='ocr_line' id='line_1_13' title="bbox 79 797 1045 853; baseline 0.006 -17"><span class='ocrx_word' id='word_1_56' title='bbox 79 797 174 837; x_wconf 90' lang='lat' dir='ltr'>dum</span> <span class='ocrx_word' id='word_1_57' title='bbox 227 797 437 838; x_wconf 84' lang='lat' dir='ltr'>Abbatem.</span> <span class='ocrx_word' id='word_1_58' title='bbox 487 801 542 838; x_wconf 84' lang='lat' dir='ltr'>De</span> <span class='ocrx_word' id='word_1_59' title='bbox 593 801 802 839; x_wconf 78' lang='lat' dir='ltr'>duodecim</span> <span class='ocrx_word' id='word_1_60' title='bbox 856 803 1045 853; x_wconf 80' lang='lat' dir='ltr'>gradibus</span> 
     </span>
     <span class='ocr_line' id='line_1_14' title="bbox 79 859 1043 904; baseline 0.005 -6"><span class='ocrx_word' id='word_1_61' title='bbox 79 859 342 899; x_wconf 78' lang='lat' dir='ltr'>humilitates.</span> <span class='ocrx_word' id='word_1_62' title='bbox 387 862 556 900; x_wconf 65' lang='lat' dir='ltr'>Meti-um</span> <span class='ocrx_word' id='word_1_63' title='bbox 589 862 790 902; x_wconf 88' lang='lat' dir='ltr'>heroicum</span> <span class='ocrx_word' id='word_1_64' title='bbox 828 864 948 903; x_wconf 82' lang='lat' dir='ltr'>breve</span> <span class='ocrx_word' id='word_1_65' title='bbox 995 866 1043 904; x_wconf 86' lang='lat' dir='ltr'>de</span> 
     </span>
     <span class='ocr_line' id='line_1_15' title="bbox 77 922 1042 975; baseline 0.006 -16"><span class='ocrx_word' id='word_1_66' title='bbox 77 925 232 972; x_wconf 82' lang='lat' dir='ltr'>septem</span> <span class='ocrx_word' id='word_1_67' title='bbox 253 922 444 973; x_wconf 88' lang='lat' dir='ltr'>gradibus</span> <span class='ocrx_word' id='word_1_68' title='bbox 464 923 710 975; x_wconf 87' lang='lat' dir='ltr'>disciplinae.</span> <span class='ocrx_word' id='word_1_69' title='bbox 727 927 896 965; x_wconf 86' lang='lat' dir='ltr'>Metrum</span> <span class='ocrx_word' id='word_1_70' title='bbox 921 927 1042 966; x_wconf 86' lang='lat' dir='ltr'>breve</span> 
     </span>
     <span class='ocr_line' id='line_1_16' title="bbox 75 982 1042 1038; baseline 0.005 -17"><span class='ocrx_word' id='word_1_71' title='bbox 75 982 126 1021; x_wconf 88' lang='lat' dir='ltr'>de</span> <span class='ocrx_word' id='word_1_72' title='bbox 155 983 219 1022; x_wconf 91' lang='lat' dir='ltr'>his</span> <span class='ocrx_word' id='word_1_73' title='bbox 247 984 394 1035; x_wconf 90' lang='lat' dir='ltr'>quibus</span> <span class='ocrx_word' id='word_1_74' title='bbox 425 986 621 1024; x_wconf 89' lang='lat' dir='ltr'>institutio</span> <span class='ocrx_word' id='word_1_75' title='bbox 648 988 840 1038; x_wconf 85' lang='lat' dir='ltr'>regularis</span> <span class='ocrx_word' id='word_1_76' title='bbox 864 990 1042 1026; x_wconf 85' lang='lat' dir='ltr'>contine-</span> 
     </span>
     <span class='ocr_line' id='line_1_17' title="bbox 74 1047 1037 1089; baseline 0.006 -6"><span class='ocrx_word' id='word_1_77' title='bbox 74 1050 152 1084; x_wconf 87' lang='lat' dir='ltr'>tur.</span> <span class='ocrx_word' id='word_1_78' title='bbox 183 1047 354 1085; x_wconf 82' lang='lat' dir='ltr'>Carmen</span> <span class='ocrx_word' id='word_1_79' title='bbox 387 1048 424 1085; x_wconf 92' lang='lat' dir='ltr'>in</span> <span class='ocrx_word' id='word_1_80' title='bbox 455 1048 614 1087; x_wconf 82' lang='lat' dir='ltr'>laudem</span> <span class='ocrx_word' id='word_1_81' title='bbox 658 1049 842 1088; x_wconf 78' lang='lat' dir='ltr'>Andreae</span> <span class='ocrx_word' id='word_1_82' title='bbox 887 1050 1037 1089; x_wconf 87' lang='lat' dir='ltr'>Medici.</span> 
     </span>
     <span class='ocr_line' id='line_1_18' title="bbox 72 1107 1040 1162; baseline 0.007 -17"><span class='ocrx_word' id='word_1_83' title='bbox 72 1107 190 1146; x_wconf 83' lang='lat' dir='ltr'>Aliud</span> <span class='ocrx_word' id='word_1_84' title='bbox 222 1110 258 1146; x_wconf 91' lang='lat' dir='ltr'>in</span> <span class='ocrx_word' id='word_1_85' title='bbox 291 1108 449 1148; x_wconf 87' lang='lat' dir='ltr'>laudem</span> <span class='ocrx_word' id='word_1_86' title='bbox 482 1110 674 1148; x_wconf 65' lang='lat' dir='ltr'>Leonas-di</span> <span class='ocrx_word' id='word_1_87' title='bbox 708 1112 893 1162; x_wconf 83' lang='lat' dir='ltr'>Episcopi</span> <span class='ocrx_word' id='word_1_88' title='bbox 928 1115 1040 1152; x_wconf 86' lang='lat' dir='ltr'>Pata—</span> 
     </span>
     <span class='ocr_line' id='line_1_19' title="bbox 71 1169 994 1223; baseline 0.007 -17"><span class='ocrx_word' id='word_1_89' title='bbox 71 1169 237 1208; x_wconf 83' lang='lat' dir='ltr'>viensis.</span> <span class='ocrx_word' id='word_1_90' title='bbox 263 1170 524 1221; x_wconf 79' lang='lat' dir='ltr'>Epitaphium</span> <span class='ocrx_word' id='word_1_91' title='bbox 554 1173 709 1211; x_wconf 86' lang='lat' dir='ltr'>Martini</span> <span class='ocrx_word' id='word_1_92' title='bbox 741 1174 868 1223; x_wconf 85' lang='lat' dir='ltr'>Papae</span> <span class='ocrx_word' id='word_1_93' title='bbox 899 1175 942 1212; x_wconf 95' lang='lat' dir='ltr'>V.</span> <span class='ocrx_word' id='word_1_94' title='bbox 972 1174 994 1197; x_wconf 70' lang='lat'>³*</span> 
     </span>
     <span class='ocr_line' id='line_1_20' title="bbox 120 1232 1035 1283; baseline 0.007 -15"><span class='ocrx_word' id='word_1_95' title='bbox 120 1232 308 1282; x_wconf 82' lang='lat' dir='ltr'>Magister</span> <span class='ocrx_word' id='word_1_96' title='bbox 336 1233 533 1272; x_wconf 87' lang='lat' dir='ltr'>PETRUS</span> <span class='ocrx_word' id='word_1_97' title='bbox 561 1232 609 1272; x_wconf 82' lang='lat' dir='ltr'>de</span> <span class='ocrx_word' id='word_1_98' title='bbox 637 1232 782 1272; x_wconf 85' lang='lat' dir='ltr'>Rubeis</span> <span class='ocrx_word' id='word_1_99' title='bbox 812 1234 861 1273; x_wconf 90' lang='lat' dir='ltr'>de</span> <span class='ocrx_word' id='word_1_100' title='bbox 892 1236 1035 1283; x_wconf 87' lang='lat' dir='ltr'>Senis,</span> 
     </span>
     <span class='ocr_line' id='line_1_21' title="bbox 67 1292 1037 1345; baseline 0.004 -13"><span class='ocrx_word' id='word_1_101' title='bbox 67 1292 389 1344; x_wconf 85' lang='lat' dir='ltr'>Augustinianus</span> <span class='ocrx_word' id='word_1_102' title='bbox 417 1295 680 1345; x_wconf 75' lang='lat' dir='ltr'>vir&#39;maynae</span> <span class='ocrx_word' id='word_1_103' title='bbox 722 1297 949 1336; x_wconf 81' lang='lat' dir='ltr'>sanctitatis</span> <span class='ocrx_word' id='word_1_104' title='bbox 978 1301 1037 1336; x_wconf 85' lang='lat' dir='ltr'>at—</span> 
     </span>
     <span class='ocr_line' id='line_1_22' title="bbox 69 1354 1036 1407; baseline 0.001 -13"><span class='ocrx_word' id='word_1_105' title='bbox 69 1366 147 1406; x_wconf 86' lang='lat' dir='ltr'>que</span> <span class='ocrx_word' id='word_1_106' title='bbox 174 1354 379 1395; x_wconf 73' lang='lat' dir='ltr'>doctrinae</span> <span class='ocrx_word' id='word_1_107' title='bbox 395 1387 405 1401; x_wconf 92' lang='lat'>,</span> <span class='ocrx_word' id='word_1_108' title='bbox 437 1356 510 1407; x_wconf 83' lang='lat' dir='ltr'>qui</span> <span class='ocrx_word' id='word_1_109' title='bbox 535 1360 572 1394; x_wconf 87' lang='lat' dir='ltr'>et</span> <span class='ocrx_word' id='word_1_110' title='bbox 598 1357 780 1407; x_wconf 71' lang='lat' dir='ltr'>Loyz&#39;cam</span> <span class='ocrx_word' id='word_1_111' title='bbox 802 1361 840 1395; x_wconf 88' lang='lat' dir='ltr'>et</span> <span class='ocrx_word' id='word_1_112' title='bbox 865 1358 1036 1397; x_wconf 78' lang='lat' dir='ltr'>Philoso-</span> 
     </span>
     <span class='ocr_line' id='line_1_23' title="bbox 61 1417 1035 1470; baseline 0.002 -14"><span class='ocrx_word' id='word_1_113' title='bbox 61 1417 200 1470; x_wconf 82' lang='lat' dir='ltr'>phiam</span> <span class='ocrx_word' id='word_1_114' title='bbox 238 1422 276 1457; x_wconf 87' lang='lat' dir='ltr'>et</span> <span class='ocrx_word' id='word_1_115' title='bbox 313 1419 484 1458; x_wconf 83' lang='lat' dir='ltr'>Sacram</span> <span class='ocrx_word' id='word_1_116' title='bbox 516 1418 709 1470; x_wconf 66' lang='lat' dir='ltr'>paqinam</span> <span class='ocrx_word' id='word_1_117' title='bbox 750 1419 1035 1469; x_wconf 76' lang='lat' dir='ltr'>interpretatus</span> 
     </span>
     <span class='ocr_line' id='line_1_24' title="bbox 66 1479 1036 1532; baseline 0.003 -15"><span class='ocrx_word' id='word_1_118' title='bbox 66 1483 126 1518; x_wconf 84' lang='lat' dir='ltr'>est</span> <span class='ocrx_word' id='word_1_119' title='bbox 146 1479 300 1530; x_wconf 87' lang='lat' dir='ltr'>optime.</span> <span class='ocrx_word' id='word_1_120' title='bbox 330 1481 461 1532; x_wconf 84' lang='lat' dir='ltr'>Super</span> <span class='ocrx_word' id='word_1_121' title='bbox 491 1480 539 1519; x_wconf 90' lang='lat' dir='ltr'>de</span> <span class='ocrx_word' id='word_1_122' title='bbox 569 1481 742 1520; x_wconf 87' lang='lat' dir='ltr'>Civitate</span> <span class='ocrx_word' id='word_1_123' title='bbox 767 1481 853 1520; x_wconf 87' lang='lat' dir='ltr'>DEI</span> <span class='ocrx_word' id='word_1_124' title='bbox 884 1485 921 1519; x_wconf 83' lang='lat' dir='ltr'>et</span> <span class='ocrx_word' id='word_1_125' title='bbox 943 1480 1036 1520; x_wconf 87' lang='lat' dir='ltr'>aliis</span> 
     </span>
     <span class='ocr_line' id='line_1_25' title="bbox 62 1540 1037 1594; baseline 0.001 -14"><span class='ocrx_word' id='word_1_126' title='bbox 62 1540 251 1593; x_wconf 85' lang='lat' dir='ltr'>pluribus</span> <span class='ocrx_word' id='word_1_127' title='bbox 275 1545 316 1581; x_wconf 94' lang='lat' dir='ltr'>B.</span> <span class='ocrx_word' id='word_1_128' title='bbox 341 1543 559 1594; x_wconf 83' lang='lat' dir='ltr'>Augustini</span> <span class='ocrx_word' id='word_1_129' title='bbox 586 1541 772 1594; x_wconf 80' lang='lat' dir='ltr'>operibus</span> <span class='ocrx_word' id='word_1_130' title='bbox 798 1546 1037 1581; x_wconf 85' lang='lat' dir='ltr'>commenta-</span> 
     </span>
     <span class='ocr_line' id='line_1_26' title="bbox 66 1603 1037 1658; baseline 0.004 -17"><span class='ocrx_word' id='word_1_131' title='bbox 66 1603 149 1643; x_wconf 87' lang='lat' dir='ltr'>rios</span> <span class='ocrx_word' id='word_1_132' title='bbox 169 1603 257 1656; x_wconf 76' lang='lat' dir='ltr'>eqit.</span> <span class='ocrx_word' id='word_1_133' title='bbox 276 1605 405 1656; x_wconf 81' lang='lat' dir='ltr'>Super</span> <span class='ocrx_word' id='word_1_134' title='bbox 420 1609 544 1644; x_wconf 87' lang='lat' dir='ltr'>totam</span> <span class='ocrx_word' id='word_1_135' title='bbox 560 1605 725 1644; x_wconf 90' lang='lat' dir='ltr'>Bibliam</span> <span class='ocrx_word' id='word_1_136' title='bbox 752 1605 1037 1658; x_wconf 77' lang='lat' dir='ltr'>eoepositionem</span> 
     </span>
     <span class='ocr_line' id='line_1_27' title="bbox 65 1666 1037 1719; baseline 0.003 -15"><span class='ocrx_word' id='word_1_137' title='bbox 65 1666 338 1718; x_wconf 52' lang='lat' dir='ltr'>depuis-simam</span> <span class='ocrx_word' id='word_1_138' title='bbox 354 1666 530 1719; x_wconf 81' lang='lat' dir='ltr'>confecit.</span> <span class='ocrx_word' id='word_1_139' title='bbox 551 1668 682 1719; x_wconf 87' lang='lat' dir='ltr'>Super</span> <span class='ocrx_word' id='word_1_140' title='bbox 706 1668 769 1707; x_wconf 90' lang='lat' dir='ltr'>lV.</span> <span class='ocrx_word' id='word_1_141' title='bbox 795 1668 918 1706; x_wconf 92' lang='lat' dir='ltr'>libros</span> <span class='ocrx_word' id='word_1_142' title='bbox 940 1669 1037 1707; x_wconf 90' lang='lat' dir='ltr'>Sen-</span> 
     </span>
     <span class='ocr_line' id='line_1_28' title="bbox 64 1729 1030 1781; baseline 0.001 -15"><span class='ocrx_word' id='word_1_143' title='bbox 64 1732 280 1769; x_wconf 83' lang='lat' dir='ltr'>tentiarum</span> <span class='ocrx_word' id='word_1_144' title='bbox 311 1729 485 1781; x_wconf 77' lang='lat' dir='ltr'>scripsit.</span> <span class='ocrx_word' id='word_1_145' title='bbox 517 1729 655 1769; x_wconf 86' lang='lat' dir='ltr'>Gratis</span> <span class='ocrx_word' id='word_1_146' title='bbox 677 1740 756 1780; x_wconf 89' lang='lat' dir='ltr'>pro</span> <span class='ocrx_word' id='word_1_147' title='bbox 782 1730 888 1769; x_wconf 76' lang='grc' dir='ltr'>ΠΕΟ</span> <span class='ocrx_word' id='word_1_148' title='bbox 909 1729 1030 1769; x_wconf 83' lang='lat' dir='ltr'>liben-</span> 
     </span>
     <span class='ocr_line' id='line_1_29' title="bbox 18 1790 1030 1844; baseline 0.001 -14"><span class='ocrx_word' id='word_1_149' title='bbox 18 1819 23 1825; x_wconf 89' lang='lat'>.</span> <span class='ocrx_word' id='word_1_150' title='bbox 65 1795 125 1830; x_wconf 84' lang='lat' dir='ltr'>ter</span> <span class='ocrx_word' id='word_1_151' title='bbox 157 1790 345 1842; x_wconf 83' lang='lat' dir='ltr'>docebat,</span> <span class='ocrx_word' id='word_1_152' title='bbox 371 1791 447 1830; x_wconf 88' lang='lat' dir='ltr'>imo</span> <span class='ocrx_word' id='word_1_153' title='bbox 479 1791 732 1844; x_wconf 79' lang='lat' dir='ltr'>pauperibus</span> <span class='ocrx_word' id='word_1_154' title='bbox 769 1791 1030 1832; x_wconf 81' lang='lat' dir='ltr'>Studentibus</span> 
     </span>
     <span class='ocr_line' id='line_1_30' title="bbox 63 1852 1034 1907; baseline 0.002 -15"><span class='ocrx_word' id='word_1_155' title='bbox 63 1853 110 1893; x_wconf 82' lang='lat' dir='ltr'>de</span> <span class='ocrx_word' id='word_1_156' title='bbox 129 1865 201 1893; x_wconf 91' lang='lat' dir='ltr'>suo</span> <span class='ocrx_word' id='word_1_157' title='bbox 220 1852 484 1894; x_wconf 78' lang='lat' dir='ltr'>subveniebat</span> <span class='ocrx_word' id='word_1_158' title='bbox 494 1855 749 1907; x_wconf 81' lang='lat' dir='ltr'>patrimonio,</span> <span class='ocrx_word' id='word_1_159' title='bbox 770 1855 925 1894; x_wconf 79' lang='lat' dir='ltr'>Divinis</span> <span class='ocrx_word' id='word_1_160' title='bbox 947 1867 1034 1906; x_wconf 90' lang='lat' dir='ltr'>ope-</span> 
     </span>
     <span class='ocr_line' id='line_1_31' title="bbox 67 1914 1032 1968; baseline 0.002 -14"><span class='ocrx_word' id='word_1_161' title='bbox 67 1914 182 1955; x_wconf 81' lang='lat' dir='ltr'>ribus</span> <span class='ocrx_word' id='word_1_162' title='bbox 210 1927 367 1968; x_wconf 82' lang='lat' dir='ltr'>semper</span> <span class='ocrx_word' id='word_1_163' title='bbox 395 1917 578 1957; x_wconf 83' lang='lat' dir='ltr'>intentus.</span> <span class='ocrx_word' id='word_1_164' title='bbox 609 1919 714 1957; x_wconf 86' lang='lat' dir='ltr'>Haec</span> <span class='ocrx_word' id='word_1_165' title='bbox 743 1917 791 1957; x_wconf 89' lang='lat' dir='ltr'>ad</span> <span class='ocrx_word' id='word_1_166' title='bbox 821 1918 895 1956; x_wconf 82' lang='lat' dir='ltr'>An.</span> <span class='ocrx_word' id='word_1_167' title='bbox 929 1918 1032 1958; x_wconf 72' lang='lat'>4456</span> 
     </span>
     <span class='ocr_line' id='line_1_32' title="bbox 64 1978 1032 2031; baseline 0.002 -15"><span class='ocrx_word' id='word_1_168' title='bbox 64 1982 203 2016; x_wconf 86' lang='lat' dir='ltr'>auctor</span> <span class='ocrx_word' id='word_1_169' title='bbox 232 1978 415 2018; x_wconf 91' lang='lat' dir='ltr'>Chronici</span> <span class='ocrx_word' id='word_1_170' title='bbox 461 1980 854 2031; x_wconf 85' lang='lat' dir='ltr'>Oldenburgensium</span> <span class='ocrx_word' id='word_1_171' title='bbox 894 1980 1032 2020; x_wconf 84' lang='lat' dir='ltr'>Archi-</span> 
     </span>
     <span class='ocr_line' id='line_1_33' title="bbox 65 2041 1030 2094; baseline 0.004 -16"><span class='ocrx_word' id='word_1_172' title='bbox 65 2041 257 2079; x_wconf 87' lang='lat' dir='ltr'>comitum</span> <span class='ocrx_word' id='word_1_173' title='bbox 286 2041 390 2092; x_wconf 89' lang='lat' dir='ltr'>apud</span> <span class='ocrx_word' id='word_1_174' title='bbox 421 2042 587 2081; x_wconf 90' lang='lat' dir='ltr'>Meibom</span> <span class='ocrx_word' id='word_1_175' title='bbox 619 2046 714 2081; x_wconf 89' lang='lat' dir='ltr'>tom.</span> <span class='ocrx_word' id='word_1_176' title='bbox 745 2043 783 2081; x_wconf 73' lang='lat'>2.</span> <span class='ocrx_word' id='word_1_177' title='bbox 815 2054 903 2094; x_wconf 85' lang='lat' dir='ltr'>pag.</span> <span class='ocrx_word' id='word_1_178' title='bbox 942 2043 1030 2083; x_wconf 74' lang='lat'>478.</span> 
     </span>
     <span class='ocr_line' id='line_1_34' title="bbox 64 2101 812 2152; baseline 0.001 -11"><span class='ocrx_word' id='word_1_179' title='bbox 64 2101 162 2141; x_wconf 87' lang='lat' dir='ltr'>Vide</span> <span class='ocrx_word' id='word_1_180' title='bbox 185 2106 226 2141; x_wconf 91' lang='lat' dir='ltr'>et</span> <span class='ocrx_word' id='word_1_181' title='bbox 255 2103 388 2152; x_wconf 81' lang='lat' dir='ltr'>tnfra,</span> <span class='ocrx_word' id='word_1_182' title='bbox 418 2104 614 2143; x_wconf 87' lang='lat' dir='ltr'>PETRUS</span> <span class='ocrx_word' id='word_1_183' title='bbox 644 2106 812 2143; x_wconf 81' lang='lat' dir='ltr'>Russus.</span> 
     </span>
     <span class='ocr_line' id='line_1_35' title="bbox 115 2164 1030 2218; baseline 0.001 -15"><span class='ocrx_word' id='word_1_184' title='bbox 115 2165 311 2204; x_wconf 86' lang='lat' dir='ltr'>PETRUS</span> <span class='ocrx_word' id='word_1_185' title='bbox 339 2164 544 2205; x_wconf 84' lang='lat' dir='ltr'>Russellus</span> <span class='ocrx_word' id='word_1_186' title='bbox 587 2166 770 2217; x_wconf 81' lang='lat' dir='ltr'>Anglus,</span> <span class='ocrx_word' id='word_1_187' title='bbox 804 2166 1030 2218; x_wconf 89' lang='lat' dir='ltr'>Theologus</span> 
     </span>
     <span class='ocr_line' id='line_1_36' title="bbox 63 2226 1028 2278; baseline 0.002 -14"><span class='ocrx_word' id='word_1_188' title='bbox 63 2226 192 2265; x_wconf 84' lang='lat' dir='ltr'>Oxon.</span> <span class='ocrx_word' id='word_1_189' title='bbox 219 2227 543 2278; x_wconf 84' lang='lat' dir='ltr'>chordigerorum</span> <span class='ocrx_word' id='word_1_190' title='bbox 575 2229 662 2267; x_wconf 82' lang='lat' dir='ltr'>sive</span> <span class='ocrx_word' id='word_1_191' title='bbox 691 2228 786 2267; x_wconf 91' lang='lat' dir='ltr'>Ord.</span> <span class='ocrx_word' id='word_1_192' title='bbox 822 2229 960 2267; x_wconf 86' lang='lat' dir='ltr'>Minor.</span> <span class='ocrx_word' id='word_1_193' title='bbox 991 2229 1028 2266; x_wconf 92' lang='lat' dir='ltr'>in</span> 
     </span>
     <span class='ocr_line' id='line_1_37' title="bbox 62 2288 1030 2344; baseline 0.002 -18"><span class='ocrx_word' id='word_1_194' title='bbox 62 2288 202 2339; x_wconf 86' lang='lat' dir='ltr'>Anglia</span> <span class='ocrx_word' id='word_1_195' title='bbox 231 2290 381 2340; x_wconf 88' lang='lat' dir='ltr'>primas</span> <span class='ocrx_word' id='word_1_196' title='bbox 409 2290 512 2344; x_wconf 58' lang='lat' dir='ltr'>Ciffia</span> <span class='ocrx_word' id='word_1_197' title='bbox 548 2292 589 2329; x_wconf 90' lang='grc' dir='ltr'>Α.</span> <span class='ocrx_word' id='word_1_198' title='bbox 619 2290 734 2329; x_wconf 71' lang='lat'>⁴4⁴0.</span> <span class='ocrx_word' id='word_1_199' title='bbox 771 2289 888 2341; x_wconf 89' lang='lat' dir='ltr'>cujus</span> <span class='ocrx_word' id='word_1_200' title='bbox 912 2290 1030 2328; x_wconf 88' lang='lat' dir='ltr'>Com-</span> 
     </span>
     <span class='ocr_line' id='line_1_38' title="bbox 61 2350 1032 2403; baseline 0 -14"><span class='ocrx_word' id='word_1_201' title='bbox 61 2352 279 2390; x_wconf 85' lang='lat' dir='ltr'>mentarios</span> <span class='ocrx_word' id='word_1_202' title='bbox 317 2351 358 2388; x_wconf 86' lang='lat' dir='ltr'>in</span> <span class='ocrx_word' id='word_1_203' title='bbox 395 2355 613 2402; x_wconf 81' lang='lat' dir='ltr'>utramque</span> <span class='ocrx_word' id='word_1_204' title='bbox 659 2350 879 2403; x_wconf 76' lang='lat' dir='ltr'>Epistulam</span> <span class='ocrx_word' id='word_1_205' title='bbox 916 2351 1032 2389; x_wconf 85' lang='lat' dir='ltr'>Petri</span> 
     </span>
     <span class='ocr_line' id='line_1_39' title="bbox 60 2411 1027 2462; baseline 0.001 -12"><span class='ocrx_word' id='word_1_206' title='bbox 60 2411 226 2450; x_wconf 86' lang='lat' dir='ltr'>laudant</span> <span class='ocrx_word' id='word_1_207' title='bbox 252 2411 452 2450; x_wconf 89' lang='lat' dir='ltr'>Lelandus</span> <span class='ocrx_word' id='word_1_208' title='bbox 474 2423 560 2462; x_wconf 90' lang='lat' dir='ltr'>cap.</span> <span class='ocrx_word' id='word_1_209' title='bbox 583 2414 674 2452; x_wconf 60' lang='lat'>5110.</span> <span class='ocrx_word' id='word_1_210' title='bbox 698 2413 844 2452; x_wconf 82' lang='lat' dir='ltr'>Baleus</span> <span class='ocrx_word' id='word_1_211' title='bbox 869 2414 934 2452; x_wconf 86' lang='lat' dir='ltr'>XI.</span> <span class='ocrx_word' id='word_1_212' title='bbox 962 2413 1027 2451; x_wconf 87' lang='lat'>30.</span> 
     </span>
     <span class='ocr_line' id='line_1_40' title="bbox 59 2473 977 2525; baseline 0.001 -14"><span class='ocrx_word' id='word_1_213' title='bbox 59 2473 215 2512; x_wconf 87' lang='lat' dir='ltr'>Pitseus</span> <span class='ocrx_word' id='word_1_214' title='bbox 247 2484 334 2524; x_wconf 82' lang='lat' dir='ltr'>peg.</span> <span class='ocrx_word' id='word_1_215' title='bbox 363 2474 454 2512; x_wconf 85' lang='lat'>590.</span> <span class='ocrx_word' id='word_1_216' title='bbox 485 2473 738 2525; x_wconf 84' lang='lat' dir='ltr'>Waddingus</span> <span class='ocrx_word' id='word_1_217' title='bbox 767 2485 854 2524; x_wconf 89' lang='lat' dir='ltr'>pag.</span> <span class='ocrx_word' id='word_1_218' title='bbox 885 2476 977 2514; x_wconf 74' lang='lat'>289.</span> 
     </span>
     <span class='ocr_line' id='line_1_41' title="bbox 113 2535 1026 2585; baseline 0 -12"><span class='ocrx_word' id='word_1_219' title='bbox 113 2535 308 2574; x_wconf 88' lang='lat' dir='ltr'>PETRUS</span> <span class='ocrx_word' id='word_1_220' title='bbox 335 2536 491 2574; x_wconf 87' lang='lat' dir='ltr'>Russus</span> <span class='ocrx_word' id='word_1_221' title='bbox 516 2535 734 2582; x_wconf 86' lang='lat' dir='ltr'>Senensis,</span> <span class='ocrx_word' id='word_1_222' title='bbox 760 2535 1026 2585; x_wconf 86' lang='lat' dir='ltr'>Philosophus</span> 
     </span>
     <span class='ocr_line' id='line_1_42' title="bbox 59 2594 1027 2648; baseline 0.001 -15"><span class='ocrx_word' id='word_1_223' title='bbox 59 2597 254 2648; x_wconf 88' lang='lat' dir='ltr'>insignis,</span> <span class='ocrx_word' id='word_1_224' title='bbox 301 2601 439 2636; x_wconf 86' lang='lat' dir='ltr'>auctor</span> <span class='ocrx_word' id='word_1_225' title='bbox 480 2597 792 2635; x_wconf 86' lang='lat' dir='ltr'>continuationis</span> <span class='ocrx_word' id='word_1_226' title='bbox 838 2594 1027 2634; x_wconf 80' lang='lat' dir='ltr'>historiae</span> 
     </span>
     <span class='ocr_line' id='line_1_43' title="bbox 57 2657 1026 2698; baseline -0.004 0"><span class='ocrx_word' id='word_1_227' title='bbox 57 2657 240 2698; x_wconf 76' lang='lat' dir='ltr'>Senensis</span> <span class='ocrx_word' id='word_1_228' title='bbox 270 2660 292 2697; x_wconf 80' lang='lat' dir='ltr'>a</span> <span class='ocrx_word' id='word_1_229' title='bbox 321 2658 515 2698; x_wconf 76' lang='lat' dir='ltr'>JOANNE</span> <span class='ocrx_word' id='word_1_230' title='bbox 564 2658 742 2697; x_wconf 81' lang='lat' dir='ltr'>Bandino</span> <span class='ocrx_word' id='word_1_231' title='bbox 772 2657 821 2696; x_wconf 85' lang='lat' dir='ltr'>de</span> <span class='ocrx_word' id='word_1_232' title='bbox 860 2657 1026 2695; x_wconf 86' lang='lat' dir='ltr'>Bartho-</span> 
     </span>
     <span class='ocr_line' id='line_1_44' title="bbox 56 2718 1021 2770; baseline -0.003 -11"><span class='ocrx_word' id='word_1_233' title='bbox 56 2721 220 2760; x_wconf 88' lang='lat' dir='ltr'>lomaeis</span> <span class='ocrx_word' id='word_1_234' title='bbox 250 2721 298 2760; x_wconf 90' lang='lat' dir='ltr'>ab</span> <span class='ocrx_word' id='word_1_235' title='bbox 327 2720 402 2760; x_wconf 86' lang='lat' dir='ltr'>An.</span> <span class='ocrx_word' id='word_1_236' title='bbox 436 2721 553 2760; x_wconf 66' lang='lat'>4402.</span> <span class='ocrx_word' id='word_1_237' title='bbox 586 2719 799 2770; x_wconf 87' lang='lat' dir='ltr'>productae</span> <span class='ocrx_word' id='word_1_238' title='bbox 823 2729 950 2768; x_wconf 83' lang='lat' dir='ltr'>usquc</span> <span class='ocrx_word' id='word_1_239' title='bbox 974 2718 1021 2757; x_wconf 90' lang='lat' dir='ltr'>ad</span> 
     </span>
     <span class='ocr_line' id='line_1_45' title="bbox 54 2781 1022 2824; baseline -0.002 -3"><span class='ocrx_word' id='word_1_240' title='bbox 54 2782 128 2821; x_wconf 85' lang='lat' dir='ltr'>An.</span> <span class='ocrx_word' id='word_1_241' title='bbox 155 2783 274 2824; x_wconf 69' lang='lat'>4422.</span> <span class='ocrx_word' id='word_1_242' title='bbox 298 2787 339 2822; x_wconf 88' lang='lat' dir='ltr'>et</span> <span class='ocrx_word' id='word_1_243' title='bbox 362 2784 385 2821; x_wconf 77' lang='lat' dir='ltr'>a</span> <span class='ocrx_word' id='word_1_244' title='bbox 401 2782 687 2822; x_wconf 81' lang='lat' dir='ltr'>FRANClSCO</span> <span class='ocrx_word' id='word_1_245' title='bbox 703 2781 916 2820; x_wconf 85' lang='lat' dir='ltr'>Thomasio</span> <span class='ocrx_word' id='word_1_246' title='bbox 934 2781 1022 2819; x_wconf 85' lang='lat' dir='ltr'>eius</span> 
     </span>
     <span class='ocr_line' id='line_1_46' title="bbox 54 2841 1018 2896; baseline -0.004 -14"><span class='ocrx_word' id='word_1_247' title='bbox 54 2849 270 2894; x_wconf 83' lang='lat' dir='ltr'>pronepote</span> <span class='ocrx_word' id='word_1_248' title='bbox 300 2850 485 2896; x_wconf 86' lang='lat' dir='ltr'>peractae</span> <span class='ocrx_word' id='word_1_249' title='bbox 515 2855 644 2894; x_wconf 89' lang='lat' dir='ltr'>usque</span> <span class='ocrx_word' id='word_1_250' title='bbox 674 2842 722 2881; x_wconf 91' lang='lat' dir='ltr'>ad</span> <span class='ocrx_word' id='word_1_251' title='bbox 754 2842 870 2880; x_wconf 82' lang='lat' dir='ltr'>Anno</span> <span class='ocrx_word' id='word_1_252' title='bbox 902 2841 1018 2879; x_wconf 63' lang='lat'>4468.</span> 
     </span>
     <span class='ocr_line' id='line_1_47' title="bbox 53 2903 1019 2946; baseline -0.005 -2"><span class='ocrx_word' id='word_1_253' title='bbox 53 2905 187 2944; x_wconf 90' lang='lat' dir='ltr'>Edidit</span> <span class='ocrx_word' id='word_1_254' title='bbox 215 2907 502 2946; x_wconf 87' lang='lat' dir='ltr'>celeberrimus</span> <span class='ocrx_word' id='word_1_255' title='bbox 536 2905 776 2944; x_wconf 86' lang='lat' dir='ltr'>Muratorius</span> <span class='ocrx_word' id='word_1_256' title='bbox 807 2904 844 2940; x_wconf 93' lang='lat' dir='ltr'>in</span> <span class='ocrx_word' id='word_1_257' title='bbox 884 2903 1019 2940; x_wconf 86' lang='lat' dir='ltr'>limine</span> 
     </span>
     <span class='ocr_line' id='line_1_48' title="bbox 52 2965 1019 3017; baseline -0.003 -12"><span class='ocrx_word' id='word_1_258' title='bbox 52 2968 146 3005; x_wconf 88' lang='lat' dir='ltr'>tomi</span> <span class='ocrx_word' id='word_1_259' title='bbox 178 2966 267 3006; x_wconf 86' lang='lat' dir='ltr'>XX.</span> <span class='ocrx_word' id='word_1_260' title='bbox 294 2967 472 3007; x_wconf 82' lang='lat' dir='ltr'>thesauri</span> <span class='ocrx_word' id='word_1_261' title='bbox 495 2969 732 3017; x_wconf 85' lang='lat' dir='ltr'>scriptorum</span> <span class='ocrx_word' id='word_1_262' title='bbox 760 2965 912 3003; x_wconf 82' lang='lat' dir='ltr'>ltaliae:</span> <span class='ocrx_word' id='word_1_263' title='bbox 939 2966 1019 3002; x_wconf 74' lang='lat' dir='ltr'>Me-</span> 
     </span>
     <span class='ocr_line' id='line_1_49' title="bbox 51 3027 1015 3073; baseline -0.003 -8"><span class='ocrx_word' id='word_1_264' title='bbox 51 3027 196 3066; x_wconf 89' lang='lat' dir='ltr'>diolan.</span> <span class='ocrx_word' id='word_1_265' title='bbox 243 3028 360 3067; x_wconf 70' lang='lat'>473⁴.</span> <span class='ocrx_word' id='word_1_266' title='bbox 409 3029 473 3067; x_wconf 89' lang='lat' dir='ltr'>fol.</span> <span class='ocrx_word' id='word_1_267' title='bbox 506 3030 618 3067; x_wconf 89' lang='lat' dir='ltr'>llunc</span> <span class='ocrx_word' id='word_1_268' title='bbox 648 3029 822 3066; x_wconf 81' lang='lat' dir='ltr'>Russum</span> <span class='ocrx_word' id='word_1_269' title='bbox 854 3031 1015 3073; x_wconf 84' lang='lat' dir='ltr'>autem,</span> 
     </span>
     <span class='ocr_line' id='line_1_50' title="bbox 50 3088 1015 3140; baseline -0.003 -13"><span class='ocrx_word' id='word_1_270' title='bbox 50 3089 99 3128; x_wconf 86' lang='lat' dir='ltr'>de</span> <span class='ocrx_word' id='word_1_271' title='bbox 123 3100 202 3140; x_wconf 91' lang='lat' dir='ltr'>quo</span> <span class='ocrx_word' id='word_1_272' title='bbox 232 3089 443 3128; x_wconf 82' lang='lat' dir='ltr'>llubertus-</span> <span class='ocrx_word' id='word_1_273' title='bbox 464 3090 779 3140; x_wconf 85' lang='lat' dir='ltr'>Benvoglientus</span> <span class='ocrx_word' id='word_1_274' title='bbox 824 3088 1015 3126; x_wconf 78' lang='lat' dir='ltr'>Patricius</span> 
     </span>
     <span class='ocr_line' id='line_1_51' title="bbox 50 3149 1014 3202; baseline -0.002 -12"><span class='ocrx_word' id='word_1_275' title='bbox 50 3152 240 3191; x_wconf 83' lang='lat' dir='ltr'>Senensis</span> <span class='ocrx_word' id='word_1_276' title='bbox 271 3152 392 3202; x_wconf 78' lang='lat' dir='ltr'>praef.</span> <span class='ocrx_word' id='word_1_277' title='bbox 431 3151 477 3190; x_wconf 92' lang='lat' dir='ltr'>ad</span> <span class='ocrx_word' id='word_1_278' title='bbox 510 3151 689 3190; x_wconf 85' lang='lat' dir='ltr'>eiusdem</span> <span class='ocrx_word' id='word_1_279' title='bbox 735 3149 912 3188; x_wconf 74' lang='lat' dir='ltr'>thesauri</span> <span class='ocrx_word' id='word_1_280' title='bbox 959 3154 1014 3188; x_wconf 80' lang='lat' dir='ltr'>to-</span> 
     </span>
    </p>
   </div>
   <div class='ocr_carea' id='block_1_3' title="bbox 102 3283 766 3323">
    <p class='ocr_par' dir='ltr' id='par_1_3' title="bbox 102 3283 766 3323">
     <span class='ocr_line' id='line_1_52' title="bbox 102 3283 766 3323; baseline 0 -9"><span class='ocrx_word' id='word_1_281' title='bbox 102 3283 135 3323; x_wconf 78' lang='lat' dir='ltr'>a)</span> <span class='ocrx_word' id='word_1_282' title='bbox 149 3284 393 3316; x_wconf 76' lang='lat' dir='ltr'>sammarthani</span> <span class='ocrx_word' id='word_1_283' title='bbox 413 3287 492 3315; x_wconf 85' lang='lat' dir='ltr'>tom.</span> <span class='ocrx_word' id='word_1_284' title='bbox 514 3285 565 3314; x_wconf 71' lang='lat' dir='ltr'>ll&#39;.</span> <span class='ocrx_word' id='word_1_285' title='bbox 584 3292 659 3322; x_wconf 67' lang='lat' dir='ltr'>pag.</span> <span class='ocrx_word' id='word_1_286' title='bbox 683 3283 739 3313; x_wconf 66' lang='lat' dir='ltr'>{ml</span> <span class='ocrx_word' id='word_1_287' title='bbox 759 3307 766 3314; x_wconf 96' lang='lat'>.</span> 
     </span>
    </p>
   </div>
   <div class='ocr_carea' id='block_1_4' title="bbox 949 177 1235 220">
    <p class='ocr_par' dir='ltr' id='par_1_4' title="bbox 949 177 1235 220">
     <span class='ocr_line' id='line_1_53' title="bbox 949 177 1235 220; baseline 0.017 -5"><span class='ocrx_word' id='word_1_288' title='bbox 949 177 1235 220; x_wconf 74' lang='lat' dir='ltr'>PETRUS</span> 
     </span>
    </p>
   </div>
   <div class='ocr_carea' id='block_1_5' title="bbox 1090 196 2098 3221">
    <p class='ocr_par' dir='ltr' id='par_1_5' title="bbox 1128 196 2098 371">
     <span class='ocr_line' id='line_1_54' title="bbox 2022 196 2098 235; baseline 0.039 -3"><span class='ocrx_word' id='word_1_289' title='bbox 2022 196 2098 235; x_wconf 75' lang='lat'>265</span> 
     </span>
     <span class='ocr_line' id='line_1_55' title="bbox 1129 256 2089 309; baseline 0.013 -18"><span class='ocrx_word' id='word_1_290' title='bbox 1129 265 1238 292; x_wconf 90' lang='lat' dir='ltr'>mum</span> <span class='ocrx_word' id='word_1_291' title='bbox 1264 256 1347 294; x_wconf 81' lang='lat' dir='ltr'>XV.</span> <span class='ocrx_word' id='word_1_292' title='bbox 1374 268 1449 295; x_wconf 85' lang='lat' dir='ltr'>non</span> <span class='ocrx_word' id='word_1_293' title='bbox 1467 258 1672 297; x_wconf 81' lang='lat' dir='ltr'>diversum</span> <span class='ocrx_word' id='word_1_294' title='bbox 1693 261 1850 309; x_wconf 81' lang='lat' dir='ltr'>putabis</span> <span class='ocrx_word' id='word_1_295' title='bbox 1875 263 1897 300; x_wconf 72' lang='lat' dir='ltr'>a</span> <span class='ocrx_word' id='word_1_296' title='bbox 1925 264 2089 304; x_wconf 64' lang='lat' dir='ltr'>vl-Jrsso</span> 
     </span>
     <span class='ocr_line' id='line_1_56' title="bbox 1128 314 1860 371; baseline 0.011 -18"><span class='ocrx_word' id='word_1_297' title='bbox 1128 314 1175 354; x_wconf 75' lang='lat' dir='ltr'>cle</span> <span class='ocrx_word' id='word_1_298' title='bbox 1204 315 1375 367; x_wconf 85' lang='lat' dir='ltr'>Rubeis,</span> <span class='ocrx_word' id='word_1_299' title='bbox 1407 319 1456 358; x_wconf 85' lang='lat' dir='ltr'>de</span> <span class='ocrx_word' id='word_1_300' title='bbox 1486 332 1564 369; x_wconf 84' lang='lat' dir='ltr'>quo</span> <span class='ocrx_word' id='word_1_301' title='bbox 1596 321 1726 371; x_wconf 91' lang='lat' dir='ltr'>paullo</span> <span class='ocrx_word' id='word_1_302' title='bbox 1755 327 1860 362; x_wconf 90' lang='lat' dir='ltr'>ante.</span> 
     </span>
    </p>

    <p class='ocr_par' dir='ltr' id='par_1_6' title="bbox 1183 379 2091 433">
     <span class='ocr_line' id='line_1_57' title="bbox 1183 379 2091 433; baseline 0.013 -17"><span class='ocrx_word' id='word_1_303' title='bbox 1183 379 1308 417; x_wconf 86' lang='lat' dir='ltr'>PETR</span> <span class='ocrx_word' id='word_1_304' title='bbox 1317 381 1374 419; x_wconf 89' lang='lat' dir='ltr'>US</span> <span class='ocrx_word' id='word_1_305' title='bbox 1384 380 1573 433; x_wconf 83' lang='lat' dir='ltr'>Salpinus</span> <span class='ocrx_word' id='word_1_306' title='bbox 1590 384 1624 420; x_wconf 88' lang='lat' dir='ltr'>in</span> <span class='ocrx_word' id='word_1_307' title='bbox 1633 384 1656 421; x_wconf 87' lang='lat' dir='ltr'>f.</span> <span class='ocrx_word' id='word_1_308' title='bbox 1669 413 1676 430; x_wconf 76' lang='lat'>,</span> <span class='ocrx_word' id='word_1_309' title='bbox 1696 384 1837 424; x_wconf 86' lang='lat' dir='ltr'>Petrus</span> <span class='ocrx_word' id='word_1_310' title='bbox 1855 387 2091 429; x_wconf 82' lang='lat' dir='ltr'>Vasatensis.</span> 
     </span>
    </p>

    <p class='ocr_par' dir='ltr' id='par_1_7' title="bbox 1112 441 2093 1362">
     <span class='ocr_line' id='line_1_58' title="bbox 1183 441 2092 495; baseline 0.013 -17"><span class='ocrx_word' id='word_1_311' title='bbox 1183 441 1376 481; x_wconf 81' lang='lat' dir='ltr'>PETRUS</span> <span class='ocrx_word' id='word_1_312' title='bbox 1414 444 1722 495; x_wconf 80' lang='lat' dir='ltr'>Sanctofidensis</span> <span class='ocrx_word' id='word_1_313' title='bbox 1752 448 1838 486; x_wconf 91' lang='lat' dir='ltr'>sive</span> <span class='ocrx_word' id='word_1_314' title='bbox 1868 448 1915 487; x_wconf 83' lang='lat' dir='ltr'>de</span> <span class='ocrx_word' id='word_1_315' title='bbox 1943 452 2092 490; x_wconf 83' lang='lat' dir='ltr'>Sancta</span> 
     </span>
     <span class='ocr_line' id='line_1_59' title="bbox 1126 501 2086 559; baseline 0.015 -21"><span class='ocrx_word' id='word_1_316' title='bbox 1126 501 1222 540; x_wconf 83' lang='lat' dir='ltr'>Fide</span> <span class='ocrx_word' id='word_1_317' title='bbox 1243 502 1396 553; x_wconf 84' lang='lat' dir='ltr'>Anglus</span> <span class='ocrx_word' id='word_1_318' title='bbox 1427 506 1565 544; x_wconf 84' lang='lat' dir='ltr'>Doctor</span> <span class='ocrx_word' id='word_1_319' title='bbox 1601 508 1719 546; x_wconf 86' lang='lat' dir='ltr'>Paris.</span> <span class='ocrx_word' id='word_1_320' title='bbox 1751 513 1871 559; x_wconf 84' lang='lat' dir='ltr'>atque</span> <span class='ocrx_word' id='word_1_321' title='bbox 1897 511 2023 551; x_wconf 78' lang='lat' dir='ltr'>redux</span> <span class='ocrx_word' id='word_1_322' title='bbox 2050 515 2086 552; x_wconf 90' lang='lat' dir='ltr'>in</span> 
     </span>
     <span class='ocr_line' id='line_1_60' title="bbox 1125 563 2093 614; baseline 0.013 -14"><span class='ocrx_word' id='word_1_323' title='bbox 1125 563 1306 614; x_wconf 80' lang='lat' dir='ltr'>Angliam</span> <span class='ocrx_word' id='word_1_324' title='bbox 1338 566 1551 606; x_wconf 87' lang='lat' dir='ltr'>Carmelita</span> <span class='ocrx_word' id='word_1_325' title='bbox 1595 569 1787 610; x_wconf 89' lang='lat' dir='ltr'>alumnus</span> <span class='ocrx_word' id='word_1_326' title='bbox 1826 573 2093 613; x_wconf 65' lang='lat' dir='ltr'>Nordovicew</span> 
     </span>
     <span class='ocr_line' id='line_1_61' title="bbox 1126 626 2090 676; baseline 0.016 -15"><span class='ocrx_word' id='word_1_327' title='bbox 1126 626 1181 662; x_wconf 80' lang='lat' dir='ltr'>sis</span> <span class='ocrx_word' id='word_1_328' title='bbox 1211 627 1390 665; x_wconf 86' lang='lat' dir='ltr'>coenobii</span> <span class='ocrx_word' id='word_1_329' title='bbox 1423 628 1642 669; x_wconf 84' lang='lat' dir='ltr'>defunctus</span> <span class='ocrx_word' id='word_1_330' title='bbox 1673 633 1708 670; x_wconf 85' lang='lat'>8.</span> <span class='ocrx_word' id='word_1_331' title='bbox 1740 635 1837 672; x_wconf 61' lang='grc' dir='ltr'>ἸΝον.</span> <span class='ocrx_word' id='word_1_332' title='bbox 1868 635 1927 673; x_wconf 86' lang='lat' dir='ltr'>An</span> <span class='ocrx_word' id='word_1_333' title='bbox 1976 637 2090 676; x_wconf 72' lang='lat'>4452.</span> 
     </span>
     <span class='ocr_line' id='line_1_62' title="bbox 1124 686 2087 747; baseline 0.013 -22"><span class='ocrx_word' id='word_1_334' title='bbox 1124 686 1223 736; x_wconf 77' lang='lat' dir='ltr'>Ejus</span> <span class='ocrx_word' id='word_1_335' title='bbox 1253 690 1426 740; x_wconf 86' lang='lat' dir='ltr'>scripta:</span> <span class='ocrx_word' id='word_1_336' title='bbox 1459 692 1743 732; x_wconf 83' lang='lat' dir='ltr'>Commentarii</span> <span class='ocrx_word' id='word_1_337' title='bbox 1774 696 1815 733; x_wconf 79' lang='lat' dir='ltr'>in</span> <span class='ocrx_word' id='word_1_338' title='bbox 1838 697 2017 747; x_wconf 83' lang='lat' dir='ltr'>priorem</span> <span class='ocrx_word' id='word_1_339' title='bbox 2047 701 2087 739; x_wconf 88' lang='lat' dir='ltr'>S.</span> 
     </span>
     <span class='ocr_line' id='line_1_63' title="bbox 1123 749 2089 803; baseline 0.016 -17"><span class='ocrx_word' id='word_1_340' title='bbox 1123 749 1239 788; x_wconf 83' lang='lat' dir='ltr'>Petri</span> <span class='ocrx_word' id='word_1_341' title='bbox 1257 750 1488 801; x_wconf 74' lang='lat' dir='ltr'>Epistulam,</span> <span class='ocrx_word' id='word_1_342' title='bbox 1515 753 1766 803; x_wconf 68' lang='lat' dir='ltr'>concionum,</span> <span class='ocrx_word' id='word_1_343' title='bbox 1787 759 2089 800; x_wconf 80' lang='lat' dir='ltr'>Determinatio-</span> 
     </span>
     <span class='ocr_line' id='line_1_64' title="bbox 1120 815 2085 863; baseline 0.012 -14"><span class='ocrx_word' id='word_1_344' title='bbox 1120 823 1225 853; x_wconf 63' lang='lat' dir='ltr'>rium.</span> <span class='ocrx_word' id='word_1_345' title='bbox 1250 818 1290 851; x_wconf 84' lang='lat' dir='ltr'>et</span> <span class='ocrx_word' id='word_1_346' title='bbox 1315 815 1599 863; x_wconf 74' lang='lat' dir='ltr'>Quaestionum</span> <span class='ocrx_word' id='word_1_347' title='bbox 1625 818 1725 857; x_wconf 90' lang='lat' dir='ltr'>libri.</span> <span class='ocrx_word' id='word_1_348' title='bbox 1750 820 1846 859; x_wconf 82' lang='lat' dir='ltr'>Vide</span> <span class='ocrx_word' id='word_1_349' title='bbox 1869 823 2085 862; x_wconf 82' lang='lat' dir='ltr'>Lelanduin</span> 
     </span>
     <span class='ocr_line' id='line_1_65' title="bbox 1118 876 2086 934; baseline 0.012 -23"><span class='ocrx_word' id='word_1_350' title='bbox 1118 885 1201 925; x_wconf 89' lang='lat' dir='ltr'>cap.</span> <span class='ocrx_word' id='word_1_351' title='bbox 1234 876 1324 914; x_wconf 87' lang='lat'>398.</span> <span class='ocrx_word' id='word_1_352' title='bbox 1355 878 1421 915; x_wconf 87' lang='lat' dir='ltr'>llis</span> <span class='ocrx_word' id='word_1_353' title='bbox 1451 878 1553 928; x_wconf 89' lang='lat' dir='ltr'>apud</span> <span class='ocrx_word' id='word_1_354' title='bbox 1601 880 1763 919; x_wconf 84' lang='lat' dir='ltr'>Baleum</span> <span class='ocrx_word' id='word_1_355' title='bbox 1811 882 2086 934; x_wconf 85' lang='lat' dir='ltr'>adjunguntur</span> 
     </span>
     <span class='ocr_line' id='line_1_66' title="bbox 1121 935 2085 987; baseline 0.012 -14"><span class='ocrx_word' id='word_1_356' title='bbox 1121 935 1159 973; x_wconf 84' lang='lat' dir='ltr'>in</span> <span class='ocrx_word' id='word_1_357' title='bbox 1182 937 1444 987; x_wconf 79' lang='lat' dir='ltr'>posteriorem</span> <span class='ocrx_word' id='word_1_358' title='bbox 1476 940 1588 979; x_wconf 85' lang='lat' dir='ltr'>Petri</span> <span class='ocrx_word' id='word_1_359' title='bbox 1629 942 1820 981; x_wconf 86' lang='lat' dir='ltr'>lectiones</span> <span class='ocrx_word' id='word_1_360' title='bbox 1865 947 2085 985; x_wconf 71' lang='lat' dir='ltr'>xxxviii.</span> 
     </span>
     <span class='ocr_line' id='line_1_67' title="bbox 1117 998 2083 1052; baseline 0.013 -18"><span class='ocrx_word' id='word_1_361' title='bbox 1117 998 1371 1038; x_wconf 82' lang='lat' dir='ltr'>Breviarium</span> <span class='ocrx_word' id='word_1_362' title='bbox 1397 1002 1704 1052; x_wconf 77' lang='lat' dir='ltr'>Sententiarum,</span> <span class='ocrx_word' id='word_1_363' title='bbox 1729 1005 1948 1045; x_wconf 81' lang='lat' dir='ltr'>Praeeonz&#39;a</span> <span class='ocrx_word' id='word_1_364' title='bbox 1975 1009 2083 1047; x_wconf 74' lang='lat' dir='ltr'>Petri</span> 
     </span>
     <span class='ocr_line' id='line_1_68' title="bbox 1115 1059 2081 1118; baseline 0.011 -21"><span class='ocrx_word' id='word_1_365' title='bbox 1115 1059 1338 1100; x_wconf 83' lang='lat' dir='ltr'>Lambardi.</span> <span class='ocrx_word' id='word_1_366' title='bbox 1365 1062 1629 1113; x_wconf 73' lang='lat' dir='ltr'>Alpliabetum</span> <span class='ocrx_word' id='word_1_367' title='bbox 1660 1065 1895 1118; x_wconf 68' lang='lat' dir='ltr'>Theoloqiae.</span> <span class='ocrx_word' id='word_1_368' title='bbox 1926 1068 2081 1108; x_wconf 81' lang='lat' dir='ltr'>l’lacita</span> 
     </span>
     <span class='ocr_line' id='line_1_69' title="bbox 1117 1121 2083 1179; baseline 0.013 -21"><span class='ocrx_word' id='word_1_369' title='bbox 1117 1121 1351 1172; x_wconf 67' lang='lat' dir='ltr'>Tlieoloyiae.</span> <span class='ocrx_word' id='word_1_370' title='bbox 1380 1125 1462 1163; x_wconf 87' lang='lat' dir='ltr'>Pro</span> <span class='ocrx_word' id='word_1_371' title='bbox 1493 1138 1569 1165; x_wconf 85' lang='lat' dir='ltr'>sua</span> <span class='ocrx_word' id='word_1_372' title='bbox 1612 1127 1838 1179; x_wconf 77' lang='lat' dir='ltr'>inceptione.</span> <span class='ocrx_word' id='word_1_373' title='bbox 1874 1131 2083 1171; x_wconf 81' lang='lat' dir='ltr'>Sermones</span> 
     </span>
     <span class='ocr_line' id='line_1_70' title="bbox 1114 1183 2078 1239; baseline 0.011 -19"><span class='ocrx_word' id='word_1_374' title='bbox 1114 1183 1374 1233; x_wconf 83' lang='lat' dir='ltr'>capitulares.</span> <span class='ocrx_word' id='word_1_375' title='bbox 1400 1188 1557 1226; x_wconf 84' lang='lat' dir='ltr'>Pitseus</span> <span class='ocrx_word' id='word_1_376' title='bbox 1589 1200 1673 1239; x_wconf 81' lang='lat' dir='ltr'>pag.</span> <span class='ocrx_word' id='word_1_377' title='bbox 1701 1190 1791 1229; x_wconf 61' lang='lat'>648.</span> <span class='ocrx_word' id='word_1_378' title='bbox 1821 1192 1928 1230; x_wconf 86' lang='lat' dir='ltr'>addit</span> <span class='ocrx_word' id='word_1_379' title='bbox 1960 1196 2078 1231; x_wconf 81' lang='lat' dir='ltr'>etiam</span> 
     </span>
     <span class='ocr_line' id='line_1_71' title="bbox 1114 1244 2079 1302; baseline 0.011 -20"><span class='ocrx_word' id='word_1_380' title='bbox 1114 1244 1427 1286; x_wconf 83' lang='lat' dir='ltr'>Commentarios</span> <span class='ocrx_word' id='word_1_381' title='bbox 1458 1248 1497 1286; x_wconf 86' lang='lat' dir='ltr'>in</span> <span class='ocrx_word' id='word_1_382' title='bbox 1525 1261 1657 1289; x_wconf 85' lang='lat' dir='ltr'>omnes</span> <span class='ocrx_word' id='word_1_383' title='bbox 1704 1252 1902 1302; x_wconf 78' lang='lat' dir='ltr'>Epistulas</span> <span class='ocrx_word' id='word_1_384' title='bbox 1951 1254 2079 1293; x_wconf 75' lang='lat' dir='ltr'>Pauli.</span> 
     </span>
     <span class='ocr_line' id='line_1_72' title="bbox 1112 1307 1787 1362; baseline 0.015 -19"><span class='ocrx_word' id='word_1_385' title='bbox 1112 1307 1169 1343; x_wconf 72' lang='lat' dir='ltr'>lix</span> <span class='ocrx_word' id='word_1_386' title='bbox 1203 1309 1332 1346; x_wconf 81' lang='lat' dir='ltr'>Pitsco</span> <span class='ocrx_word' id='word_1_387' title='bbox 1362 1310 1548 1359; x_wconf 82' lang='lat' dir='ltr'>Alegrius</span> <span class='ocrx_word' id='word_1_388' title='bbox 1581 1324 1666 1362; x_wconf 81' lang='lat' dir='ltr'>pag.</span> <span class='ocrx_word' id='word_1_389' title='bbox 1698 1316 1787 1353; x_wconf 77' lang='lat'>353.</span> 
     </span>
    </p>

    <p class='ocr_par' dir='ltr' id='par_1_8' title="bbox 1101 1369 2081 2650">
     <span class='ocr_line' id='line_1_73' title="bbox 1164 1369 2078 1429; baseline 0.013 -23"><span class='ocrx_word' id='word_1_390' title='bbox 1164 1369 1360 1408; x_wconf 83' lang='lat' dir='ltr'>PETRUS</span> <span class='ocrx_word' id='word_1_391' title='bbox 1388 1373 1628 1421; x_wconf 86' lang='lat' dir='ltr'>Sarnensis,</span> <span class='ocrx_word' id='word_1_392' title='bbox 1660 1376 1746 1414; x_wconf 88' lang='lat' dir='ltr'>sive</span> <span class='ocrx_word' id='word_1_393' title='bbox 1778 1378 1898 1415; x_wconf 89' lang='lat' dir='ltr'>Vallis</span> <span class='ocrx_word' id='word_1_394' title='bbox 1925 1379 2078 1429; x_wconf 84' lang='lat' dir='ltr'>Sarnaji</span> 
     </span>
     <span class='ocr_line' id='line_1_74' title="bbox 1110 1431 2080 1490; baseline 0.013 -23"><span class='ocrx_word' id='word_1_395' title='bbox 1110 1442 1182 1469; x_wconf 88' lang='lat' dir='ltr'>seu</span> <span class='ocrx_word' id='word_1_396' title='bbox 1207 1431 1365 1482; x_wconf 87' lang='lat' dir='ltr'>Cernaji</span> <span class='ocrx_word' id='word_1_397' title='bbox 1398 1432 1475 1481; x_wconf 87' lang='lat' dir='ltr'>(des</span> <span class='ocrx_word' id='word_1_398' title='bbox 1510 1436 1629 1474; x_wconf 75' lang='lat' dir='ltr'>Vauae</span> <span class='ocrx_word' id='word_1_399' title='bbox 1657 1436 1704 1474; x_wconf 82' lang='lat' dir='ltr'>de</span> <span class='ocrx_word' id='word_1_400' title='bbox 1735 1438 1907 1490; x_wconf 76' lang='lat' dir='ltr'>Cernay)</span> <span class='ocrx_word' id='word_1_401' title='bbox 1947 1442 2080 1480; x_wconf 87' lang='lat' dir='ltr'>Mona-</span> 
     </span>
     <span class='ocr_line' id='line_1_75' title="bbox 1110 1492 2078 1540; baseline 0.011 -10"><span class='ocrx_word' id='word_1_402' title='bbox 1110 1492 1212 1531; x_wconf 88' lang='lat' dir='ltr'>chus</span> <span class='ocrx_word' id='word_1_403' title='bbox 1236 1493 1330 1532; x_wconf 91' lang='lat' dir='ltr'>Ord.</span> <span class='ocrx_word' id='word_1_404' title='bbox 1362 1495 1461 1532; x_wconf 89' lang='lat' dir='ltr'>Cist.</span> <span class='ocrx_word' id='word_1_405' title='bbox 1493 1496 1530 1532; x_wconf 90' lang='lat' dir='ltr'>in</span> <span class='ocrx_word' id='word_1_406' title='bbox 1563 1496 1710 1536; x_wconf 79' lang='lat' dir='ltr'>finibus</span> <span class='ocrx_word' id='word_1_407' title='bbox 1755 1498 1949 1538; x_wconf 86' lang='lat' dir='ltr'>dioecesis</span> <span class='ocrx_word' id='word_1_408' title='bbox 1985 1504 2078 1540; x_wconf 85' lang='lat' dir='ltr'>Car-</span> 
     </span>
     <span class='ocr_line' id='line_1_76' title="bbox 1113 1556 2081 1611; baseline 0.008 -20"><span class='ocrx_word' id='word_1_409' title='bbox 1113 1556 1305 1603; x_wconf 90' lang='lat' dir='ltr'>notensis,</span> <span class='ocrx_word' id='word_1_410' title='bbox 1335 1560 1376 1594; x_wconf 82' lang='lat' dir='ltr'>et</span> <span class='ocrx_word' id='word_1_411' title='bbox 1405 1557 1666 1606; x_wconf 89' lang='lat' dir='ltr'>Parisiensis,</span> <span class='ocrx_word' id='word_1_412' title='bbox 1698 1560 1734 1607; x_wconf 90' lang='lat' dir='ltr'>a)</span> <span class='ocrx_word' id='word_1_413' title='bbox 1764 1562 1932 1611; x_wconf 89' lang='lat' dir='ltr'>scriptor</span> <span class='ocrx_word' id='word_1_414' title='bbox 1962 1562 2081 1601; x_wconf 76' lang='lat' dir='ltr'>histo-</span> 
     </span>
     <span class='ocr_line' id='line_1_77' title="bbox 1111 1615 2078 1669; baseline 0.009 -15"><span class='ocrx_word' id='word_1_415' title='bbox 1111 1616 1198 1655; x_wconf 85' lang='lat' dir='ltr'>riae</span> <span class='ocrx_word' id='word_1_416' title='bbox 1222 1615 1493 1669; x_wconf 70' lang='lat' dir='ltr'>Albigyensium</span> <span class='ocrx_word' id='word_1_417' title='bbox 1527 1625 1567 1657; x_wconf 87' lang='lat' dir='ltr'>et</span> <span class='ocrx_word' id='word_1_418' title='bbox 1593 1619 1687 1659; x_wconf 81' lang='lat' dir='ltr'>belli</span> <span class='ocrx_word' id='word_1_419' title='bbox 1711 1622 1824 1660; x_wconf 86' lang='lat' dir='ltr'>sacri</span> <span class='ocrx_word' id='word_1_420' title='bbox 1852 1627 1990 1662; x_wconf 84' lang='lat' dir='ltr'>contra</span> <span class='ocrx_word' id='word_1_421' title='bbox 2015 1637 2078 1664; x_wconf 86' lang='lat' dir='ltr'>eos</span> 
     </span>
     <span class='ocr_line' id='line_1_78' title="bbox 1110 1679 2078 1737; baseline 0.006 -18"><span class='ocrx_word' id='word_1_422' title='bbox 1110 1679 1185 1719; x_wconf 86' lang='lat' dir='ltr'>An.</span> <span class='ocrx_word' id='word_1_423' title='bbox 1218 1681 1335 1720; x_wconf 71' lang='lat'>⁴209.</span> <span class='ocrx_word' id='word_1_424' title='bbox 1380 1682 1555 1734; x_wconf 81' lang='lat' dir='ltr'>suscepti</span> <span class='ocrx_word' id='word_1_425' title='bbox 1594 1685 1701 1722; x_wconf 85' lang='lat' dir='ltr'>Duce</span> <span class='ocrx_word' id='word_1_426' title='bbox 1731 1689 1771 1721; x_wconf 84' lang='lat' dir='ltr'>et</span> <span class='ocrx_word' id='word_1_427' title='bbox 1803 1687 1981 1737; x_wconf 86' lang='lat' dir='ltr'>Principe</span> <span class='ocrx_word' id='word_1_428' title='bbox 2020 1690 2078 1725; x_wconf 86' lang='lat' dir='ltr'>Si-</span> 
     </span>
     <span class='ocr_line' id='line_1_79' title="bbox 1107 1743 2075 1795; baseline 0.008 -14"><span class='ocrx_word' id='word_1_429' title='bbox 1107 1754 1223 1782; x_wconf 87' lang='lat' dir='ltr'>mone</span> <span class='ocrx_word' id='word_1_430' title='bbox 1252 1743 1301 1782; x_wconf 89' lang='lat' dir='ltr'>de</span> <span class='ocrx_word' id='word_1_431' title='bbox 1331 1745 1585 1791; x_wconf 85' lang='lat' dir='ltr'>Monteforti,</span> <span class='ocrx_word' id='word_1_432' title='bbox 1617 1757 1738 1795; x_wconf 86' lang='lat' dir='ltr'>quam</span> <span class='ocrx_word' id='word_1_433' title='bbox 1765 1753 1902 1786; x_wconf 87' lang='lat' dir='ltr'>auctor</span> <span class='ocrx_word' id='word_1_434' title='bbox 1927 1749 2075 1789; x_wconf 87' lang='lat' dir='ltr'>dicavit</span> 
     </span>
     <span class='ocr_line' id='line_1_80' title="bbox 1106 1804 2074 1858; baseline 0.008 -15"><span class='ocrx_word' id='word_1_435' title='bbox 1106 1807 1338 1844; x_wconf 81' lang='lat' dir='ltr'>Innocentio</span> <span class='ocrx_word' id='word_1_436' title='bbox 1383 1804 1451 1844; x_wconf 89' lang='grc' dir='ltr'><strong>ΙΙΙ.</strong></span> <span class='ocrx_word' id='word_1_437' title='bbox 1496 1806 1630 1845; x_wconf 89' lang='lat' dir='ltr'>Edidit</span> <span class='ocrx_word' id='word_1_438' title='bbox 1672 1809 1844 1858; x_wconf 90' lang='lat' dir='ltr'>primum</span> <span class='ocrx_word' id='word_1_439' title='bbox 1890 1812 2074 1851; x_wconf 73' lang='lat' dir='ltr'>Nicolaus</span> 
     </span>
     <span class='ocr_line' id='line_1_81' title="bbox 1107 1869 2073 1919; baseline 0.004 -11"><span class='ocrx_word' id='word_1_440' title='bbox 1107 1869 1376 1916; x_wconf 87' lang='lat' dir='ltr'>Camusatus,</span> <span class='ocrx_word' id='word_1_441' title='bbox 1408 1870 1635 1909; x_wconf 90' lang='lat' dir='ltr'>Canonicus</span> <span class='ocrx_word' id='word_1_442' title='bbox 1665 1873 1878 1910; x_wconf 84' lang='lat' dir='ltr'>Trecensis</span> <span class='ocrx_word' id='word_1_443' title='bbox 1897 1903 1907 1919; x_wconf 90' lang='lat'><strong>‚</strong></span> <span class='ocrx_word' id='word_1_444' title='bbox 1938 1875 2073 1912; x_wconf 85' lang='lat' dir='ltr'>Trecis</span> 
     </span>
     <span class='ocr_line' id='line_1_82' title="bbox 1108 1931 2072 1974; baseline 0.004 -4"><span class='ocrx_word' id='word_1_445' title='bbox 1108 1931 1223 1970; x_wconf 74' lang='lat'>4645.</span> <span class='ocrx_word' id='word_1_446' title='bbox 1256 1932 1291 1970; x_wconf 86' lang='lat'>8.</span> <span class='ocrx_word' id='word_1_447' title='bbox 1323 1931 1468 1969; x_wconf 83' lang='lat' dir='ltr'>deinde</span> <span class='ocrx_word' id='word_1_448' title='bbox 1513 1932 1699 1971; x_wconf 90' lang='lat' dir='ltr'>collatam</span> <span class='ocrx_word' id='word_1_449' title='bbox 1739 1944 1830 1971; x_wconf 88' lang='lat' dir='ltr'>cum</span> <span class='ocrx_word' id='word_1_450' title='bbox 1874 1935 2072 1974; x_wconf 80' lang='lat' dir='ltr'>Manuscr.</span> 
     </span>
     <span class='ocr_line' id='line_1_83' title="bbox 1107 1993 2072 2041; baseline 0.006 -10"><span class='ocrx_word' id='word_1_451' title='bbox 1107 1993 1268 2031; x_wconf 86' lang='lat' dir='ltr'>Martini</span> <span class='ocrx_word' id='word_1_452' title='bbox 1299 1994 1491 2041; x_wconf 83' lang='lat' dir='ltr'>Maricrii‚</span> <span class='ocrx_word' id='word_1_453' title='bbox 1521 1995 1699 2034; x_wconf 86' lang='lat' dir='ltr'>Monachi</span> <span class='ocrx_word' id='word_1_454' title='bbox 1723 1996 1762 2034; x_wconf 90' lang='lat' dir='ltr'>S·</span> <span class='ocrx_word' id='word_1_455' title='bbox 1791 1997 1945 2035; x_wconf 87' lang='lat' dir='ltr'>Martini</span> <span class='ocrx_word' id='word_1_456' title='bbox 1971 1999 2072 2037; x_wconf 80' lang='lat' dir='ltr'>Pari-</span> 
     </span>
     <span class='ocr_line' id='line_1_84' title="bbox 1108 2056 2074 2103; baseline 0.006 -10"><span class='ocrx_word' id='word_1_457' title='bbox 1108 2056 1282 2103; x_wconf 83' lang='lat' dir='ltr'>siensis,</span> <span class='ocrx_word' id='word_1_458' title='bbox 1314 2057 1553 2096; x_wconf 87' lang='lat' dir='ltr'>Franciscus</span> <span class='ocrx_word' id='word_1_459' title='bbox 1583 2057 1636 2096; x_wconf 86' lang='lat' dir='ltr'>du</span> <span class='ocrx_word' id='word_1_460' title='bbox 1666 2058 1827 2097; x_wconf 86' lang='lat' dir='ltr'>Chesne</span> <span class='ocrx_word' id='word_1_461' title='bbox 1857 2064 1884 2097; x_wconf 84' lang='lat' dir='ltr'>t.</span> <span class='ocrx_word' id='word_1_462' title='bbox 1906 2060 1949 2099; x_wconf 81' lang='lat' dir='ltr'>V.</span> <span class='ocrx_word' id='word_1_463' title='bbox 1976 2063 2074 2099; x_wconf 84' lang='lat' dir='ltr'>scri—</span> 
     </span>
     <span class='ocr_line' id='line_1_85' title="bbox 1106 2120 2069 2170; baseline 0.006 -15"><span class='ocrx_word' id='word_1_464' title='bbox 1106 2122 1195 2168; x_wconf 90' lang='lat' dir='ltr'>ptor</span> <span class='ocrx_word' id='word_1_465' title='bbox 1224 2120 1407 2157; x_wconf 89' lang='lat' dir='ltr'>Francor.</span> <span class='ocrx_word' id='word_1_466' title='bbox 1439 2130 1525 2170; x_wconf 88' lang='lat' dir='ltr'>pag.</span> <span class='ocrx_word' id='word_1_467' title='bbox 1558 2120 1647 2158; x_wconf 74' lang='lat'>554.</span> <span class='ocrx_word' id='word_1_468' title='bbox 1680 2121 1768 2159; x_wconf 83' lang='lat'>665.</span> <span class='ocrx_word' id='word_1_469' title='bbox 1809 2121 1878 2159; x_wconf 84' lang='lat' dir='ltr'>sed</span> <span class='ocrx_word' id='word_1_470' title='bbox 1910 2127 1949 2160; x_wconf 85' lang='lat' dir='ltr'>et</span> <span class='ocrx_word' id='word_1_471' title='bbox 1979 2125 2069 2162; x_wconf 87' lang='lat' dir='ltr'>Ber-</span> 
     </span>
     <span class='ocr_line' id='line_1_86' title="bbox 1104 2179 2066 2223; baseline 0.006 -6"><span class='ocrx_word' id='word_1_472' title='bbox 1104 2179 1273 2218; x_wconf 87' lang='lat' dir='ltr'>trandus</span> <span class='ocrx_word' id='word_1_473' title='bbox 1303 2181 1452 2218; x_wconf 89' lang='lat' dir='ltr'>Tissier</span> <span class='ocrx_word' id='word_1_474' title='bbox 1482 2182 1519 2219; x_wconf 91' lang='lat' dir='ltr'>in</span> <span class='ocrx_word' id='word_1_475' title='bbox 1552 2182 1689 2221; x_wconf 89' lang='lat' dir='ltr'>limine</span> <span class='ocrx_word' id='word_1_476' title='bbox 1720 2188 1747 2220; x_wconf 93' lang='lat' dir='ltr'>t.</span> <span class='ocrx_word' id='word_1_477' title='bbox 1780 2184 1859 2222; x_wconf 82' lang='lat' dir='ltr'>VII.</span> <span class='ocrx_word' id='word_1_478' title='bbox 1887 2185 2066 2223; x_wconf 89' lang='lat' dir='ltr'>Biblioth.</span> 
     </span>
     <span class='ocr_line' id='line_1_87' title="bbox 1105 2241 2066 2285; baseline 0.006 -5"><span class='ocrx_word' id='word_1_479' title='bbox 1105 2241 1269 2280; x_wconf 90' lang='lat' dir='ltr'>Cisterc.</span> <span class='ocrx_word' id='word_1_480' title='bbox 1301 2241 1394 2279; x_wconf 86' lang='lat' dir='ltr'>editi</span> <span class='ocrx_word' id='word_1_481' title='bbox 1427 2242 1503 2280; x_wconf 77' lang='lat' dir='ltr'>An.</span> <span class='ocrx_word' id='word_1_482' title='bbox 1535 2243 1652 2281; x_wconf 84' lang='lat'>1669.</span> <span class='ocrx_word' id='word_1_483' title='bbox 1699 2244 1846 2283; x_wconf 83' lang='lat' dir='ltr'>Confer</span> <span class='ocrx_word' id='word_1_484' title='bbox 1877 2248 2066 2285; x_wconf 88' lang='lat' dir='ltr'>Bzovium</span> 
     </span>
     <span class='ocr_line' id='line_1_88' title="bbox 1103 2301 2063 2346; baseline 0.005 -5"><span class='ocrx_word' id='word_1_485' title='bbox 1103 2301 1150 2341; x_wconf 84' lang='lat' dir='ltr'>ad</span> <span class='ocrx_word' id='word_1_486' title='bbox 1182 2302 1256 2341; x_wconf 79' lang='lat' dir='ltr'>An.</span> <span class='ocrx_word' id='word_1_487' title='bbox 1290 2304 1404 2342; x_wconf 68' lang='grc'>4199.</span> <span class='ocrx_word' id='word_1_488' title='bbox 1439 2316 1547 2342; x_wconf 89' lang='lat' dir='ltr'>uum.</span> <span class='ocrx_word' id='word_1_489' title='bbox 1580 2305 1640 2343; x_wconf 71' lang='lat'>34..</span> <span class='ocrx_word' id='word_1_490' title='bbox 1673 2305 1876 2344; x_wconf 84' lang='lat' dir='ltr'>Oudinum</span> <span class='ocrx_word' id='word_1_491' title='bbox 1909 2311 2001 2345; x_wconf 87' lang='lat' dir='ltr'>tom.</span> <span class='ocrx_word' id='word_1_492' title='bbox 2028 2310 2063 2346; x_wconf 72' lang='lat'>⁶2.</span> 
     </span>
     <span class='ocr_line' id='line_1_89' title="bbox 1102 2365 2063 2418; baseline 0.005 -17"><span class='ocrx_word' id='word_1_493' title='bbox 1102 2375 1190 2414; x_wconf 90' lang='lat' dir='ltr'>pag.</span> <span class='ocrx_word' id='word_1_494' title='bbox 1220 2365 1283 2402; x_wconf 70' lang='lat'>⁶25.</span> <span class='ocrx_word' id='word_1_495' title='bbox 1313 2370 1353 2402; x_wconf 86' lang='lat' dir='ltr'>et</span> <span class='ocrx_word' id='word_1_496' title='bbox 1383 2365 1570 2406; x_wconf 84' lang='lat' dir='ltr'>Caroluin</span> <span class='ocrx_word' id='word_1_497' title='bbox 1615 2365 1818 2404; x_wconf 72' lang='lat' dir='ltr'>Viscliium</span> <span class='ocrx_word' id='word_1_498' title='bbox 1852 2379 1938 2418; x_wconf 86' lang='lat' dir='ltr'>pag.</span> <span class='ocrx_word' id='word_1_499' title='bbox 1974 2369 2063 2407; x_wconf 64' lang='lat'>276.</span> 
     </span>
     <span class='ocr_line' id='line_1_90' title="bbox 1102 2426 2064 2477; baseline 0.004 -13"><span class='ocrx_word' id='word_1_500' title='bbox 1102 2426 1286 2464; x_wconf 81' lang='lat' dir='ltr'>Bibliotli.</span> <span class='ocrx_word' id='word_1_501' title='bbox 1330 2428 1496 2466; x_wconf 87' lang='lat' dir='ltr'>Cisterc.</span> <span class='ocrx_word' id='word_1_502' title='bbox 1542 2429 1607 2477; x_wconf 81' lang='lat' dir='ltr'>qui</span> <span class='ocrx_word' id='word_1_503' title='bbox 1652 2428 1824 2467; x_wconf 79' lang='lat' dir='ltr'>Gallicae</span> <span class='ocrx_word' id='word_1_504' title='bbox 1868 2432 2064 2469; x_wconf 83' lang='lat' dir='ltr'>versionis</span> 
     </span>
     <span class='ocr_line' id='line_1_91' title="bbox 1104 2488 2060 2539; baseline 0.004 -14"><span class='ocrx_word' id='word_1_505' title='bbox 1104 2488 1193 2526; x_wconf 86' lang='lat' dir='ltr'>facti</span> <span class='ocrx_word' id='word_1_506' title='bbox 1228 2491 1499 2534; x_wconf 82' lang='lat' dir='ltr'>mentionem,</span> <span class='ocrx_word' id='word_1_507' title='bbox 1532 2490 1717 2539; x_wconf 87' lang='lat' dir='ltr'>vulgatae</span> <span class='ocrx_word' id='word_1_508' title='bbox 1748 2492 1906 2528; x_wconf 82' lang='lat' dir='ltr'>Parisiis</span> <span class='ocrx_word' id='word_1_509' title='bbox 1948 2493 2060 2530; x_wconf 72' lang='grc'>1569.</span> 
     </span>
     <span class='ocr_line' id='line_1_92' title="bbox 1102 2550 2061 2603; baseline 0.005 -17"><span class='ocrx_word' id='word_1_510' title='bbox 1102 2550 1318 2600; x_wconf 88' lang='lat' dir='ltr'>interprete</span> <span class='ocrx_word' id='word_1_511' title='bbox 1348 2550 1521 2588; x_wconf 86' lang='lat' dir='ltr'>Arnoldo</span> <span class='ocrx_word' id='word_1_512' title='bbox 1551 2551 1745 2598; x_wconf 87' lang='lat' dir='ltr'>Sorbino,</span> <span class='ocrx_word' id='word_1_513' title='bbox 1777 2552 1969 2602; x_wconf 78' lang='lat' dir='ltr'>Episcopo</span> <span class='ocrx_word' id='word_1_514' title='bbox 1996 2566 2061 2603; x_wconf 87' lang='lat' dir='ltr'>po·</span> 
     </span>
     <span class='ocr_line' id='line_1_93' title="bbox 1101 2613 1464 2650; baseline 0.003 -2"><span class='ocrx_word' id='word_1_515' title='bbox 1101 2616 1185 2650; x_wconf 86' lang='lat' dir='ltr'>stea</span> <span class='ocrx_word' id='word_1_516' title='bbox 1215 2613 1464 2650; x_wconf 56' lang='lat' dir='ltr'>nivernensi.</span> 
     </span>
    </p>

    <p class='ocr_par' dir='ltr' id='par_1_9' title="bbox 1090 2672 2059 3157">
     <span class='ocr_line' id='line_1_94' title="bbox 1154 2672 2059 2721; baseline 0.002 -10"><span class='ocrx_word' id='word_1_517' title='bbox 1154 2672 1345 2712; x_wconf 76' lang='lat' dir='ltr'>PETRUS</span> <span class='ocrx_word' id='word_1_518' title='bbox 1373 2674 1487 2712; x_wconf 75' lang='lat' dir='ltr'>Saaeo</span> <span class='ocrx_word' id='word_1_519' title='bbox 1512 2684 1597 2721; x_wconf 71' lang='lat' dir='ltr'>sive</span> <span class='ocrx_word' id='word_1_520' title='bbox 1618 2672 1664 2711; x_wconf 70' lang='lat' dir='ltr'>ile</span> <span class='ocrx_word' id='word_1_521' title='bbox 1689 2674 1869 2713; x_wconf 56' lang='lat' dir='ltr'>Sua-&lt;mia</span> <span class='ocrx_word' id='word_1_522' title='bbox 1895 2677 2059 2715; x_wconf 72' lang='lat' dir='ltr'>(ivi-ina-</span> 
     </span>
     <span class='ocr_line' id='line_1_95' title="bbox 1099 2734 2056 2780; baseline 0.005 -8"><span class='ocrx_word' id='word_1_523' title='bbox 1099 2747 1201 2780; x_wconf 87' lang='lat' dir='ltr'>nus,</span> <span class='ocrx_word' id='word_1_524' title='bbox 1236 2734 1374 2774; x_wconf 89' lang='lat' dir='ltr'>Ordin.</span> <span class='ocrx_word' id='word_1_525' title='bbox 1419 2736 1555 2773; x_wconf 83' lang='lat' dir='ltr'>Minor.</span> <span class='ocrx_word' id='word_1_526' title='bbox 1601 2737 1856 2775; x_wconf 78' lang='lat' dir='ltr'>Dccrctorum</span> <span class='ocrx_word' id='word_1_527' title='bbox 1904 2738 2056 2777; x_wconf 81' lang='lat' dir='ltr'>Doctor.</span> 
     </span>
     <span class='ocr_line' id='line_1_96' title="bbox 1095 2797 2057 2848; baseline 0.002 -13"><span class='ocrx_word' id='word_1_528' title='bbox 1095 2799 1196 2835; x_wconf 86' lang='lat' dir='ltr'>circa</span> <span class='ocrx_word' id='word_1_529' title='bbox 1226 2797 1348 2835; x_wconf 87' lang='lat' dir='ltr'>seculi</span> <span class='ocrx_word' id='word_1_530' title='bbox 1381 2797 1481 2835; x_wconf 83' lang='lat' dir='ltr'>XIV.</span> <span class='ocrx_word' id='word_1_531' title='bbox 1515 2798 1623 2835; x_wconf 83' lang='lat' dir='ltr'>initia</span> <span class='ocrx_word' id='word_1_532' title='bbox 1644 2828 1654 2844; x_wconf 86' lang='lat'>,</span> <span class='ocrx_word' id='word_1_533' title='bbox 1687 2799 1854 2848; x_wconf 85' lang='lat' dir='ltr'>scriptor</span> <span class='ocrx_word' id='word_1_534' title='bbox 1879 2809 2057 2838; x_wconf 77' lang='lat' dir='ltr'>summae</span> 
     </span>
     <span class='ocr_line' id='line_1_97' title="bbox 1094 2858 2055 2906; baseline 0.004 -10"><span class='ocrx_word' id='word_1_535' title='bbox 1094 2869 1261 2897; x_wconf 85' lang='lat' dir='ltr'>casuum</span> <span class='ocrx_word' id='word_1_536' title='bbox 1305 2858 1598 2906; x_wconf 74' lang='lat' dir='ltr'>Conscientiae,</span> <span class='ocrx_word' id='word_1_537' title='bbox 1643 2864 1682 2896; x_wconf 89' lang='lat' dir='ltr'>et</span> <span class='ocrx_word' id='word_1_538' title='bbox 1729 2863 1961 2898; x_wconf 70' lang='lat' dir='ltr'>Sermonum</span> <span class='ocrx_word' id='word_1_539' title='bbox 2007 2862 2055 2900; x_wconf 82' lang='lat' dir='ltr'>de</span> 
     </span>
     <span class='ocr_line' id='line_1_98' title="bbox 1094 2922 2053 2972; baseline 0.002 -13"><span class='ocrx_word' id='word_1_540' title='bbox 1094 2927 1272 2972; x_wconf 84' lang='lat' dir='ltr'>tempore</span> <span class='ocrx_word' id='word_1_541' title='bbox 1303 2927 1342 2960; x_wconf 85' lang='lat' dir='ltr'>ct</span> <span class='ocrx_word' id='word_1_542' title='bbox 1380 2922 1428 2960; x_wconf 85' lang='lat' dir='ltr'>de</span> <span class='ocrx_word' id='word_1_543' title='bbox 1461 2924 1632 2960; x_wconf 82' lang='lat' dir='ltr'>Sanctis.</span> <span class='ocrx_word' id='word_1_544' title='bbox 1666 2922 1761 2960; x_wconf 68' lang='lat' dir='ltr'>vide</span> <span class='ocrx_word' id='word_1_545' title='bbox 1791 2923 2053 2962; x_wconf 75' lang='lat' dir='ltr'>&#39;l‘ritliemium</span> 
     </span>
     <span class='ocr_line' id='line_1_99' title="bbox 1093 2983 2054 3033; baseline 0.003 -13"><span class='ocrx_word' id='word_1_546' title='bbox 1093 2994 1176 3033; x_wconf 83' lang='lat' dir='ltr'>cup.</span> <span class='ocrx_word' id='word_1_547' title='bbox 1209 2983 1299 3022; x_wconf 71' lang='lat'>542.</span> <span class='ocrx_word' id='word_1_548' title='bbox 1330 2983 1378 3021; x_wconf 86' lang='lat' dir='ltr'>de</span> <span class='ocrx_word' id='word_1_549' title='bbox 1409 2984 1446 3021; x_wconf 91' lang='lat' dir='ltr'>S.</span> <span class='ocrx_word' id='word_1_550' title='bbox 1478 2984 1518 3021; x_wconf 74' lang='grc' dir='ltr'>ΙΞ.</span> <span class='ocrx_word' id='word_1_551' title='bbox 1550 2988 1590 3021; x_wconf 85' lang='lat' dir='ltr'>ct</span> <span class='ocrx_word' id='word_1_552' title='bbox 1619 2983 1667 3021; x_wconf 84' lang='lat' dir='ltr'>de</span> <span class='ocrx_word' id='word_1_553' title='bbox 1695 2984 1955 3022; x_wconf 75' lang='lat' dir='ltr'>luminarilms</span> <span class='ocrx_word' id='word_1_554' title='bbox 1981 2986 2054 3023; x_wconf 65' lang='lat' dir='ltr'>lic-</span> 
     </span>
     <span class='ocr_line' id='line_1_100' title="bbox 1090 3046 2048 3097; baseline 0.002 -14"><span class='ocrx_word' id='word_1_555' title='bbox 1090 3046 1234 3084; x_wconf 83' lang='lat' dir='ltr'>clesiae</span> <span class='ocrx_word' id='word_1_556' title='bbox 1264 3057 1349 3095; x_wconf 89' lang='lat' dir='ltr'>cap.</span> <span class='ocrx_word' id='word_1_557' title='bbox 1396 3046 1482 3084; x_wconf 70' lang='lat'>400.</span> <span class='ocrx_word' id='word_1_558' title='bbox 1513 3046 1614 3083; x_wconf 72' lang='lat' dir='ltr'>Guil.</span> <span class='ocrx_word' id='word_1_559' title='bbox 1659 3046 1979 3095; x_wconf 53' lang='lat' dir='ltr'>Eysengreniuin</span> <span class='ocrx_word' id='word_1_560' title='bbox 2015 3060 2048 3097; x_wconf 84' lang='lat' dir='ltr'>p.</span> 
     </span>
     <span class='ocr_line' id='line_1_101' title="bbox 1090 3106 1682 3157; baseline 0 -13"><span class='ocrx_word' id='word_1_561' title='bbox 1090 3108 1153 3145; x_wconf 68' lang='lat'>32.</span> <span class='ocrx_word' id='word_1_562' title='bbox 1189 3106 1454 3157; x_wconf 84' lang='lat' dir='ltr'>Waddingum</span> <span class='ocrx_word' id='word_1_563' title='bbox 1489 3118 1562 3157; x_wconf 82' lang='lat' dir='ltr'>pag</span> <span class='ocrx_word' id='word_1_564' title='bbox 1593 3108 1682 3145; x_wconf 70' lang='lat'>289.</span> 
     </span>
    </p>

    <p class='ocr_par' dir='ltr' id='par_1_10' title="bbox 1145 3167 2047 3221">
     <span class='ocr_line' id='line_1_102' title="bbox 1145 3167 2047 3221; baseline 0.002 -15"><span class='ocrx_word' id='word_1_565' title='bbox 1145 3169 1162 3189; x_wconf 64' lang='lat'><strong>“</strong></span> <span class='ocrx_word' id='word_1_566' title='bbox 1189 3168 1230 3206; x_wconf 83' lang='lat' dir='ltr'>ln</span> <span class='ocrx_word' id='word_1_567' title='bbox 1257 3167 1349 3207; x_wconf 69' lang='lat' dir='ltr'>(lod.</span> <span class='ocrx_word' id='word_1_568' title='bbox 1379 3168 1597 3207; x_wconf 83' lang='lat' dir='ltr'>membran.</span> <span class='ocrx_word' id='word_1_569' title='bbox 1622 3169 1716 3207; x_wconf 76' lang='lat' dir='ltr'>llibl.</span> <span class='ocrx_word' id='word_1_570' title='bbox 1745 3170 1864 3208; x_wconf 65' lang='lat' dir='ltr'>Velini</span> <span class='ocrx_word' id='word_1_571' title='bbox 1892 3171 2047 3221; x_wconf 80' lang='lat' dir='ltr'>signato</span> 
     </span>
    </p>
   </div>
   <div class='ocr_carea' id='block_1_6' title="bbox 1680 3355 1749 3393">
    <p class='ocr_par' dir='ltr' id='par_1_11' title="bbox 1680 3355 1749 3393">
     <span class='ocr_line' id='line_1_103' title="bbox 1680 3355 1749 3393; baseline 0 -3"><span class='ocrx_word' id='word_1_572' title='bbox 1680 3355 1749 3393; x_wconf 72' lang='lat'>1855</span> 
     </span>
    </p>
   </div>
  </div>
 </body>
</html>
