2517 4009
915 217 1294 257 PUSELIUS

113 302 186 338 ne,
218 290 280 328 vel
311 290 429 327 etiam
461 287 679 337 Aoewzqta,
712 291 929 337 utrumque
960 289 1064 326 enirn

111 362 330 403 cognomen
362 349 572 399 usurpavit
591 377 598 395 ,
617 349 740 398 patria
758 348 1068 398 Argentoraten—

107 414 178 451 sis.
208 413 411 462 Auguror,
443 421 587 448 nomen
620 411 743 460 ipsius
782 412 1064 449 Germanicum

114 475 237 514 fuisse
267 471 535 520 Schmeerlin,
565 472 670 522 quod
702 484 769 522 pro
802 484 908 511 rnore
943 473 1065 511 seculi

115 532 288 571 mutavit
319 533 355 568 in
386 529 574 579 Aroma,
604 531 889 569 diminutivum
921 531 969 569 ab
998 543 1067 569 ar-

111 594 206 634 vina
228 621 238 640 ‚
269 592 413 631 deinde
445 593 480 629 in
518 591 765 641 Aoewzsyiam.
810 594 850 631 ln
895 592 1068 631 Marchia

110 656 246 695 sedem
279 655 531 694 fortunarum
564 666 726 694 suarum
773 655 955 701 invenit,
1003 653 1066 692 ubi

113 728 306 769 praesens
331 717 404 756 fuit
433 717 635 755 Joachimo
666 719 691 755 l.
730 717 844 756 ludos
893 716 1068 754 hasticos

109 779 281 830 Ruppini
311 778 526 817 celebranti
557 790 590 816 a.
623 778 740 817 4500.
769 780 860 816 Post
892 778 927 815 in
967 777 1068 816 Aca-

107 840 237 879 demia
261 840 581 878 Francofurtensi
606 841 757 890 primus
774 840 953 878 omnium
978 840 1068 877 Pro-

108 902 234 948 fessor
261 902 507 940 constitutus
535 902 813 951 Eloquentiam
845 901 1002 949 docuit,
1029 902 1064 938 in

106 965 408 1014 inauguratione
437 975 596 1014 quoque
620 964 725 1002 illius
748 974 974 1002 sermonem
997 964 1066 1002 ha-

106 1026 206 1065 buit.
235 1026 280 1064 A.
313 1027 429 1066 1513.
457 1026 677 1064 ἰηΙῑθΙίθιῐι
705 1027 778 1064 iter
804 1026 964 1064 molitus
988 1031 1062 1073 cst,

107 1092 151 1126 ut
179 1087 352 1127 Graecas
383 1088 473 1126 inde
503 1087 639 1126 literas
668 1088 714 1126 ad
747 1089 968 1127 Germanos
1007 1099 1066 1125 re-

107 1151 252 1198 ferret,
282 1150 350 1189 sed
385 1152 488 1188 inter
518 1151 656 1188 urbem
679 1151 924 1201 Wimpinam
940 1155 981 1188 ct
1005 1162 1066 1188 ar-

104 1223 191 1250 cem
218 1213 549 1263 Ravensburgum
590 1213 668 1250 telo
713 1225 734 1251 a
778 1211 1065 1262 vespillonibus

105 1275 298 1326 traJ‘ectus
327 1275 525 1313 occubuit.
556 1274 655 1324 Ejus
680 1278 875 1325 prostant.

161 1339 196 1376 1.
223 1336 567 1388 Epiyrammatum
592 1339 630 1374 et
653 1335 888 1375 carminum
915 1332 979 1372 lib.
1008 1334 1038 1371 I.

157 1400 193 1439 2.
224 1397 372 1437 Bellica
401 1397 730 1449 Proqymnastica
749 1428 759 1445 ,
791 1409 817 1434 α
846 1396 944 1435 Divo
973 1397 1065 1434 Joa-

105 1458 232 1498 chime
263 1460 294 1498 I.
323 1461 364 1499 S.
382 1462 425 1499 R.
452 1460 551 1511 Imp.
574 1457 820 1510 Septemviro
843 1489 850 1507 ,
870 1456 1068 1496 Mat-chio-

102 1533 150 1560 ne
172 1519 552 1574 Brundenburyensi
565 1550 573 1566 ,
599 1523 635 1558 et
658 1518 827 1558 Henrico
852 1519 1068 1569 Maqnopo-

103 1582 222 1622 litatio
250 1584 384 1631 Duce,
414 1582 519 1621 Novi
544 1581 688 1633 Rupini
712 1580 923 1620 celebrata.
948 1579 1067 1619 1512.

103 1648 139 1682 4.
168 1656 308 1684 recusa
338 1649 504 1683 curante
533 1646 614 1683 Jac.
647 1645 779 1683 Paullo
808 1642 1064 1693 Gundlingio,

101 1707 230 1744 Berol.
261 1705 375 1747 1718.
408 1707 472 1746 12.
503 1707 615 1745 Hunc
644 1706 789 1749 librum
819 1706 877 1743 Jo.
922 1705 1066 1744 Schra-

101 1768 189 1819 gius
218 1768 392 1807 Electori
421 1779 443 1806 a
473 1768 647 1807 Secretis
678 1772 718 1806 et
759 1767 891 1806 Judex
940 1765 1064 1805 Aulae

103 1830 318 1869 vernaculo
361 1822 545 1868 ¹sermone
587 1830 1064 1879 conscripserat„quem

106 1891 345 1942 Vigilantius
377 1893 513 1931 Latino
543 1903 729 1930 sermone
773 1891 879 1940 loqui
927 1891 1066 1929 voluit.

102 1953 303 1992 Habemus
317 1953 531 1992 editionem
552 1953 812 1991 vernaculam
834 1953 978 2002 Operis
997 1953 1066 1990 Be—

103 2016 216 2054 rolini
248 2018 286 2053 in
319 2017 353 2054 4.
379 2027 584 2054 excusam.

158 2078 193 2115 3.
215 2075 628 2129 Franckphurdiaizae
641 2075 755 2115 urbis
765 2075 819 2114 ad
830 2075 1014 2123 Ocleram,
1031 2080 1068 2114 et

103 2139 312 2191 Gymnasii
329 2139 520 2178 litterarii
547 2138 857 2177 Introductionis
883 2139 1065 2178 Ceremo-

98 2201 340 2253 morumque
367 2200 674 2240 observatorum
698 2199 919 2251 descriptio.
944 2202 1063 2237 Fran-

102 2265 174 2303 cof.
207 2263 324 2304 ⁴507.
369 2265 405 2302 4.
449 2264 608 2313 repetiit
649 2262 706 2299 Jo.
752 2260 1066 2311 Christophorus

101 2329 327 2366 Becmanus
355 2326 430 2365 sub
460 2327 617 2364 initium
647 2323 822 2362 Auctarii
867 2322 915 2361 ad
956 2323 1064 2361 Noti-

104 2390 200 2427 tiam
231 2389 514 2427 Universitatis
537 2387 733 2425 laudatae.

158 2451 352 2488 Desumta
380 2453 476 2487 sunt
506 2449 602 2486 haec
632 2459 680 2485 ex
712 2448 902 2486 Centuria
931 2445 1065 2484 Made-

106 2513 214 2551 riana
245 2522 282 2548 n.
313 2511 375 2548 80.
406 2511 592 2548 Becmani
623 2509 764 2546 Notitia
798 2520 832 2557 p.
865 2506 1062 2547 233234.

106 2572 335 2623 Gundlingii
366 2571 610 2621 praefatione
639 2569 830 2619 Opusculi
861 2569 983 2608 citati.

159 2632 502 2679 PUBWELLUS,
532 2631 712 2681 Augias,
753 2631 910 2668 Artium
940 2629 1065 2680 Magi—

104 2703 188 2737 ster
213 2690 479 2741 Oxoniensis,
509 2693 558 2732 ab
580 2693 735 2743 ingenio
761 2691 895 2730 subtili
926 2695 966 2728 et
992 2690 1060 2728 sal-

105 2751 317 2800 lacibus‘in
343 2756 582 2808 disputando
607 2755 773 2805 argutiis
797 2751 980 2804 sophista
1003 2763 1068 2789 co—

105 2822 373 2873 gnominatus.
392 2818 537 2857 AEtatis
555 2819 741 2864 incertae,
758 2816 918 2866 scripsit
936 2816 1064 2863 Quae-

105 2883 248 2923 stiones
290 2878 477 2934 difficiles.
522 2879 680 2918 Pitseus
723 2877 906 2929 Append.
946 2876 1060 2916 Cent.

107 2945 173 2985 lll.
205 2944 269 2983 68.

162 3006 342 3045 Adamas
385 3004 580 3043 PUCZEN
609 3002 656 3042 de
687 3000 887 3041 Owobach
935 3000 1064 3050 (forte

107 3066 326 3116 Swobach>
357 3065 578 3104 monachus
608 3064 926 3113 Augustinianus
965 3063 1065 3099 vixit

105 3143 142 3171 a.
172 3132 288 3170 1415.
321 3128 481 3177 scripsit
509 3125 555 3164 cle
581 3125 656 3176 fide
689 3123 894 3164 Catholica
926 3120 1010 3161 libr.
1037 3124 1065 3160 Ι.

105 3198 146 3233 ct
175 3195 383 3233 Sermones
402 3189 580 3240 aliquot,
611 3187 844 3238 praesertim
871 3184 916 3222 cle
941 3183 1068 3223 laudi-

108 3255 182 3296 bus
214 3256 258 3293 B.
304 3251 475 3303 Viryinis
507 3250 709 3289 Habentur
747 3249 854 3287 MSS.
891 3248 1070 3286 Ratisbo-

109 3331 181 3358 nae
219 3319 255 3356 in
289 3315 526 3355 Bibliotheca
559 3312 954 3362 Augustinianorum.
1002 3311 1072 3347 Fc-

2037 223 2112 262 327

1143 289 1229 326 licis
1260 289 1423 328 Milcnsii
1471 291 1735 341 Alphabetum
1768 291 1860 330 Ord.
1905 292 2101 332 Eremita-

1144 361 1230 388 rum
1263 351 1302 389 S.
1333 351 1547 402 Augustini
1582 366 1614 404 p.
1644 356 1678 392 3.

1198 412 1473 452 PULClllillll
1517 416 1701 467 Episcopi
1748 416 1950 467 Opuscula
1993 418 2113 456 varia

1144 478 1241 511 sunt
1273 475 1311 511 in
1343 476 1439 512 Bibl.
1467 475 1746 516 Ambrosiana.
1774 480 1891 516 Bcrn.
1915 479 1963 517 de
1989 481 2115 518 Mont—

1146 535 1286 573 faucon
1319 536 1418 574 Bibl.
1447 539 1552 576 MSS.
1586 551 1621 588 p.
1654 541 1742 579 513.

1197 598 1366 636 ,loannis
1399 599 1444 637 de
1471 601 1703 639 l’ULCllllO
1722 602 1872 641 -lthO
1904 603 2114 644 Distinctio

1146 661 1333 711 temporis
1366 662 1584 700 secundum
1607 668 1754 702 motum
1784 664 1903 713 solis,
1944 668 1981 704 in
2014 667 2108 706 Bibl.

1146 722 1262 771 Regia
1296 722 1553 762 Londinensi.
1589 727 1839 766 Montfaucon
1867 729 1938 766 loc.
1970 731 2034 767 cit.
2074 741 2110 780 p.

1144 783 1232 821 630.
1272 785 1308 821 in
1341 785 1438 822 Bibl.
1470 787 1697 836 Moguntina
1730 790 1959 828 inscribitur
1998 791 2109 829 Com-

1144 840 1329 891 pemlz’um
1354 842 1400 881 cle
1433 843 1554 895 Cyclo
1575 845 1727 894 solari,
1753 852 1857 886 toste
1885 850 1966 888 Val.
1999 850 2113 889 Ferd.

1142 903 1191 942 de
1216 904 1385 944 Gudeno
1416 907 1577 958 Sylloge
1609 910 1635 946 I.
1668 920 1704 958 p.
1738 910 1826 948 353.

1196 966 1408 1018 Confortus
1437 970 1604 1008 PULEX
1635 971 1791 1021 scripsit
1812 971 2029 1011 Historiam
2058 975 2115 1012 Vi-

1139 1029 1347 1077 centinam‚
1367 1033 1484 1081 qu'us
1510 1033 1777 1083 fragmentum
1798 1034 1847 1072 ab
1863 1046 1896 1073 a.
1918 1036 2033 1074 1371.
2063 1036 2112 1073 ad

1144 1091 1258 1129 1387.
1290 1092 1413 1130 edidit
1444 1095 1682 1133 Muratorius
1713 1096 1751 1134 S.
1777 1098 1819 1134 R.
1847 1097 1931 1135 Ital.
1963 1103 1986 1135 t.
2020 1099 2111 1136 Xlll

1144 1164 1178 1202 p.
1212 1154 1326 1193 4233.
1358 1166 1477 1205 quem
1511 1157 1600 1195 vide
1627 1159 1664 1195 in
1697 1159 1965 1208 praefatione.
2001 1165 2042 1198 ut
2072 1165 2112 1197 et

1143 1217 1326 1254 Vossium
1359 1217 1407 1255 de
1442 1217 1589 1256 Histor.
1622 1221 1772 1258 Latinis
1803 1222 1868 1259 lll.
1899 1222 1921 1259 9
1960 1233 1995 1272 p.
2020 1221 2111 1260 794.

1196 1279 1361 1317 PULEX
1412 1279 1458 1318 cle
1490 1280 1703 1329 Custodia,
1742 1294 1762 1320 a
1794 1284 1882 1320 vico
1927 1283 2112 1333 Regionis

1143 1341 1375 1379 Vicentinae
1415 1342 1613 1380 Coscozza.
1647 1345 1699 1381 ita
1729 1344 1887 1392 dictus,
1919 1350 2022 1383 teste
2052 1345 2110 1382 Jo.

1144 1404 1255 1452 Bapt.
1303 1402 1507 1452 Pajarino,
1538 1404 1688 1442 inedito
1719 1417 1853 1444 rerum
1887 1408 2113 1446 Vicentina-

1145 1475 1234 1501 rum
1258 1465 1459 1514 Scriptore
1478 1496 1486 1512 ,
1513 1466 1733 1504 Historiam
1755 1466 1994 1506 Vicentinam
2019 1480 2112 1506 con-

1144 1527 1330 1576 scripsit,
1363 1537 1436 1564 nec
1461 1538 1537 1564 non
1566 1527 1740 1567 Carmen
1764 1527 1810 1566 cle
1833 1528 2008 1567 adventu.
2034 1531 2113 1569 Ca-

1143 1587 1224 1625 roli
1264 1588 1327 1627 IV.
1362 1588 1553 1628 Caesaris
1599 1590 1638 1627 in
1670 1588 1843 1628 Italiam.
1894 1591 2016 1629 Filius
2041 1578 2123 1629 fuit¹

1141 1650 1335 1688 Johannis
1383 1650 1501 1696 Boni,
1544 1651 1728 1701 duosque
1760 1653 1906 1690 fratres
1951 1652 2113 1701 habuit,

1141 1712 1382 1751 Confortum
1406 1717 1446 1752 et
1476 1713 1684 1752 Jacobum.

1192 1775 1450 1825 Epigramma
1481 1774 1569 1824 ejus
1599 1774 1646 1813 de
1676 1775 2018 1826 Hermaphrodito
2055 1788 2118 1815 sa—

1143 1838 1194 1874 tis
1219 1838 1470 1886 ingeniosum
1498 1842 1587 1885 est,
1613 1837 1718 1887 quod
1745 1838 1946 1888 adponere
1973 1839 2113 1889 placet.

1156 1924 1239 1954 Cum
1262 1932 1335 1955 mea
1361 1932 1413 1955 me
1437 1925 1583 1964 genitrix
1607 1926 1746 1965 gravisla
1773 1929 1917 1965 gestaret
1943 1927 1976 1956 in
1995 1926 2068 1957 alvo
2091 1949 2100 1963 ‚

1157 1973 1245 2011 Quid
1268 1977 1421 2013 pareret,
1444 1974 1552 2006 fertur
1576 1975 1786 2006 consuluisse
1814 1978 1910 2007 Deos,

1155 2025 1224 2055 Mas
1250 2029 1324 2062 est,
1349 2025 1505 2056 Phoebus
1531 2027 1592 2056 ait.
1617 2027 1701 2056 Mars
1718 2048 1728 2062 ,
1752 2024 1888 2056 femina.

1176 2077 1330 2114 Junoque
1345 2098 1355 2113 ‚
1381 2080 1536 2106 neutrum
1553 2099 1562 2114 ,

1155 2124 1304 2164 Cumque
1327 2124 1431 2156 forem
1454 2131 1553 2156 natus
1571 2150 1579 2164 ,
1606 2126 1906 2165 Hermaphroditus
1941 2133 2051 2157 eram.

1155 2177 1336 2212 Quaerenti
1362 2175 1466 2206 letum
1481 2198 1490 2213 ,
1515 2179 1582 2207 Dea
1604 2177 1653 2208 sic
1677 2178 1750 2207 ait:
1774 2175 1906 2207 occidet
1930 2178 2032 2206 armis
2051 2199 2059 2213 ‚

1153 2226 1237 2255 Mars
1253 2233 1362 2256 cruce..
1380 2224 1532 2256 Phoebus
1548 2227 1657 2264 aquis.
1673 2227 1748 2256 Sors
1767 2230 1850 2257 rata.
1868 2233 2021 2264 quaeque
2039 2225 2117 2257 suit.

1153 2274 1261 2305 Arbor
1293 2275 1471 2306 obumbrat
1493 2282 1624 2314 aquas;
1650 2274 1820 2306 ascendo:
1844 2274 1971 2306 decidit
1994 2276 2100 2306 ensis.

1155 2326 1260 2362 Quem
1286 2323 1426 2355 tuleram
1444 2348 1453 2362 ‚
1478 2333 1557 2355 casu
1581 2323 1676 2355 labor
1700 2329 1732 2355 et
1760 2326 1835 2364 ipse
1863 2332 1975 2364 super.

1152 2376 1212 2404 Pes
1237 2373 1343 2404 haesit
1366 2375 1491 2412 ramis3
1514 2377 1615 2414 caput
1641 2373 1762 2406 incidit
1786 2381 1908 2404 amne:
1928 2373 2074 2411 tulitque

1152 2425 1287 2455 Femina
1306 2447 1314 2462 ,
1337 2425 1388 2455 vir
1405 2445 1414 2461 ,
1439 2428 1596 2454 neutrum
1611 2446 1620 2462 ,
1644 2421 1786 2454 flumina
1802 2445 1810 2459 ‚
1836 2422 1901 2454 tela
1920 2447 1928 2461 ,
1948 2429 2083 2453 crucem
2099 2446 2106 2452 .

1195 2502 1394 2551 josephus
1433 2502 1608 2550 Scaliger
1651 2507 1692 2540 et
1738 2503 1879 2540 Petrus
1924 2501 2113 2540 Pithoeus

1150 2564 1299 2601 foetum
1319 2565 1459 2602 Poetae
1478 2564 1716 2612 antiquioris
1737 2573 1826 2601 esse
1847 2562 2117 2601 crediderunt.

1143 2626 1247 2664 Conf
1287 2626 1468 2674 pluribus
1512 2626 1745 2674 Menagiana
1791 2628 1883 2661 tom.
1916 2625 1981 2662 111.

1197 2680 1468 2734 PUSELlUS,
1494 2687 1720 2736 Episcopus
1743 2685 2027 2733 Caesanensis,
2055 2698 2118 2724 se-

1145 2749 1234 2787 culo
1266 2751 1429 2787 incerto.
1459 2750 1598 2787 Sermo
1632 2759 1737 2786 unus
1768 2748 1872 2786 illius
1908 2748 2115 2798 Fulgentio

1146 2813 1266 2862 vulgo
1312 2813 1512 2858 tributas,
1559 2822 1631 2849 nec
1677 2822 1752 2848 non
1798 2811 1860 2848 alii
1899 2810 2006 2854 duo,
2046 2811 2113 2859 qui

1146 2876 1252 2914 hunc
1283 2875 1443 2913 titulum
1477 2875 1732 2924 praeferunt:
1765 2874 1903 2911 Sermo
1935 2871 2117 2921 Custsya-

1144 2937 1269 2976 torius
1298 2940 1436 2975 contra
1457 2947 1546 2981 eos,
1571 2935 1642 2987 qui
1665 2936 1703 2973 ιή
1720 2932 2004 2986 fhstae'vitalibns
2032 2944 2107 2982 per

1142 2999 1368 3038 ebrietatem
1410 2998 1539 3041 multa
1588 2997 1790 3036 inhonesta
1839 2995 2113 3040 committunt,

1143 3066 1179 3100 ut
1209 3062 1247 3099 in
1277 3061 1485 3101 manemus
1515 3061 1648 3099 causis
1686 3071 1850 3112 munera
1896 3069 2018 3108 snper
2058 3057 2116 3095 in-

1144 3127 1340 3162 nocentem
1370 3123 1588 3174 accipiunt,
1619 3128 1751 3160 exstat
1783 3124 1819 3159 in
1851 3121 1994 3160 Codice
2032 3132 2114 3159 mo-

1146 3187 1306 3224 nasterii
1334 3184 1598 3224 Medianensis
1624 3186 1659 3222 in
1685 3188 1819 3221 monte
1850 3183 2002 3233 Vosago
2019 3213 2029 3230 ,
2055 3187 2112 3221 to—

1147 3253 1208 3285 stc
1234 3247 1381 3284 Thood.
1413 3247 1603 3284 Ruinarto
1635 3247 1670 3282 in
1704 3246 1848 3283 ltinorc
1871 3244 2043 3282 Alsatico
2071 3250 2111 3282 et

1153 3309 1425 3359 Lolliaringico
1442 3339 1450 3353 ,
1478 3312 1574 3346 tom.
1601 3308 1648 3345 lll
1673 3306 1847 3357 Operum
1879 3306 2112 3356 posthumo-
