2517 4009
880 263 1227 305 ORDlNUM

68 338 210 378 clesiae
233 365 242 384 ,
288 335 351 374 vel
397 335 566 385 qualiter
617 337 730 376 Missa
774 337 1023 386 celebretur,

65 400 146 450 jam
177 402 268 438 ante
298 396 425 435 Caroli
450 398 496 435 M.
523 402 698 448 tempora
724 399 757 447 a)
786 404 902 438 notus
927 399 1023 438 liber

70 461 403 506 EcclesiasticuS,
446 457 515 497 sed
565 464 608 498 ut
651 461 751 499 solet
797 463 833 499 in
880 462 1024 500 talibus

70 524 153 563 fieri
177 551 187 571 ‚
215 526 439 571 temporum
471 526 512 559 et
540 521 714 562 locorum
740 525 932 562 varietate
959 535 1026 561 ve-

70 585 281 624 hementer
308 583 527 631 alteratus,
557 596 635 635 qua
664 585 713 623 de
743 597 784 624 re
826 585 1026 624 videndus

68 647 127 686 Jo.
155 645 404 686 Mabillonius
449 649 733 685 commentario
777 649 938 698 praevio
983 648 1021 685 in

69 708 260 750 Ordinem
288 708 526 747 Romanum.
558 710 714 748 Primus
738 709 927 749 Ordinem
954 710 1026 748 Ro-

73 783 236 811 manurn
253 770 552 822 quadruplicem
569 770 692 809 edidit
708 770 903 823 Georyius
929 771 1027 810 Cas-

72 833 221 873 sander
248 833 382 873 Colon.
413 833 516 873 4546
537 834 572 871 8.
599 844 786 872 recusum
810 833 899 872 inde
925 835 1028 872 inter

46 896 285 936 ,Cassandri
315 907 432 947 opera
473 908 509 947 p.
539 897 590 934 97
622 897 697 935 403
729 897 804 936 408
837 897 913 935 443
940 897 1028 935 420.

71 960 193 999 Paris.
223 959 325 1000 4646
356 960 418 998 fol.
450 964 490 998 et
519 960 624 998 inter
654 961 871 1010 scriptores
895 959 944 997 de
964 960 1029 998 Di-

71 1023 177 1061 vinis
207 1022 346 1061 officiis
368 1027 546 1061 curante.
572 1020 686 1061 Melb.
708 1021 903 1072 JIz'ltorpio
919 1053 930 1070 ,
957 1023 1029 1061 Co-

71 1084 150 1123 lon.
181 1084 284 1124 4568
312 1083 378 1123 fol.
398 1088 438 1122 et
462 1085 585 1123 Paris.
609 1084 711 1123 4640
737 1084 801 1122 sol.
827 1083 902 1123 Sed
924 1083 1026 1134 apud

73 1146 310 1196 Hittorpium
361 1146 544 1196 sequitur
589 1157 675 1196 pag.
709 1147 769 1184 49.
802 1146 890 1186 460.
925 1144 1030 1184 ordo

77 1209 279 1247 Romanus
302 1207 493 1259 antiquus
522 1207 569 1246 de
595 1206 762 1259 reliquis
792 1207 889 1246 anni
916 1207 1032 1246 tocius

73 1269 210 1323 officiis
237 1280 286 1308 ac
313 1268 557 1308 ministeriis.
589 1270 671 1308 Non
703 1271 790 1308 sine
819 1281 937 1309 causa
967 1270 1032 1307 Jo-

73 1330 218 1384 sephus
246 1330 378 1371 Maria
404 1330 631 1370 Thomasius
656 1331 728 1369 has
753 1331 948 1370 editiones
974 1337 1033 1369 te-

73 1397 204 1433 status
232 1397 294 1432 est
323 1404 366 1431 se
396 1392 540 1431 habere
570 1404 639 1444 pro
673 1393 868 1443 farragine
899 1393 1033 1431 diver-

75 1466 211 1494 sorum
241 1457 390 1494 rituum
435 1455 658 1494 secundum
691 1457 822 1494 varias
865 1466 1033 1494 consue-

74 1516 247 1556 tudines.
298 1516 461 1555 Editum
505 1528 528 1556 a
573 1517 800 1556 Cassandro
843 1516 1034 1556 Ordinem

81 1577 304 1618 secundum
327 1608 336 1627 ‚
380 1590 499 1630 quem
553 1580 723 1617 caeteris
772 1580 1034 1629 antiquiorem

73 1640 252 1692 judicat,
282 1640 455 1692 amplius
486 1652 606 1691 quarn
639 1640 767 1679 media
796 1649 908 1691 parte
939 1642 1038 1680 inte-

77 1704 245 1755 griorem
276 1714 328 1742 ex
371 1702 518 1742 Codice
561 1702 753 1742 Abbatiae
783 1703 822 1742 S.
865 1703 964 1742 Galli
999 1706 1036 1741 in

79 1765 210 1805 lucem
240 1765 406 1816 protulit
434 1763 688 1805 Mabillonius
717 1767 837 1804 Paris.
870 1767 972 1806 4689
1000 1767 1034 1804 4.

78 1828 118 1866 in
161 1832 270 1867 tomo
312 1828 489 1867 secundo
532 1829 657 1868 Musei
702 1829 851 1876 Italici,
883 1830 919 1867 in
957 1840 1035 1880 quo

77 1894 169 1942 post
196 1891 536 1930 Commentarium
576 1893 779 1942 praevium
825 1891 1034 1931 Mabillonii

80 1953 305 1993 succedunt
346 1953 518 1994 Ordines
569 1955 733 1993 Romani
778 1954 1034 2005 quindecim,

81 2015 374 2056 Cassandrinus
418 2016 650 2064 secundus,
681 2017 772 2055 hinc
808 2018 961 2068 primus
991 2028 1036 2055 ac

81 2082 278 2129 quartus:
319 2078 470 2117 Deinde
502 2078 539 2128 Ιι)
572 2079 841 2131 fragmentum
885 2081 1035 2117 vet-eris

80 2140 242 2180 Ordinis
269 2142 434 2180 Romani
463 2140 512 2180 de
541 2143 659 2181 Missa
703 2141 919 2180 Pontificali
950 2153 1035 2192 pag.

81 2205 144 2244 64.
174 2205 211 2253 5)
241 2203 290 2242 de
318 2204 438 2242 Missa
468 2204 719 2255 Episcopali,
749 2203 856 2244 Ordo
885 2205 1038 2254 primus

80 2277 170 2318 pag.
198 2267 262 2305 64.
291 2271 334 2305 et
363 2267 402 2316 6)
432 2267 637 2306 secundus
670 2278 757 2318 pag.
787 2266 850 2305 70.
881 2268 947 2316 qui
976 2271 1039 2304 est

81 2329 225 2368 tertius
253 2328 359 2379 apud
389 2328 660 2368 Cassandrum
699 2339 785 2379 pag.
817 2330 902 2368 403.
934 2328 1039 2366 Ordo

83 2390 350 2441 processionis
378 2391 410 2427 si
439 2389 598 2440 quando
627 2391 848 2441 Episcopus
884 2391 1039 2429 festivis

83 2451 225 2491 diebus
244 2453 403 2490 Missam
428 2452 630 2490 celebrare
655 2452 850 2499 voluerit,
875 2457 915 2490 et
935 2453 1037 2503 apud

84 2514 324 2564 Hittorpium
368 2524 456 2564 pag.
484 2514 520 2551 6.
551 2513 586 2560 7)
630 2511 737 2551 Ordo
781 2516 961 2553 scrutinii
989 2514 1038 2552 ad

85 2576 234 2615 electos
263 2575 545 2627 (baptizandos)
576 2575 745 2626 qualiter
769 2575 910 2614 debeat
939 2576 1037 2614 cele-

86 2638 216 2686 brari,
247 2649 333 2689 pag.
361 2636 426 2676 77.
451 2649 500 2676 ex
525 2637 696 2676 editione
720 2637 877 2688 Joseplii
899 2639 1039 2676 Mariae

90 2700 288 2740 Thomasii
307 2731 317 2748 ,
351 2700 388 2748 b)
419 2700 560 2739 collata
589 2710 678 2739 cum
711 2705 941 2750 pervetusto
969 2700 1041 2738 Co-

88 2763 175 2802 dice
203 2761 347 2801 Codice
377 2762 615 2801 Colbertino.
645 2763 686 2812 8)
711 2762 759 2801 de
783 2762 1039 2801 Ordinatione

88 2835 292 2865 sacrorum
315 2825 582 2864 Ministrorum
609 2836 696 2876 pag.
723 2824 785 2864 85.
811 2826 846 2873 9)
876 2824 924 2862 de
954 2835 1041 2873 gra-

88 2887 205 2927 dibus
234 2888 434 2926 Romanae
463 2887 664 2927 Ecclesiae
694 2899 729 2938 p.
760 2889 822 2926 89.
855 2889 915 2936 41))
940 2888 1042 2933 Qua-

90 2950 179 2989 liter
207 2948 404 3001 agendum
435 2950 487 2987 sit
531 2952 669 3000 quinta
702 2951 796 2990 feria
827 2952 864 2989 in
910 2952 1041 2988 (jor-na

91 3012 245 3051 Domini
275 3022 361 3063 pag.
393 3010 455 3050 97.
486 3013 548 3061 44)
577 3012 872 3058 BEMfflICTl,
898 3014 938 3051 B.
973 3015 1038 3050 i’c-

145 3153 179 3192 a)
201 3151 319 3185 Confer
344 3151 498 3184 carolum
530 3151 559 3183 le
591 3153 708 3185 cointe
738 3157 819 3185 tom.
854 3155 892 3186 v.
929 3154 1047 3184 Annal.

1977 270 2055 310 163

1100 340 1148 376 tri
1180 338 1364 378 Canonici
1397 340 1494 378 liber
1523 339 1572 378 de
1601 340 1879 379 Ecclesiastico
1907 340 2054 380 Ordine

1099 402 1222 440 totius
1251 403 1370 450 anni,
1403 403 1576 453 scriptus
1620 408 1711 440 ante
1742 404 1815 442 An.
1860 404 1975 443 1443.
2005 404 2052 443 ad

1099 464 1321 502 (luidonem
1347 465 1395 503 de
1421 466 1607 513 Castello⁷
1628 471 1762 515 postea
1791 469 1934 518 Papam
1958 468 2055 507 Cae,-

1100 527 1288 565 lestinum
1322 528 1366 565 ll.
1399 539 1433 577 p.
1467 528 1556 566 448.
1587 529 1648 575 42)
1680 529 1902 568 Cardinalis
1940 531 2056 569 CEN-

1100 588 1166 628 Cll
1206 589 1252 628 de
1294 588 1463 629 Sabellis
1492 591 1527 638 c)
1561 595 1696 641 postea
1742 592 1944 631 llONORll
1991 594 2055 632 lll.

1100 653 1224 703 Papae
1253 651 1301 690 de
1331 652 1694 692 Consuetudinibus
1724 659 1763 692 et
1788 655 2055 694 observantiis

1100 714 1352 765 Presbyterio
1381 714 1444 752 vel
1478 714 1652 754 scholari
1677 721 1716 754 et
1740 717 1827 756 aliis
1852 718 2055 757 Ecclesiae

1100 777 1297 816 Romanae
1329 778 1364 814 in
1397 778 1620 828 praecipuis
1643 779 1948 818 solennitatibus
1969 793 2053 831 pag.

1103 840 1190 878 467.
1222 841 1282 888 43)
1314 841 1598 879 Caerimoniale
1621 842 1841 881 Remanum
1868 843 2055 882 GREGO-

1103 902 1168 940 Rll
1199 904 1248 941 X.
1276 901 1392 952 jussu
1424 903 1587 941 editum.
1619 916 1706 954 pag.
1734 905 1824 944 221.
1855 906 1915 952 it)
1945 906 2057 945 Ordi-

1103 966 1258 1004 narium
1289 965 1466 1005 JACORI
1501 965 1685 1017 Cajetam·
1710 968 1794 1003 sive
1821 967 2056 1018 Gojetanid')

1103 1027 1325 1066 Cardinalis
1368 1040 1453 1079 pag.
1499 1030 1589 1067 243.
1623 1031 1682 1076 45)
1715 1031 1857 1068 PETRI
1889 1031 2056 1077 Amelii,

1103 1091 1285 1140 Episcopi
1318 1091 1597 1142 Senegalensis
1628 1092 1724 1130 liber
1755 1099 1842 1143 post
1871 1097 1915 1132 Α.
1943 1095 2057 1133 4397.

1105 1156 1278 1206 scriptus
1307 1155 1355 1193 de
1384 1156 1636 1194 caerimoniis
1681 1158 1879 1195 Romanae
1922 1158 2058 1196 Eccle-

1106 1219 1186 1255 siae
1216 1229 1303 1268 pag.
1335 1218 1425 1255 448.
1459 1219 1519 1266 46)
1549 1217 1668 1257 index
1695 1219 1946 1258 sollemnium
1974 1221 2062 1259 Col-

1105 1280 1297 1318 lectarum
1329 1285 1367 1317 et
1398 1282 1612 1319 stationum
1636 1281 1839 1320 Ecclesiae
1862 1283 2058 1321 Romanae

1106 1353 1191 1392 pag.
1219 1341 1307 1380 564.
1333 1341 1552 1390 Subjuncta
1578 1343 1771 1393 appendix
1799 1346 1834 1381 in
1856 1356 1930 1394 qua
1957 1345 2059 1383 eelo-

1107 1416 1178 1455 gae
1202 1404 1443 1443 AMALARH
1467 1405 1631 1443 Abbatis
1654 1407 1690 1443 in
1711 1405 1897 1445 Ordinsm
1923 1408 2061 1445 Roma-

1110 1477 1207 1505 num
1238 1477 1323 1517 pag.
1357 1467 1444 1505 549.
1474 1467 1681 1506 JOANMS
1710 1469 1867 1506 Diaconi
1893 1468 1988 1506 liber
2011 1469 2059 1507 ds

1111 1530 1254 1568 Sancto
1285 1531 1520 1568 Sanctorum
1552 1530 1638 1567 sive
1668 1529 1716 1567 de
1748 1531 1924 1568 Ecclesia
1951 1533 2060 1569 Late-

1114 1592 1269 1630 ranensi
1302 1602 1386 1642 pag.
1417 1591 1506 1630 560.
1555 1591 1860 1631 constitutiones
1899 1593 2061 1631 Latera-

1111 1664 1249 1693 ozenses
1294 1666 1379 1704 pag.
1430 1654 1519 1692 576.
1570 1654 1842 1692 AUGUSTIM
1894 1655 2063 1693 patricii

1116 1715 1409 1765 Piccolomz'nei,
1448 1717 1630 1767 Episcopi
1678 1717 1844 1755 Pientini
1890 1717 2062 1767 Epistola

1112 1777 1161 1817 ad
1205 1780 1479 1818 Innocentium
1526 1780 1622 1817 Vlll.
1667 1791 1752 1830 pag.
1796 1780 1884 1817 581.
1914 1780 2063 1818 Excer-

1110 1845 1221 1891 ptum
1253 1853 1301 1880 ex
1332 1843 1461 1880 Diario
1491 1842 1690 1880 PARlDlS
1718 1841 1764 1879 (le
1795 1841 1955 1881 Crassis
1985 1843 2060 1880 An.

1112 1903 1226 1943 4547.
1257 1915 1342 1955 pag.
1375 1904 1462 1943 587.
1488 1906 1521 1953 e)
1547 1903 1619 1942 His
1649 1903 2063 1954 deniquejungendus

1110 1966 1245 2006 ORDO
1282 1969 1483 2006 Romanus
1526 1968 1698 2018 scriptus
1743 1967 2063 2017 imperitantibus

1111 2029 1311 2068 Ludovico
1341 2034 1380 2067 et
1402 2072 1403 2075 Ἴ
1424 2030 1606 2068 Lothario
1626 2060 1636 2076 ,
1667 2041 1785 2079 quem
1830 2040 1879 2066 ex
1922 2028 2063 2068 Codice

1111 2094 1273 2144 antiquo
1322 2092 1539 2131 Veronensi
1589 2092 1770 2141 vulgavit
1822 2091 2063 2129 Franciscus

1111 2153 1352 2193 Blanchinus
1381 2156 1418 2192 in
1450 2159 1556 2193 tomo
1586 2156 1702 2192 tertio
1734 2156 1904 2192 vitarum
1938 2155 2065 2192 Ponti-

1113 2218 1230 2256 ficum
1250 2218 1448 2256 Anastasii
1471 2216 1773 2264 Bibliothecarii.
1790 2217 1898 2254 Rom.
1921 2216 2022 2254 4728
2041 2216 2065 2253 f.

1166 2281 1390 2320 ORDINUM
1420 2281 1620 2318 variorum
1654 2277 1860 2315 veteribus
1879 2307 1887 2323 .
1917 2279 2064 2327 praeei-

1114 2354 1190 2393 pue
1220 2345 1256 2380 in
1288 2341 1502 2381 Occidente
1547 2342 1784 2379 usitatorum
1829 2338 2064 2377 Christianis

1113 2405 1422 2454 locupletissima
1439 2402 1616 2441 collectio
1637 2412 1686 2438 ex
1709 2401 1827 2437 variis
1856 2399 2064 2437 Bibliothe-

1113 2468 1170 2505 eis
1203 2477 1343 2517 magno
1371 2466 1591 2515 conquisita
1621 2461 1752 2500 studio
1782 2466 1913 2499 exstat
1940 2463 1975 2497 in
2001 2472 2064 2498 ee-

1116 2529 1313 2567 leberrimi
1368 2528 1448 2566 Viri
1495 2524 1692 2565 Edmundi
1741 2525 1914 2561 Martene
1958 2522 2064 2560 libris

1115 2596 1285 2641 quatuor
1314 2591 1361 2628 de
1391 2590 1566 2638 antiquis
1597 2586 1797 2625 Ecclesiae
1824 2585 1974 2630 ritibus
1994 2585 2063 2621 lio-

1115 2654 1258 2702 tomagi
1292 2652 1405 2690 1700.
1436 2662 1519 2700 seq.
1549 2659 1650 2699 quos
1679 2647 1884 2685 studiosus
1913 2648 2060 2685 Lector.

1117 2715 1178 2753 ubi
1210 2715 1427 2765 placuerit,
1456 2711 1648 2750 consulet.

1167 2778 1376 2816 Sacrorum
1406 2772 1785 2813 ORD1N.-xT1()NUM
1824 2770 1988 2808 rituales
2020 2770 2062 2807 li-

1113 2840 1227 2887 bros,
1258 2840 1359 2877 sicut
1396 2837 1607 2876 Orientalis
1638 2835 1835 2873 Ecclesiae
1857 2863 1865 2877 ¹.
1900 2833 1950 2869 ita
1993 2829 2065 2868 La·-

1115 2903 1219 2940 tinae
1260 2912 1416 2952 quoquo
1460 2900 1668 2950 diligenter
1710 2909 1758 2934 ex
1810 2894 2063 2933 bibliothecis

1116 2964 1263 3003 Galliac
1305 2969 1345 3000 et
1390 2963 1521 3001 ltaliae
1570 2961 1753 3010 collegit,
1804 2957 2062 3006 vulgaxitqne

1116 3028 1287 3066 Joanncs
1315 3027 1488 3064 Moriuus
1519 3026 1554 3061 in
1585 3034 1702 3073 opere
1745 3019 1896 3058 erudito
1927 3018 1974 3055 cle
2004 3029 2063 3053 sa-

1111 3169 1305 3201 iustioribus
1340 3170 1372 3198 in
1408 3166 1527 3206 quibus
1566 3164 1640 3195 libri
1681 3169 1745 3194 tres
1781 3164 2068 3192 sacramentorum

83 3204 368 3238 Eccles.Francor.
389 3202 463 3233 602.
486 3203 630 3234 caveum
652 3203 693 3234 ad
729 3206 790 3234 An.
823 3202 897 3239 750.
933 3204 1048 3242 cangii
1111 3222 1275 3250 Romanae
1299 3217 1464 3249 Ecclesiae
1487 3218 1580 3245 Rom·
1606 3213 1694 3243 1680.
1718 3212 1750 3244 4·

89 3254 310 3296 glossarium,
332 3261 412 3285 voce
435 3253 541 3285 Ordo.
567 3255 656 3284 luter
679 3252 789 3293 plures
812 3255 868 3292 qui
900 3254 932 3284 in
953 3255 1050 3285 Ordi-

91 3311 131 3336 ne
153 3303 211 3336 illo
237 3303 416 3344 digerendo
440 3303 675 3340 elaborarunt,
715 3303 777 3335 suit
813 3307 844 3334 et
878 3304 1051 3333 BERNOL-

88 3356 159 3386 BUS
181 3353 446 3385 constantiensis
465 3377 475 3393 ,
495 3353 536 3385 de
559 3362 624 3393 quo
650 3361 750 3393 supra
772 3357 798 3385 t.
822 3351 850 3385 1.
879 3361 914 3392 p.
934 3353 1009 3385 ⁶221.

139 3404 175 3443 b)
204 3405 242 3435 ln
266 3404 445 3436 codicibus
468 3406 781 3443 sacramentorum,
804 3402 878 3436 990.
896 3406 996 3435 annis
1014 3412 1071 3436 ve-

1172 3269 1203 3305 c)
1227 3270 1328 3306 Supra
1356 3272 1423 3297 toni
1450 3265 1476 3295 1.
1502 3272 1577 3304 pag.
1604 3263 1675 3294 550.

1173 3318 1207 3356 d)
1233 3319 1266 3348 ΙιΙ
1299 3325 1371 3355 pag.
1396 3314 1466 3345 296.

1178 3371 1210 3399 el
1235 3368 1312 3398 Vide
1338 3366 1421 3398 infra
1448 3366 1560 3395 mnis
1584 3363 1624 3394 ‹ie
1651 3360 1813 3393 Crassis.
