2517 4009
953 235 978 271 Ρ
1005 232 1036 270 A
1060 230 1090 269 V
1112 232 1144 269 Ο

60 305 212 357 inferno
230 337 239 354 ,
265 304 310 344 (le
340 307 447 344 statu
476 304 704 342 animarum
728 307 1009 356 separatarum

57 368 82 406 ὰ
114 366 356 420 corporibus.

114 428 301 468 Tabulam
333 433 535 480 praeterea
582 429 789 475 Veritatis,
819 440 936 479 quam
968 433 1008 465 et

58 491 263 532 Circulum
291 491 440 531 dicunt.
464 492 543 530 Nec
569 502 644 529 non
672 490 718 529 de
742 490 907 543 proprio
931 488 1010 527 An—

52 553 141 604 yelo
167 551 326 592 librum.
350 553 467 592 Nobis
492 553 539 592 ad
564 565 706 592 manus
728 557 822 591 sunt
840 583 849 598 ,
883 552 1010 602 inquit

59 615 249 655 laudutus
278 615 447 667 Arpius:

111 679 183 716 Pro
221 679 446 717 anacriseos
481 679 708 729 operatione
738 689 828 716 cum
866 676 1009 715 Sancto

56 741 221 781 Nomine
244 742 398 792 proprio
423 741 509 779 libri
542 741 588 779 ll.

107 804 164 842 De
188 803 553 854 praenotationibus
574 809 613 841 et
634 802 887 841 anacrisibus
914 801 1011 851 byp-

55 866 197 904 noticis
228 865 329 904 Libri
353 865 418 904 ill.
450 865 716 915 Manuscripti.

106 928 176 967 His
195 929 486 979 praemittitur,
510 932 665 978 praeter
689 924 848 965 Libanii
867 927 1012 977 episto-

56 989 132 1028 lam
171 991 194 1028 a
231 989 342 1028 nobis
378 991 648 1038 recensitam,
678 988 832 1036 altera,
863 988 911 1027 de
950 989 1012 1026 liis

54 1051 241 1104 scriptis,
267 1051 316 1090 ad
339 1050 555 1091 Metanium
586 1051 807 1090 triandrum
842 1050 1014 1089 Philoso-

49 1112 195 1166 phum,
222 1125 343 1164 quem
366 1115 404 1152 in
422 1118 574 1165 partem
597 1113 852 1152 haereditatis
878 1115 1013 1151 venire

58 1176 238 1223 volebat,
263 1177 411 1226 scripta
439 1175 610 1214 Parisiis
637 1174 674 1213 cl.
701 1178 733 1213 4.
765 1174 870 1226 Maji
897 1176 1011 1213 4509.

110 1238 236 1288 Hujus
253 1237 416 1277 Melanii
426 1237 647 1288 epistolica,
664 1237 710 1275 ad
725 1235 1013 1287 Meyalophium

58 1302 222 1352 Reqem,
253 1311 373 1350 super
397 1299 765 1349 interpretationem
799 1296 959 1347 Pelayii.

109 1363 188 1402 Nec
227 1373 302 1400 non
341 1359 503 1401 Melan-tt
543 1360 761 1408 Praefatio,
794 1361 830 1397 in
872 1359 1014 1397 librum

57 1425 293 1464 Sanctorum
322 1422 598 1471 somnialz‘um,
631 1421 757 1473 'quam
802 1421 1020 1473 compendii

61 1487 185 1526 instar
201 1486 484 1534 exscriberem,
510 1487 541 1524 si
560 1486 656 1524 haec
679 1484 876 1524 scribendi
899 1486 1016 1532 ratio,

59 1553 152 1588 voto
188 1553 395 1588 annueret.
432 1548 530 1594 Quis
561 1548 622 1586 hic
662 1546 884 1596 Melanius,
921 1546 1016 1585 mihi

62 1622 138 1650 non
181 1612 307 1662 magis
348 1621 467 1660 quam
498 1609 669 1660 quodvis
699 1611 895 1648 incertum
926 1620 1019 1647 con-

60 1677 142 1712 stat
158 1703 167 1723 ,
185 1677 254 1712 aut
276 1674 365 1723 quis
389 1671 630 1724 Meyalopius
651 1673 735 1711 Rex
758 1670 989 1711 Articorum
1007 1683 1014 1708 :

62 1747 181 1786 quem
202 1734 422 1774 Jazmielem
448 1740 563 1774 vocat
582 1765 591 1782 ‚
614 1737 751 1783 ¹virum
770 1734 1017 1786 sapientissi-

63 1810 198 1847 mum,
227 1797 461 1838 Trithemius
491 1798 774 1849 Polygraphiae
800 1797 864 1835 lib.
890 1797 950 1834 Vl.
979 1808 1013 1846 p.

65 1863 153 1901 603.
184 1862 290 1900 Ficta
321 1872 410 1900 esse
441 1863 599 1899 nomina
630 1866 670 1899 et
700 1861 869 1910 mystica
901 1869 1017 1897 nemo

67 1935 143 1962 non
188 1923 322 1972 videt,
363 1934 644 1975 praecursores
691 1924 804 1974 quasi
838 1920 1019 1974 fratrum

66 1987 213 2026 Roseae
239 1985 385 2025 crucis.

122 2051 200 2101 Ipsi
241 2050 327 2088 libri
368 2051 389 2088 a
421 2049 590 2088 lectione
619 2051 869 2088 curiosorum
898 2047 1020 2099 jura-

67 2112 190 2151 menti
203 2111 282 2164 fide
306 2112 472 2162 muniti,
505 2123 689 2163 magnam
723 2113 828 2150 vitae
857 2111 1020 2160 integri-

64 2180 187 2214 tatem
210 2187 301 2230 prae
329 2186 372 2213 se
393 2175 550 2220 ferunt,
581 2174 759 2225 adeoque
785 2176 821 2211 in
857 2176 928 2211 boc
951 2184 1018 2223 ge-

65 2250 158 2277 nere
175 2237 371 2276 seribendi
390 2266 398 2285 ,
415 2237 588 2287 reliquos
611 2237 724 2288 longe
746 2239 1018 2276 antevertant.

119 2303 429 2348 Juramentum,
467 2299 572 2350 quod
607 2311 713 2351 operi
752 2299 1020 2350 praemittitur

67 2365 145 2404 tale
169 2369 244 2403 est.
271 2363 351 2413 E90
377 2362 563 2414 indiynus
593 2373 735 2401 servus
759 2362 879 2401 JESU
903 2360 1021 2400 Cilri-

68 2428 146 2474 sti,
177 2429 392 2478 spontanea
419 2424 620 2463 voluntate
645 2426 736 2473 J'uro
764 2428 804 2463 et
833 2426 1020 2474 promitto

70 2489 320 2540 omnipotenti
337 2487 466 2536 ΠΕΟ,
493 2487 608 2525 Patri
621 2490 656 2524 et
679 2485 779 2524 Filio
800 2490 837 2525 et
854 2487 1024 2537 Spiritui

68 2553 108 2592 S.
126 2555 162 2590 et
175 2548 248 2589 tibi
260 2548 521 2600 Praeceptori
531 2559 615 2586 meo
633 2579 640 2596 ,
668 2547 774 2599 quod
793 2547 893 2586 hanc
907 2561 1024 2587 sacro

69 2617 248 2655 sanctam
265 2612 496 2660 &vaupc'cewv
525 2610 759 2657 scientiam,
790 2621 945 2661 semper
974 2614 1026 2649 te-

73 2676 170 2717 nebo
196 2678 390 2716 secretam
407 2705 417 2722 ,
436 2684 558 2725 quam
572 2672 642 2711 diu
659 2672 804 2712 vixero
822 2704 830 2722 ,
847 2684 916 2711 nec
939 2684 1025 2711 eam

71 2737 256 2780 revelabo
279 2736 425 2786 alicui,
451 2737 525 2774 nisi
550 2747 669 2786 quem
699 2737 820 2774 certis
840 2739 878 2774 et
902 2736 1026 2773 mani-

71 2803 184 2842 festis
215 2800 370 2839 indiciis
398 2799 562 2851 dignum
587 2797 744 2838 credam
772 2804 812 2836 et
837 2799 873 2835 in
900 2799 1021 2848 gratia

73 2865 159 2904 DEI
179 2863 456 2902 constitutum.
473 2863 641 2914 Insuper
655 2861 745 2913 juro
769 2865 807 2899 et
826 2861 1023 2911 promitto.

75 2925 182 2980 quod
200 2936 276 2964 uon
290 2923 438 2964 abutar
455 2924 527 2965 hac
538 2925 626 2977 ipsa
635 2923 828 2973 doctrina,
850 2922 889 2961 in
904 2921 1024 2961 rebus

129 3062 165 3100 a)
186 3063 236 3094 lta
257 3062 422 3092 manuscr.
445 3058 574 3098 corbej.
590 3057 678 3090 Adde
690 3058 870 3090 Lelandum
885 3066 957 3098 cap.
974 3056 1031 3088 22.

70 3116 103 3145 et
122 3113 256 3144 Baleum
278 3112 303 3142 l:
329 3109 383 3142 58.
406 3110 573 3141 usserium
596 3109 631 3139 in
656 3107 835 3140 Ecclesiar.
859 3108 1027 3139 Britanni-

44 3199 46 3202 ,
73 3171 187 3196 carum
210 3160 469 3202 antiquitatibus
491 3167 562 3198 cap.
587 3158 618 3190 8.

131 3212 169 3252 b)
191 3213 229 3244 Hi
253 3210 382 3253 pridem
406 3208 559 3242 videniur
584 3206 805 3240 intercidisse.

134 3262 168 3303 c)
187 3261 348 3302 Eulogiae
373 3261 442 3293 sive
464 3258 597 3298 eclogae
612 3282 621 3297 ,
645 3258 750 3289 electa
766 3281 775 3294 ,
815 3256 957 3288 selectae
994 3265 1032 3288 ex

75 3314 178 3345 sacris
199 3312 319 3344 litteris
342 3311 539 3342 sententiae.
553 3307 672 3340 Confer
687 3306 851 3338 wilhelmi
869 3306 962 3337 Walli
980 3305 1034 3337 bi-

75 3364 215 3394 storiam
241 3360 526 3402 praedobaptismi
551 3357 687 3398 Anglice
711 3356 835 3389 editam
863 3364 937 3396 pag.
958 3355 1034 3388 ΞΜ.

1963 229 2039 266 211

1084 304 1198 340 vanis
1215 331 1225 346 ,
1257 302 1412 340 levibus
1429 331 1438 348 ,
1462 301 1522 339 vel
1552 301 1715 338 llivinae
1742 298 1924 349 justitiae
1949 310 2045 336 con-

1086 367 1241 411 trariis,
1276 364 1346 403 secl
1373 376 1413 402 m
1442 363 1501 402 llis
1532 365 1709 410 tantum,
1741 372 1844 412 quae
1875 359 1974 399 mihi
2011 364 2048 399 et

1085 427 1182 466 meis
1206 427 1446 474 conducunt,
1475 424 1530 463 ad
1552 423 1720 464 salutem
1745 424 1981 462 animarum
2009 426 2046 461 et

1090 501 1323 541 corporum,
1355 500 1494 527 rerum
1519 492 1556 526 et
1585 486 1759 526 honoris.

1138 551 1204 591 Sic
1226 563 1284 589 me
1308 552 1424 590 DEus
1447 550 1611 601 adjuvet
1633 553 1671 588 et
1693 561 1804 588 sacra
1827 549 2046 599 Evangelia

1086 614 1255 652 CHristi.
1288 612 1424 651 Amen.

1142 674 1384 726 Reyinaldus
1403 675 1532 714 PAVO
1550 677 1558 722 ζ
1577 675 1741 725 Anglice
1766 672 1974 721 Peacock)
1999 674 2049 712 Α-

1087 739 1298 790 saphensis
1348 739 1518 788 primum
1536 769 1546 785 ,
1591 737 1734 775 deinde
1783 737 2049 775 (Licestrensis

1086 803 1308 852 Episcopus
1326 830 1333 847 ,
1351 812 1400 838 ex
1427 800 1581 838 Wicleli
1614 799 1853 838 adversariis
1877 801 1980 837 circa
2003 799 2048 837 Α.

1089 864 1204 903 4450.
1247 864 1296 902 de
1340 863 1456 912 cujus
1485 862 1665 901 doctrina
1695 867 1735 900 et
1765 863 1924 912 scriptis
1971 872 2047 899 non

1087 927 1211 965 habeo
1227 938 1328 977 quae
1343 925 1486 965 addam
1505 924 1725 963 industriae
1744 925 1817 961 viri
1829 923 2051 962 doctissimi

1090 990 1244 1029 Henrici
1273 988 1480 1027 Warthoni
1506 987 1554 1026 ad
1579 986 1760 1025 Caveum
1789 986 1905 1024 Anno
1934 985 2052 1024 ltili.

1088 1064 1206 1102 quem
1238 1052 1421 1102 sequitur
1457 1050 1642 1089 Oudinus
1668 1054 1695 1087 t.
1736 1049 1771 1087 3.
1811 1058 1897 1097 pag.
1934 1047 2054 1086 ⁶2:387·

1088 1125 1171 1165 seq.
1202 1114 1317 1152 video
1341 1114 1460 1151 etiam
1489 1114 1687 1151 Pavonem
1721 1110 1827 1148 hunc
1860 1110 2051 1160 pleraque

1088 1178 1218 1214 omnia
1251 1187 1326 1214 non
1358 1176 1495 1213 Latine
1529 1175 1739 1224 scripsisse
1780 1172 1847 1211 sed
1875 1173 2055 1223 Anglice.

1089 1237 1200 1284 Quod
1231 1248 1325 1275 vero
1355 1237 1475 1275 Stous
1521 1238 1557 1274 in
1589 1236 1784 1274 Chronico
1829 1239 1967 1273 auctor
1992 1240 2056 1273 est

1091 1301 1307 1338 Peacocum
1325 1301 1361 1336 in
1374 1299 1538 1348 Anglice
1557 1297 1762 1336 vertendis
1773 1298 1810 1335 S.
1827 1298 2058 1347 Scripturae

1090 1362 1198 1400 libris
1228 1373 1297 1412 per
1323 1361 1468 1399 multos
1493 1371 1618 1399 annos
1643 1359 1879 1405 insudasse,
1906 1359 1979 1397 boc
2010 1360 2052 1397 in

1090 1423 1254 1462 dubium
1284 1428 1448 1462 vocatur
1491 1423 1540 1461 ab
1583 1421 1722 1459 eodem
1755 1421 1975 1459 Wartbono
2018 1423 2057 1458 in

1091 1487 1265 1526 auctario
1289 1485 1337 1524 ad
1368 1486 1575 1525 Usserium
1605 1483 1654 1522 de
1683 1484 1809 1521 sacris
1834 1483 2057 1533 Scripturis

1091 1549 1318 1588 vernaculis
1349 1560 1434 1599 pag.
1468 1548 1557 1585 ttt.
1590 1558 1676 1596 seq.

1145 1613 1315 1650 Joamtes
1332 1610 1533 1650 PECCAM
1551 1640 1558 1658 ,
1577 1621 1697 1660 supra
1718 1614 1813 1647 tom.
1832 1608 1895 1646 IV.
1917 1619 1951 1658 p.
1971 1607 2060 1644 398.

1143 1674 1392 1714 PELAGlUS
1410 1672 1534 1711 Britto
1557 1673 1590 1720 a)
1617 1669 1904 1710 haeresiarcha
1923 1699 1930 1717 ,
1952 1672 2062 1707 cinte-

1092 1748 1211 1789 quam
1236 1736 1480 1788 proderetur
1510 1734 1759 1782 haereticus,
1792 1732 1956 1784 scripsit
1981 1735 2066 1771 stu-

1091 1800 1211 1840 diosis
1240 1799 1342 1840 viris
1371 1797 1619 1838 necessarios
1648 1802 1731 1835 tres
1762 1795 1811 1834 de
1844 1795 1920 1833 fide
1939 1796 2065 1833 Trini-

1092 1866 1186 1902 tatis
1210 1864 1331 1902 libros
1352 1863 1390 1910 b)
1413 1866 1451 1900 et
1464 1873 1538 1914 pro
1563 1858 1720 1899 actuali
1741 1857 2037 1897 conversatione
2053 1889 2063 1905 ,

1092 1927 1345 1976 Eulogiarum
1368 1927 1400 1974 c)
1423 1937 1471 1963 ex
1494 1924 1649 1962 Divinis
1673 1922 1892 1971 Scripturis
1917 1921 2065 1958 librum

1096 2001 1243 2036 unum,
1274 1987 1537 2040 capitulorum
1575 1984 1731 2024 indiciis
1762 1983 1802 2021 in
1834 1981 1993 2021 modum
2023 1983 2063 2022 S.

1095 2051 1292 2104 Cypriani
1316 2050 1509 2102 Martyris
1537 2049 1573 2098 d)
1595 2046 1912 2100 praesiynatum.
1947 2047 2062 2085 Post.

1093 2115 1314 2154 haereticas
1347 2112 1580 2165 publicatus
1609 2112 1670 2160 e),
1701 2109 1865 2161 scripsit
1908 2107 2066 2146 haeresi

1092 2189 1189 2216 suae
1217 2176 1406 2230 faventia.
1439 2178 1540 2215 Haec
1565 2174 1613 2213 de
1639 2174 1793 2223 Pelagio
1817 2171 1949 2210 Rufini
1976 2169 2065 2221 Syri

1093 2240 1313 2291 discipulo,
1361 2239 1547 2278 Caelestii
1595 2238 1782 2288 Magistro
1830 2233 2066 2272 Gennadius

1093 2315 1178 2354 cap.
1201 2303 1263 2342 42.
1286 2301 1505 2341 Monachus
1530 2301 1594 2339 ille
1623 2300 1726 2337 inter
1747 2298 1885 2335 Laicos
1910 2306 2068 2345 semper

1095 2366 1274 2404 substitit
1304 2365 1328 2412 f)
1356 2368 1495 2403 auctor
1525 2367 1730 2412 praeterea
1776 2358 1948 2397 traditur
1978 2356 2065 2395 libri

1097 2427 1143 2466 (le
1172 2427 1353 2476 Natura,
1383 2425 1500 2475 cujus
1530 2425 1751 2474 fragmenta
1783 2420 1941 2469 collegit
1969 2419 2067 2455 Gar-

1101 2492 1234 2529 nerius
1275 2495 1368 2527 tom.
1402 2490 1435 2527 4.
1467 2487 1513 2526 ad
1545 2487 1803 2525 Mercatorem
1847 2492 1933 2530 pag.
1976 2479 2064 2517 373.

1100 2563 1182 2602 seq.
1204 2557 1245 2590 et
1265 2552 1452 2589 librorum
1476 2549 1537 2587 IV.
1562 2547 1607 2586 (le
1634 2544 1756 2584 libero
1781 2541 1954 2581 arbitrio
1980 2553 2065 2592 pag.

1101 2615 1189 2653 384.
1222 2624 1305 2662 seq.

1153 2673 1324 2714 Libellus
1345 2672 1441 2725 fidei
1461 2682 1579 2722 quem
1603 2670 1784 2719 Pelagius
1804 2667 1850 2705 ad
1876 2667 2066 2705 Innocen-

1101 2739 1200 2776 tium
1223 2738 1250 2775 1.
1271 2737 1412 2787 Papam
1441 2735 1575 2779 misit,
1598 2732 1667 2770 sed
1690 2742 1809 2782 quem
1832 2730 1912 2779 jam
1938 2730 2066 2779 priore

1100 2801 1174 2839 An.
1204 2799 1293 2839 falfi.
1324 2798 1558 2836 defunctum
1590 2796 1763 2846 reperit,
1790 2794 1892 2830 inter
1915 2791 1954 2829 S.
1980 2792 2067 2829 ilie-

1101 2863 1255 2913 ronymi
1287 2871 1404 2912 opera
1435 2870 1553 2910 saepe
1582 2857 1715 2897 editus
1752 2858 1884 2893 exstat
1914 2853 1988 2892 sub
2020 2854 2066 2890 ti-

1101 2926 1208 2964 tulo:
1240 2921 1414 2977 Symboli
1454 2920 1682 2974 explanatio
1725 2917 1778 2956 ad
1820 2917 2064 2964 Damasum,

1093 3063 1203 3092 Etiam
1223 3061 1303 3091 haec
1327 3058 1453 3097 Pelagii
1471 3055 1663 3088 lucubratio
1696 3051 1796 3083 hodie
1839 3049 2074 3082 desideratur.

1096 3114 1292 3150 Fragmenta
1316 3109 1358 3140 ab
1375 3111 1573 3145 Hieronymo
1591 3109 1622 3136 et
1638 3104 1821 3143 Augustino
1840 3109 1877 3132 se
1889 3104 1985 3132 rvata
2003 3100 2073 3132 col-

1092 3162 1172 3202 legit
1195 3161 1373 3191 Garncrius
1397 3158 1437 3189 ad
1460 3158 1673 3188 mercatorem
1701 3157 1725 3183 t.
1753 3151 1763 3181 l
1791 3161 1824 3192 p.
1848 3151 1922 3182 570.

1155 3210 1189 3245 d)
1214 3211 1250 3240 in
1273 3209 1367 3240 libris
1390 3206 1496 3239 tribus
1511 3204 1784 3237 testimoniorum
1802 3201 1843 3233 ad
1884 3201 2077 3239 Quirinum.

1160 3262 1191 3299 e)
1215 3264 1280 3292 Αιι.
1300 3259 1373 3292 416.
1397 3267 1470 3298 seq.

1162 3313 1187 3350 t)
1212 3312 1389 3343 Garnerius
1416 3314 1496 3340 tom.
1525 3307 1534 3337 l
1566 3316 1597 3347 p.
1627 3306 1696 3338 155.
1722 3314 1795 3345 seq.
