2517 4009
937 215 1341 254 ROBERTUS

144 288 234 326 hinc
264 289 425 326 Romam
456 286 686 336 profectus,
718 284 847 334 ibique
891 295 911 323 a
954 285 1102 336 Grego-

141 351 196 388 rio
226 350 308 389 Vll.
338 357 465 398 usque
493 346 542 384 ad
574 351 742 384 mortem
780 345 970 385 detentus
1014 348 1099 387 fuit.

140 411 289 449 Floruit
319 410 435 459 igitur
464 419 496 446 a.
529 407 646 446 4094.
676 407 842 458 Scripsit
887 409 1098 449 Commeat.

138 472 177 511 in
196 471 360 512 Cantica
379 469 634 509 Canticorum
653 499 660 518 ,
677 468 792 519 cujus
810 471 1097 510 praefationem

136 533 259 573 edidit
287 531 535 571 Mabillonius
565 535 659 569 tom.
694 533 705 569 l
743 532 910 571 Analect
941 545 976 583 p.
1008 534 1097 572 125.

135 597 174 634 in
203 594 374 634 editione
402 603 504 631 nova
536 605 572 643 p.
597 594 685 632 428.
718 594 852 644 lpsum
870 606 964 633 vero
983 596 1100 634 Com-

133 656 376 695 mentarium
404 653 588 693 Oudinus
608 655 731 694 edidit
752 660 847 695 tom.
874 657 919 695 ll.
945 668 981 706 p.
1009 658 1096 696 772.

133 718 202 769 qui
231 717 328 757 alias
356 717 460 754 inter
488 715 616 766 Opera
647 717 822 767 Gregorii
852 718 898 756 M.
930 718 1098 757 habeba-

133 784 209 818 tur.
240 779 411 817 Plurima
441 777 490 815 de
522 779 605 827 ipso
634 778 816 818 Oudinus
846 791 881 829 p.
911 779 1002 817 768.

185 840 450 880 ROBERTUS
482 837 706 891 Tumblejus
725 869 733 887 ‚
755 839 933 891 Angius,
960 852 1095 880 mona-

131 902 234 942 chus
269 900 596 949 croilandensis,
640 902 734 941 Ord·
778 903 818 941 S.
864 903 1091 951 Benedicti,

131 965 275 1003 aetatis
305 965 488 1014 ignotae,
513 964 673 1014 scripsit
698 964 738 1002 in
758 964 968 1004 Canticum
991 965 1094 1004 Can-

130 1021 310 1060 ticorum
341 1022 430 1061 Car.
461 1022 513 1060 du
545 1022 693 1060 Fresne
718 1022 996 1073 Philosophum
1026 1035 1091 1062 vo-

128 1088 203 1124 cat.
234 1085 390 1123 Pitseus
419 1082 600 1134 Append.
631 1083 744 1122 Cent.
776 1085 838 1122 IV.
873 1086 936 1124 49.

180 1144 446 1184 ROBERTUS
480 1144 528 1182 cte
566 1143 703 1193 Valle,
754 1146 1087 1196 Rotomagensis,

126 1206 352 1246 Canonicus
369 1206 640 1244 carnotensis.
664 1206 836 1256 Scripsit
855 1208 1083 1246 Tractatum

124 1265 171 1305 de
198 1265 450 1317 dispositione
469 1264 525 1302 ad
547 1263 643 1304 bene
667 1266 915 1304 moriendum
937 1297 945 1315 ,
971 1268 1085 1307 Com-

117 1326 304 1380 pendium
329 1328 422 1365 item
445 1326 792 1365 memorandorum
809 1358 820 1375 ,
842 1328 951 1366 vires
967 1333 1083 1367 natu-

121 1387 231 1429 rales
246 1392 284 1428 et
297 1387 499 1428 commoda
515 1387 846 1439 comprehendens
867 1400 920 1427 ex
938 1388 1080 1428 Plinio.

34 1445 37 1447 ’
61 1455 64 1459 ’
121 1451 242 1490 Paris.
270 1451 387 1490 4500.
413 1451 447 1488 4.
474 1451 718 1488 Possevinus
745 1451 771 1487 l.
795 1461 831 1500 p.
854 1451 944 1488 348.
978 1452 1081 1490 Scri-

120 1514 202 1564 psit
223 1513 327 1552 circa
349 1523 384 1551 a.
411 1512 528 1552 4484.
553 1511 772 1562 Epistolam
810 1512 857 1552 ad
883 1514 1078 1551 Joannem

120 1575 364 1625 Episcopum
405 1572 740 1624 Andegavensem
780 1579 820 1612 et
857 1575 896 1614 S.
943 1574 990 1613 R.
1031 1576 1076 1613 E.

120 1636 398 1684 cardinalem,
428 1647 553 1686 quum
606 1635 832 1674 libertatem
866 1647 912 1675 ac
951 1636 1077 1687 digni-

119 1701 270 1747 tatem,
295 1697 441 1748 quibus
477 1701 627 1736 exutus
657 1697 812 1745 fuerat,
843 1700 1072 1748 recepisset.

116 1758 234 1799 Edita
258 1764 320 1797 est
349 1770 371 1798 a
403 1761 579 1798 Martene
613 1763 654 1796 et
692 1759 854 1798 Durand
893 1760 1069 1798 Collecti.

118 1820 298 1871 ampliss.
322 1826 417 1859 tom.
449 1822 475 1859 1.
503 1832 538 1870 p.
566 1820 683 1859 4606.
713 1821 915 1871 Epistolae
941 1821 1075 1872 plures

115 1881 264 1921 adsunt
295 1882 403 1922 MSS.
443 1883 479 1919 in
507 1881 603 1920 Bibl.
638 1882 838 1921 Vaticana.
868 1883 983 1920 Bern.
1022 1882 1072 1921 de

115 1944 366 1983 Montfaucon
391 1942 489 1982 Bibl.
512 1943 619 1982 MSS.
645 1955 682 1993 p.
708 1945 771 1982 54.
797 1944 860 1982 92.

170 2004 432 2045 ROBERTUS
453 2003 500 2043 de
521 2005 562 2043 S.
593 2002 792 2043 Valentino
808 2035 818 2052 ‚
838 2016 858 2043 a
884 2006 1009 2055 patria
1032 2006 1068 2042 in

113 2076 236 2118 regno
270 2066 535 2116 Neapoletano
573 2065 676 2114 sita,
706 2068 762 2104 sic
786 2065 946 2112 dictus,
976 2065 1070 2105 Ord.

117 2127 450 2167 Praedicatorum.
475 2138 511 2166 a.
542 2127 658 2166 4308.
689 2129 905 2178 Inquisitor
936 2127 1072 2167 haere-

113 2191 214 2228 ticae
264 2189 473 2240 pravitatis
524 2192 565 2226 et
626 2189 806 2228 Vicarius
861 2188 1069 2240 generalis.

112 2251 212 2300 Ejus
232 2255 328 2290 sunt
350 2250 450 2289 Acta
471 2249 669 2289 adversus
683 2250 880 2302 quendam
909 2252 1069 2289 Petrum

112 2311 159 2350 de
179 2311 393 2351 Buclanico
412 2311 805 2364 archipresbyterum
827 2312 1069 2352 haereticum

110 2371 330 2424 relapsum.
376 2375 461 2411 Jac.
499 2374 638 2419 Quetif
672 2375 934 2424 scriptoribus
972 2373 1065 2412 Ord.

109 2433 431 2473 Praedicatorum
460 2438 554 2472 tom.
581 2435 607 2472 1.
634 2446 672 2484 p.
697 2435 788 2473 539.

160 2495 429 2535 ROBERTUS
482 2493 717 2544 Valturius,
757 2495 1024 2535 Ariminensis
1059 2526 1067 2545 ,

107 2557 242 2597 seculo
269 2557 353 2596 XV.
378 2556 539 2607 scripsit
566 2553 704 2594 Libros
728 2556 814 2594 XII.
834 2555 880 2594 de
903 2568 948 2594 re
967 2556 1068 2596 mili-

107 2619 198 2658 tari.
223 2620 402 2658 Veronae
438 2629 508 2669 per
544 2618 739 2656 Joannem
780 2618 1063 2657 Veronensem.

107 2680 222 2720 4472.
247 2681 310 2720 fol.
340 2681 479 2718 Venet.
506 2678 623 2718 4482.
646 2679 749 2717 folio.
766 2681 983 2719 Memoratu
1008 2680 1065 2718 di-

105 2754 227 2794 gnum
253 2747 328 2791 est,
353 2741 459 2793 quod
486 2741 551 2780 lib.
575 2743 624 2780 X.
641 2741 812 2780 refertur
831 2740 880 2779 de
899 2742 1062 2780 invento

103 2803 313 2854 cujusdam
340 2803 549 2842 machinae
580 2803 742 2841 bellicae
772 2802 820 2841 ad
848 2803 1058 2853 ignitarum

102 2865 305 2917 glandium
336 2868 345 2915 (
370 2862 558 2912 bombes)
590 2863 922 2910 similitudinem,
953 2865 1057 2913 quod

102 2928 311 2966 inventum
349 2925 607 2977 Sigismundo
646 2926 785 2964 tribuit
822 2925 1055 2974 Valturius,

102 2988 230 3027 indice
252 2988 474 3028 Mabillonio
516 2989 553 3025 in
598 2989 742 3026 Itinere
770 2987 903 3026 Italico
934 2998 969 3037 p.
992 2988 1056 3026 26.

100 3050 250 3089 Gallice
274 3050 398 3088 vertit
438 3050 542 3099 Loys
576 3051 752 3100 Meigret.
792 3050 899 3087 Paris
939 3050 1054 3088 4555.

101 3111 200 3150 lolio.
236 3110 371 3150 Codex
407 3111 485 3149 MS.
527 3111 688 3161 elegans
731 3115 843 3149 extat
880 3111 915 3148 in
956 3110 1052 3149 Bibl.

98 3173 214 3224 Regia
238 3170 481 3219 Dresdensi,
515 3171 632 3221 cujus
673 3176 861 3210 contenta
895 3176 1053 3210 enarrat

97 3235 177 3274 Cel.
204 3235 236 3273 J.
267 3234 311 3274 G.
345 3233 535 3272 Goetzius
561 3234 597 3271 in
643 3233 959 3272 Memorabilibus
992 3235 1051 3271 Bi-

96 3296 313 3335 bliothecae
340 3294 519 3334 laudatae
545 3299 643 3344 part.
669 3296 694 3333 l.
721 3307 755 3344 p.
784 3295 844 3332 ll.

2053 224 2131 263 1209

1225 286 1324 336 Ejus
1345 286 1523 337 Epistola
1541 287 1596 325 ad
1615 287 1927 328 illustrissimum
1949 295 1985 329 et
1999 293 2131 332 eaecel-

1174 346 1433 387 lentissimum
1460 349 1666 387 Dominum
1697 349 1914 389 Mac-hemel
1941 352 2013 390 Bei
2039 354 2131 393 Ma-

1170 420 1296 460 9num
1322 409 1577 448 Admz‘ratum
1603 414 1640 448 et
1663 410 1876 450 Sullanum
1909 413 2130 454 Tur-corum

1166 482 1242 522 pro
1267 470 1417 511 illustri
1434 475 1469 510 et
1488 472 1693 523 maynifico
1719 474 1881 512 Domino
1910 475 2129 527 Siqismun-

1171 532 1219 570 do
1246 532 1447 585 Pandulfo
1472 533 1702 580 Malatesta‚
1728 547 1816 574 cum
1847 535 2042 577 librorum
2067 544 2129 581 rei

1172 593 1340 644 hujusce
1361 593 1549 633 militaris
1570 606 1617 634 ac
1648 596 1838 635 Matthaei
1859 598 1974 638 Pasti
2014 601 2128 641 Vero-

1171 655 1303 693 nensis
1330 656 1630 694 transmissione
1653 662 1761 695 extat
1783 660 1885 709 apud
1919 662 2125 703 Baluzium

1171 717 1314 754 Miscel.
1347 721 1444 754 tom.
1485 717 1547 755 IV.
1586 728 1672 767 pag.
1713 718 1803 757 524.
1845 733 1946 771 quae
1982 726 2120 765 eodem

1170 781 1272 814 leste
1296 781 1388 815 ante
1413 789 1447 816 a.
1474 776 1589 816 4463.
1615 781 1761 829 scripta
1788 781 1870 820 fuit.

1222 838 1242 860 '⁸'
1274 839 1356 877 Duo
1388 839 1453 878 hic
1482 843 1827 881 commemoranda
1863 852 1982 895 sunt,
2016 860 2124 888 nem-

1166 911 1213 950 pe
1243 899 1361 938 editio
1393 901 1481 939 nob.
1512 903 1723 940 Parisiens.
1773 903 2027 948 Wecheliana
2058 922 2122 952 an.

1168 962 1282 1000 4532.
1314 973 1417 1012 quae
1456 973 1552 1000 sane
1590 963 1709 1001 editio
1739 975 1758 1002 a
1791 966 1908 1005 Paulo
1939 968 2124 1010 Ramusio

1165 1022 1406 1061 Ariminensi
1428 1023 1475 1062 ad
1498 1024 1664 1062 Veteres
1684 1025 1853 1065 Codices
1873 1036 2011 1070 exacta
2033 1040 2094 1072 est
2113 1049 2120 1082 3

1165 1083 1295 1134 ibique
1321 1087 1357 1122 in
1384 1087 1466 1135 ipsa
1492 1088 1623 1135 operis
1649 1087 1776 1126 fronte
1802 1089 2023 1139 indicatur,
2051 1095 2122 1134 Ve-

1163 1155 1375 1183 ronensem
1406 1149 1538 1197 operis
1564 1148 1682 1186 huius
1708 1150 2010 1200 impressionem
2043 1167 2119 1195 non

1163 1205 1325 1254 quidem
1357 1207 1429 1245 An.
1465 1208 1580 1247 4472.
1614 1214 1657 1247 ut
1688 1210 1749 1249 hie
1777 1218 1885 1252 notat
1910 1216 2121 1257 Bibliothe-

1159 1268 1290 1305 carius
1315 1273 1476 1316 noster,
1503 1270 1572 1308 sed
1597 1282 1660 1309 an.
1689 1273 1790 1312 4473
1816 1276 1976 1326 signari.
2009 1280 2118 1318 Alte-

1157 1338 1245 1365 rum
1278 1329 1383 1377 quod
1431 1330 1524 1367 mihi
1566 1332 1628 1370 hic
1665 1333 1854 1374 adnotare
1893 1338 2011 1388 juvat
2055 1347 2118 1380 est

1155 1388 1389 1437 splendidus
1431 1391 1509 1429 MS.
1553 1392 1649 1430 Cod.
1691 1397 1822 1443 operis
1867 1398 2010 1447 huius7
2048 1405 2115 1453 qui

1157 1448 1360 1488 Caesenae
1391 1452 1428 1488 in
1455 1452 1695 1492 Bibliotheca
1721 1457 2017 1501 Malatestarum
2048 1465 2116 1503 ad-

1155 1509 1233 1547 huc
1264 1511 1434 1559 visitur,
1468 1513 1505 1550 iu
1537 1525 1616 1563 quo
1655 1526 1755 1565 opus
1791 1517 1926 1568 incipit
1955 1525 1982 1559 a'
2005 1535 2115 1573 prae·

1156 1571 1302 1610 satione
1331 1572 1379 1611 ad
1411 1576 1572 1625 magnif.
1616 1580 1656 1614 et
1699 1577 1895 1618 illustrem
1941 1581 2113 1624 Heroam

1155 1634 1459 1684 sigismundum
1492 1637 1768 1688 pandulphum
1800 1642 2063 1684 Malatestam.
2094 1648 2115 1669 *ξ

1201 1696 1467 1735 ROBERTUS
1492 1696 1680 1737 Ubaldini
1699 1699 1746 1738 de
1772 1700 1954 1742 Galliano
1974 1736 1982 1755 ‚
2005 1718 2025 1745 a
2047 1719 2114 1758 pa-

1150 1758 1222 1795 tria
1248 1758 1432 1797 Etruriae
1454 1759 1537 1798 loco
1562 1761 1620 1799 sic
1644 1760 1802 1811 dictus,
1828 1764 1921 1803 Ord.
1954 1768 2111 1807 Praedi-

1148 1823 1326 1858 catorum
1355 1821 1391 1857 in
1417 1826 1621 1860 conventu
1643 1823 1681 1861 S.
1709 1825 1826 1864 Marci
1857 1826 2107 1879 Florentiae,

1148 1881 1306 1931 scripsit
1338 1881 1557 1921 Chronicon
1587 1891 1803 1924 conventus
1832 1888 1872 1926 S.
1902 1889 2035 1929 Marci
2063 1892 2110 1932 de

1149 1940 1350 1980 Florentia
1375 1943 1424 1981 ab
1453 1955 1488 1982 a.
1529 1945 1771 1984 4435-4509.
1810 1959 1888 1998 quo
1927 1956 2107 2002 tempore

1149 2005 1261 2042 vixit.
1285 2005 1422 2051 Quetif
1440 2007 1464 2044 l.
1484 2017 1518 2045 c.
1543 2011 1638 2045 tom.
1666 2009 1713 2047 11.
1731 2021 1754 2059 p
1792 2011 1856 2048 22.
1887 2013 2017 2053 Julius
2041 2017 2106 2055 Ni-

1146 2077 1216 2117 ger
1238 2066 1287 2105 de
1313 2068 1581 2117 Scriptoribus
1607 2070 1845 2110 Florentinis
1871 2085 1957 2125 pag.
1983 2076 2072 2115 487.

1202 2128 1467 2169 ROBERTUS
1491 2130 1538 2169 de
1564 2132 1695 2170 Usetia
1712 2162 1721 2177 ,
1747 2135 1810 2173 vel
1836 2136 1946 2175 Utica
1963 2169 1974 2185 ,
1996 2150 2016 2177 a
2044 2151 2108 2189 pa-

1148 2191 1255 2236 tria,
1291 2202 1394 2240 quae
1431 2191 1547 2230 hodie
1595 2194 1693 2232 Usez
1730 2195 1902 2247 dicitur,
1942 2201 2107 2240 civitate

1145 2250 1296 2289 Galliae
1318 2253 1613 2304 Narbonensis,
1639 2257 1757 2295 nobili
1783 2258 1866 2297 loco
1888 2266 2032 2310 natus,
2058 2264 2107 2302 ab

1147 2312 1242 2362 ipsis
1279 2313 1497 2362 puerilibus
1538 2317 1654 2354 annis
1692 2318 1834 2366 spiritu
1875 2322 2104 2371 prophetiae

1145 2378 1260 2412 actus
1278 2374 1400 2413 fuisse
1422 2375 1579 2415 dicitur.
1600 2377 1815 2428 Presbyter
1837 2387 1972 2430 postea
1995 2394 2104 2423 crea-

1144 2439 1211 2474 tus
1228 2465 1238 2482 ,
1260 2436 1504 2476 revelatione
1529 2440 1790 2479 continuante
1817 2443 2101 2491 poenitentiam

1144 2497 1281 2535 inillis
1311 2498 1492 2547 partibus
1523 2500 1792 2550 praedicavit,
1823 2508 1960 2552 postea
1991 2506 2096 2544 ordi-

1144 2569 1232 2596 nem
1254 2559 1599 2599 Dominicanorum
1622 2562 1771 2610 divino,
1791 2565 1919 2612 aJ'unt,
1945 2568 2097 2607 monitu

1142 2619 1347 2667 ingressus
1383 2625 1445 2658 est
1484 2621 1690 2661 Avenione
1727 2636 1760 2662 a.
1799 2625 1915 2664 4292.
1944 2627 2037 2666 obiit
2062 2641 2096 2668 a.

1142 2679 1255 2717 4296.
1303 2681 1452 2720 Extant
1493 2684 1580 2733 ejus
1631 2685 1827 2724 Visionum
1873 2688 1956 2726 libri
2004 2689 2095 2730 duo.

1140 2741 1251 2779 Unus
1282 2741 1354 2780 hoc
1376 2744 1517 2783 titulo:
1559 2746 1702 2796 Incipit
1731 2745 1831 2785 liber
1867 2759 2092 2790 sermonum

1139 2802 1295 2841 Domini
1314 2804 1348 2841 J.
1380 2805 1421 2845 C.
1440 2816 1537 2856 quos
1563 2805 1716 2846 locutus
1733 2812 1791 2847 est
1814 2809 1853 2846 in
1875 2822 1986 2850 servo
2007 2823 2090 2850 suo.

1135 2864 1247 2903 Alter
1272 2865 1343 2904 hoc
1363 2879 1370 2903 :
1396 2865 1512 2905 Liber
1534 2867 1729 2906 visionum
1748 2899 1755 2916 ,
1777 2882 1878 2921 quas
1901 2872 2007 2911 dedit
2030 2875 2088 2912 vi-

1135 2925 1227 2964 dere
1262 2927 1452 2967 Dominus
1482 2929 1594 2968 Iesus
1623 2941 1740 2969 servo
1769 2942 1851 2970 suo,
1900 2935 2091 2974 Posterio-

1136 2999 1217 3026 rem
1244 2988 1366 3027 edidit
1392 2991 1473 3028 Jae.
1500 2991 1622 3030 Faber
1645 2993 1680 3029 in
1709 2993 1820 3031 Libro
1843 2995 1962 3034 trium
1990 2998 2092 3036 viro—

1133 3060 1220 3088 rum
1242 3054 1282 3088 et
1299 3052 1418 3090 trium
1437 3053 1702 3101 spiritualium
1722 3056 1948 3104 virginum,
1970 3058 2090 3097 Paris.

1131 3111 1234 3160 apud
1256 3111 1378 3150 llenr.
1395 3113 1642 3163 Stephanum
1668 3115 1782 3154 4543.
1807 3116 1872 3155 fol.
1892 3129 1913 3156 a
1934 3118 2022 3158 solio
2041 3121 2090 3159 49

1129 3184 1162 3210 a.
1188 3172 1234 3210 ad
1261 3173 1323 3211 27.
1353 3173 1389 3211 b.
1411 3174 1507 3213 Vide
1527 3176 1607 3214 Jac.
1633 3177 1771 3222 Quetif
1800 3178 1850 3216 de
1885 3180 2089 3231 Scriptori-

1128 3234 1203 3271 bus
1247 3234 1338 3272 Ord.
1378 3235 1692 3276 l‘raedicatorum
1734 3244 1827 3277 tom.
1870 3241 1893 3278 l.
1921 3252 1956 3290 p.
2000 3243 2090 3281 449.

1129 3295 1412 3345 Spanheniiuin
1433 3302 1537 3336 tomo
1557 3299 1601 3337 ll.
1620 3302 1718 3350 Opp.
1732 3313 1768 3351 p.
1785 3303 1873 3339 609.
1892 3301 2085 3342 imbertus

1710 3382 1732 3417 2
1739 3382 1758 3416 0
1766 3383 1786 3417 :3
