2533 4009
435 224 511 263 :3:34
833 253 835 255 .

436 298 524 343 post
553 296 684 330 autem
719 290 795 325 Deo
824 294 877 321 se.
909 281 1183 325 consecravit,
1223 279 1382 316 ordines

434 355 604 402 suscepit
631 380 640 392 ,
672 346 838 386 Pictoris
864 341 1149 380 monasterium
1175 341 1216 378 S.
1241 340 1381 378 Crucis

435 416 637 454 fundavit.
670 412 820 445 mortua
852 415 886 442 a.
917 402 1005 441 587.
1034 403 1176 439 aetatis
1207 401 1268 438 68.
1308 402 1382 438 To-

433 483 516 514 tum
567 479 724 518 tempus
769 465 952 516 precibus
993 468 1033 500 et
1091 462 1204 500 bonis
1256 462 1379 499 literis

430 532 645 584 impendit.
674 531 754 569 sic,
787 532 829 564 ut
862 527 982 563 etiam
1029 526 1164 562 Patres
1208 524 1380 562 Graecos

429 598 585 645 legeret.
620 592 746 628 Vitam
778 588 865 637 ejus
896 587 1005 624 dedit
1037 586 1288 625 Hildebertus
1310 586 1383 625 Co-

428 654 706 696 nomanensis,
737 661 827 688 cum
854 660 932 698 quo
955 649 1090 686 confer
1113 649 1228 686 aliam
1251 648 1378 685 Vitam

430 720 465 754 in
490 714 698 753 Mubillonii
723 712 832 749 Actis
855 712 923 749 SS.
946 709 1038 748 Ord.
1071 708 1216 747 Bened.
1239 713 1333 745 tom.
1354 709 1379 745 1.

425 790 460 828 p.
492 777 579 814 319.
611 779 651 811 et
681 774 854 812 Carmen
882 772 1063 809 venantii
1094 771 1298 808 Fortunati
1333 769 1381 807 de

427 837 587 876 Excidio
618 836 870 885 Thuringiue.
901 834 1000 883 Ejus
1032 833 1083 870 nil
1114 837 1241 870 restat.
1271 842 1383 881 pruc-

425 905 485 936 ter
519 899 804 936 Testamentum
834 895 937 946 apud
982 895 1215 945 Gregorium
1262 894 1384 931 Turo-

425 971 589 998 neusem
622 960 687 997 IX·
720 958 781 996 ⁷⁴2.
815 960 851 995 in
883 958 1072 997 Conciliis
1104 956 1245 994 Labbei
1286 960 1381 992 tom.

425 1023 490 1061 III.
521 1034 558 1072 p.
587 1023 676 1059 379.
710 1021 823 1059 Plura
858 1019 927 1057 dat
959 1020 1057 1057 llist.
1089 1018 1264 1056 literaria
1288 1016 1385 1054 Gal-

426 1085 497 1122 liae
523 1089 615 1121 tom.
639 1084 701 1120 IlI.
728 1093 813 1131 peg.
842 1081 933 1118 346.
1368 1098 1375 1102 -

476 1145 762 1183 RADEYICIJS
795 1141 1086 1192 Frisinyensis,
1112 1138 1270 1180 Ottonis
1295 1141 1386 1191 Epi-

424 1209 528 1258 scopi
560 1207 824 1256 Frisingensis
852 1205 1131 1251 amanuensis,
1157 1208 1248 1254 post
1270 1204 1384 1241 Prae-

427 1272 579 1319 positus
604 1268 805 1306 Ecclesiae
838 1265 1032 1304 laudatae.
1056 1265 1315 1304 Continuavit
1329 1263 1386 1302 vi-

427 1335 505 1369 tam
536 1329 738 1368 Friderici
766 1330 795 1366 I.
830 1328 927 1378 Imp.
953 1327 1215 1366 Barbarossae
1241 1326 1354 1364 „dicti
1376 1355 1383 1374 ,

431 1391 543 1430 libris
567 1390 720 1429 duobus
738 1401 920 1441 7quorum
946 1389 1140 1427 editiones
1155 1388 1245 1426 vide
1263 1399 1385 1438 supra

428 1454 524 1492 libro
549 1454 650 1492 XIV.
677 1453 740 1491 ubi
766 1452 814 1490 de
839 1453 984 1491 Ottone
1009 1455 1143 1489 actum
1170 1450 1269 1497 fuit,
1295 1461 1381 1500 pag.

425 1516 514 1554 553.
551 1516 698 1553 omissa
738 1519 870 1552 tamen
909 1518 971 1551 est
1007 1513 1096 1561 illa,
1136 1523 1238 1562 quae
1279 1512 1383 1548 inter

429 1589 546 1627 opera
573 1577 763 1615 ilistorica
790 1578 949 1614 Patrum
989 1575 1317 1614 Cisterciensium
1358 1577 1386 1610 t.

428 1640 473 1676 II.
503 1640 674 1688 qlttigius
704 1643 855 1675 tomum
882 1638 980 1675 VIII.
1007 1636 1272 1675 Bibliothecae
1315 1636 1383 1672 Pa-

428 1705 532 1738 trum
563 1701 892 1738 Cisterciensium
927 1699 1052 1744 vocat)
1085 1710 1119 1748 p.
1153 1697 1229 1736 462
1268 1696 1388 1734 habe—

426 1768 500 1801 tur.
533 1762 645 1812 ajunt
676 1763 805 1812 ipsum
837 1766 929 1800 ante
956 1759 1196 1797 Fridericum
1223 1759 1382 1796 obiisse.

426 1825 591 1874 Scripsit
620 1834 778 1874 quoque
809 1821 959 1873 dupleae
988 1819 1242 1871 Epitaphium
1281 1819 1385 1858 Otto-

427 1885 486 1923 nis
518 1885 724 1936 Episcopi,
755 1885 859 1935 quod
891 1884 1054 1922 exhibet
1078 1884 1167 1921 Car.
1192 1882 1240 1920 de
1267 1881 1385 1920 Visch

432 1949 468 1984 in
502 1948 597 1985 Bibl.
626 1947 882 1984 cisterciensi
916 1957 951 1994 p.
983 1945 1070 1983 526.

485 2007 506 2029 *
537 2009 643 2045 Inter
672 2007 866 2045 editiones
890 2008 1019 2057 operis
1044 2006 1219 2044 historici
1244 2006 1292 2044 ab
1317 2006 1388 2043 Ra-

430 2070 568 2108 devico
596 2070 820 2107 concinnati
852 2071 999 2107 omissa
1025 2073 1088 2106 est
1114 2073 1196 2106 tum
1217 2067 1278 2105 hic
1295 2078 1386 2105 cum

428 2144 448 2170 a
472 2133 648 2170 Fabricio
679 2143 797 2182 supra
830 2131 892 2169 lib.
918 2131 1018 2169 XIV.
1045 2130 1163 2167 editio
1188 2129 1387 2168 Muratorii

433 2195 518 2231 Ber.
547 2195 628 2232 Ital.
661 2199 686 2231 t.
720 2195 781 2231 VI.
812 2206 846 2243 p.
878 2192 966 2230 739.
998 2193 1051 2230 lbi
1078 2197 1211 2230 tamen
1239 2193 1275 2228 in
1303 2193 1386 2240 ipsa

425 2257 559 2293 statim
582 2256 711 2305 operis
741 2254 990 2292 dedicatione
1014 2266 1033 2291 a
1065 2253 1261 2291 Radevico
1285 2251 1387 2290 dire-

423 2321 484 2353 cta
505 2315 632 2354 Ulrico
647 2320 685 2354 et
706 2317 869 2354 ilenrico
887 2317 982 2353 viris
997 2315 1245 2363 clarissimis,
1263 2316 1384 2352 omis-

425 2388 514 2415 sum
537 2382 599 2414 est
622 2377 824 2427 quidpiam
847 2377 952 2427 quod
978 2389 1026 2415 ex
1055 2389 1141 2415 meo
1166 2379 1243 2416 MS.
1269 2376 1385 2417 Codi-

425 2450 469 2476 ce
495 2439 556 2477 hic
579 2440 847 2490 supplendum
873 2450 1030 2478 censeo,
1057 2441 1113 2478 lta
1138 2451 1230 2489 ergo
1253 2439 1386 2478 editus

426 2502 623 2539 Muratorii
643 2532 649 2547 ,
675 2501 895 2540 {radevicus
919 2503 958 2541 S.
980 2503 1010 2539 F
1013 2501 1246 2552 risinyensis
1267 2501 1385 2539 eccle-

424 2563 508 2601 siae
528 2562 774 2615 professione
794 2563 1006 2602 canonicus
1023 2595 1033 2611 ‚
1071 2563 1207 2601 ordine
1246 2563 1386 2600 Diaco-

425 2635 497 2662 nus
513 2624 601 2663 licet
617 2625 798 2676 indignus
813 2625 934 2664 simul
949 2631 1023 2665 etc.
1042 2625 1175 2664 Codex
1199 2637 1291 2663 vero
1307 2627 1382 2663 MS.

428 2686 646 2725 nadevicus
690 2691 852 2726 sanctae
891 2687 1158 2737 Frisinqensis
1196 2687 1384 2725 ecclesiae

422 2747 665 2798 professione
691 2748 914 2787 canonicus
934 2748 1070 2787 ordine
1094 2748 1284 2787 diaconus
1302 2779 1309 2795 .,
1327 2748 1385 2785 (li-

423 2809 572 2857 onitate
605 2809 889 2860 praepositas7
930 2809 1019 2847 licet
1046 2809 1231 2859 indiqnus
1268 2808 1388 2847 simu-l

427 2875 500 2908 etc.
520 2872 741 2920 Utrumque
761 2870 853 2908 illud
879 2871 1124 2920 epitaphium
1142 2872 1286 2908 Othoni
1307 2872 1390 2908 Fri-

428 2930 603 2979 singensi
635 2940 656 2966 a
697 2928 892 2967 Radevico
931 2930 1131 2979 positum,
1166 2928 1271 2978 quod
1311 2929 1385 2979 legi

428 2990 531 3038 apud
564 2990 765 3028 Vischium
798 2990 1125 3029 Bibliothecarius
1157 2995 1294 3028 noster
1330 2995 1386 3027 te·

429 3055 580 3097 statur,
607 3054 776 3101 ipsemet
801 3051 1025 3091 Radevicus
1051 3054 1191 3090 recitat
1232 3052 1295 3090 lib.
1338 3052 1383 3090 Il.

430 3122 512 3159 cap.
538 3113 605 3150 XI.
628 3115 758 3162 operis
783 3116 857 3152 sui.
884 3115 925 3152 In
948 3114 1086 3152 eodem
1113 3115 1189 3153 MS.
1209 3125 1296 3152 meo
1313 3114 1385 3154 Co-

433 3169 517 3207 dice
541 3176 679 3221 prioris
709 3175 826 3213 huius
855 3175 1043 3226 epitaphii
1075 3186 1219 3215 versus
1244 3181 1385 3214 sextus

449 3233 486 3266 in
505 3243 590 3269 meo
608 3234 688 3272 MS.
713 3237 809 3274 Cod.
828 3249 902 3275 non
922 3238 1015 3277 nihil
1041 3239 1089 3277 ab
1113 3238 1217 3277 edito
1241 3238 1389 3276 discre-

437 3298 527 3342 pat:
560 3295 607 3329 ita
645 3298 748 3334 enim
785 3301 820 3335 in
848 3301 977 3339 edito:
1011 3302 1194 3341 Formam
1226 3303 1387 3350 decens,

1198 207 1439 247 RADUL
1469 207 1650 245 PHUS

1459 274 1624 323 habilis,
1644 278 1811 328 Juvenis
1834 283 1988 328 aetat63
2024 281 2156 320 Codex
2187 291 2293 319 vero.
2321 281 2416 319 For-

1460 349 1589 375 mam:
1617 349 1755 376 recens
1779 338 1924 380 habitis
1942 342 2107 392 juvenis
2129 345 2259 380 aetate
2276 347 2362 381 etc.

1503 398 1803 446 RADIIODUS,
1835 403 1908 440 nisi
1940 403 2038 441 forte
2070 403 2283 454 legendum
2309 402 2415 442 Rad-

1457 459 1605 508 bodus,
1638 462 1889 511 Praepositus
1918 464 2101 502 Dolensis
2132 466 2169 502 iu
2196 465 2414 514 Armorica,

1458 524 1558 560 vixit
1586 534 1620 561 a.
1660 523 1751 561 923.
1782 522 1882 573 Ejus
1911 529 1974 562 est
2002 525 2180 577 Epistola
2216 525 2271 565 ad
2297 524 2419 564 Adat-

1456 585 1617 621 stanum
1645 582 1864 633 Anglorum
1897 585 2068 635 Regem,
2108 598 2228 637 quam
2251 587 2420 626 Guliel-

1457 656 1548 684 mus
1564 646 1930 684 Malmesburiensis
1947 648 2114 686 inseruit
2132 649 2242 688 Vitae
2258 649 2418 688 Aldhel-

1458 709 1536 755 mi,
1568 712 1674 745 tomo
1705 708 1750 745 ll.
1795 707 1961 758 Angli-ae
1992 709 2148 759 Sacrae.
2172 710 2274 749 'Vide
2319 711 2416 750 Hist.

1457 769 1668 808 literarium
1700 770 1847 807 Galliae
1877 775 1973 808 tom.
2001 771 2066 808 VI.
2097 781 2132 820 p.
2162 772 2254 811 203.

1514 831 1794 878 RADOINUS‚
1827 833 1964 870 Levita
1996 833 2084 870 sive
2113 833 2311 873 Diaconus
2345 834 2419 873 Ec-

1459 894 1605 932 clesiae
1638 894 1868 931 Larinensis
1915 895 1952 931 in
1990 895 2205 933 Frentanis
2244 895 2320 933 sub
2346 895 2420 934 Ar-

1457 955 1755 1004 chiepiscopatu
1786 956 2083 994 Beneventano.
2109 956 2164 995 Ea
2190 956 2277 995 Vita
2302 956 2421 995 habe-

1459 1021 1525 1055 tur
1557 1017 1593 1053 in
1625 1016 1735 1054 Actis
1766 1017 2002 1056 Sanctorum
2025 1022 2051 1055 t.
2086 1019 2145 1056 VI.
2171 1016 2312 1069 Maji'p.
2328 1017 2418 1058 274.

1458 1078 1562 1127 (283.
1593 1078 1680 1116 Vita
1705 1082 1745 1116 et
1774 1079 1938 1128 antiqua
1970 1081 2221 1118 monumenti
2251 1079 2289 1118 S.
2303 1079 2418 1119 -Pardi

1457 1141 1589 1190 Episc.
1609 1141 1898 1178 commentario
1927 1144 1968 1178 et
1996 1141 2323 1180 annotationibus
2346 1141 2422 1179 cri-

1461 1203 1550 1240 ticis
1580 1202 1776 1240 illustrata
1806 1213 1826 1240 a
1846 1203 1904 1240 Jo,
1925 1203 1967 1241 B.
1994 1202 2199 1241 Pollidoro:
2220 1203 2258 1240 in
2278 1204 2326 1241 iis
2349 1203 2422 1241 eti-

1460 1276 1523 1302 am
1555 1263 1604 1302 de
1635 1264 1704 1303 SS.
1738 1265 1958 1313 Primian'o,
1990 1264 2185 1303 Firmiano
2227 1269 2268 1303 et
2291 1265 2419 1303 Casto

1465 1325 1619 1364 accedit
1651 1325 1849 1376 appendix
1880 1327 2089 1376 complect.
2131 1327 2347 1364 memorias
2382 1326 2422 1364 S.

1462 1391 1604 1427 Leonis
1633 1389 1886 1427 confessoris.
1918 1389 2064 1427 Romae
2095 1388 2212 1428 4744.
2239 1388 2275 1425 in
2295 1388 2329 1425 [ι.
2356 1386 2420 1438 fig.

1461 1462 1573 1501 pagg.
1607 1451 1710 1497 436).

1514 1512 1839 1561 RADULPIIUS,
1871 1514 1957 1550 sive
1998 1509 2253 1564 liudolphus,
2296 1521 2418 1561 quem

1463 1574 1696 1623 sigebertus
1725 1574 1774 1612 de
1806 1575 1995 1624 Scriptor.
2024 1574 2180 1612 Eccles.
2208 1584 2242 1612 c.
2275 1574 2338 1611 50.
2363 1570 2420 1610 hi-

1463 1635 1631 1674 storiam
1659 1635 1913 1673 Francorum
1942 1647 1962 1674 a
1994 1646 2066 1674 suo
2097 1639 2276 1685 tempore
2306 1635 2422 1684 (vixit

1462 1702 1597 1736 autem
1628 1708 1706 1735 sec.
1747 1698 1822 1746 VI.)
1863 1698 2075 1748 scripsisse
2118 1701 2419 1735 commemorat.

1458 1759 1563 1808 EJ'us
1591 1764 1725 1797 autem
1759 1759 1838 1798 huc
1866 1767 1997 1808 usque
2029 1758 2126 1797 nihil
2155 1757 2317 1809 prodiit.

1515 1820 1812 1859 RADULPIIUS
1840 1819 2080 1860 Aclzedunus
2113 1821 2200 1858 sive
2224 1818 2425 1867 Actonus,

1462 1883 1605 1921 claruit
1641 1894 1674 1920 a.
1709 1882 1824 1921 4320.
1870 1882 2012 1921 Oxonii
2056 1882 2193 1920 literis>
2219 1881 2426 1928 incubuit,

1465 1945 1596 1993 ibique
1616 1955 1851 1994 supremum
1872 1945 1907 1981 in
1929 1943 2139 1994 Theologia
2154 1943 2425 1993 Magisterium

1465 2011 1736 2053 consecutus,
1765 2010 1853 2056 post
1881 2005 2086 2044 Ecclesiae
2114 2004 2272 2044 cuidam
2317 2016 2428 2055 prae-

1465 2070 1620 2118 positus
1651 2073 1724 2106 est.
1752 2067 2017 2116 Philosophus
2046 2071 2087 2104 et
2115 2067 2339 2116 Theologus
2371 2067 2428 2104 in-

1463 2132 1587 2179 signis
1603 2131 1840 2169 celebratur.
1858 2129 2024 2178 Scripsit
2042 2126 2235 2166 Homilias
2245 2127 2425 2166 inEvan-

1458 2191 1563 2241 qelia
1602 2198 1639 2230 et
1665 2190 1862 2242 Epistolas
1890 2191 1936 2229 de
1969 2194 2141 2241 tempore
2178 2193 2217 2227 et
2246 2190 2421 2236 Sanctis,

1464 2253 1775 2292 Commentarios
1801 2253 1839 2290 in
1865 2251 2061 2304 Epistolas
2084 2249 2206 2290 Pauli
2227 2254 2265 2289 et
2301 2250 2426 2301 Μαρί-

1458 2318 1587 2354 strum
1630 2315 1924 2353 Sententiarum
1955 2313 2051 2352 Vide
2081 2313 2257 2351 Pitseum
2290 2311 2339 2350 de
2384 2311 2428 2349 il-

1461 2377 1654 2415 lustribus
1684 2377 1848 2426 Angliae
1878 2375 2140 2426 scriptoribus
2169 2385 2202 2413 c.
2237 2372 2327 2412 [aa.
2357 2374 2427 2413 Le-

1459 2438 1624 2477 landum
1656 2450 1689 2476 c.
1722 2438 1810 2476 385.
1842 2438 2004 2476 Baleum
2038 2436 2155 2474 Ceut.
2183 2436 2230 2475 V.
2259 2435 2324 2475 ⁴3·

1512 2501 1809 2539 IlADULl‘IIUS
1834 2497 2016 2538 Albanus
2034 2529 2042 2547 ‚
2063 2498 2126 2537 vel
2144 2496 2191 2535 de
2208 2498 2248 2537 S.
2269 2494 2423 2535 Albano

1461 2562 1680 2601 monachus
1709 2562 1802 2600 Ord.
1836 2563 1875 2600 S.
1904 2559 2133 2607 Benedicti,
2170 2558 2318 2597 deinde
2347 2557 2428 2596 Ab-

1460 2626 1529 2663 bas
1559 2625 1606 2663 ad
1638 2626 1675 2663 S.
1709 2624 1936 2671 Albanum,
1971 2623 2034 2661 ubi
2064 2621 2160 2660 obiit
2200 2632 2262 2659 an.
2307 2620 2425 2659 4450.

1460 2686 1618 2724 Mirifice
1648 2686 1841 2724 bonorum
1874 2687 2088 2722 auctorum
2119 2681 2279 2721 lectioni
2316 2681 2427 2720 incu-

1458 2749 1591 2786 buisse
1621 2747 1773 2786 dicunt.
1805 2746 1976 2795 Scripsit
2007 2742 2232 2784 Historiam
2252 2741 2427 2782 Alexan-

1459 2808 1528 2846 dri
1555 2807 1803 2855 Macedonis,
1833 2806 1951 2856 cujus
1979 2808 2111 2856 operis
2140 2805 2304 2856 quidam
2332 2803 2424 2843 Gal—

1466 2871 1620 2908 tredum
1654 2870 1967 2919 llenlingtonum
2009 2872 2211 2906 auctorem
2257 2866 2423 2904 faciunt.

1466 2931 1615 2969 Deinde
1653 2931 1777 2968 Vitam
1809 2931 1850 2969 S.
1879 2928 2049 2978 Albani,
2093 2939 2213 2978 quam
2263 2926 2426 2976 vulgato

1460 3004 1642 3030 sermone
1676 2994 1795 3030 vertit
1825 2994 1881 3030 Jo.
1929 2991 2257 3038 Frumentarius‚
2308 2991 2426 3040 prout

1462 3065 1579 3103 supra
1610 3058 1636 3091 t.
1668 3054 1728 3091 IV.
1761 3065 1846 3104 pag.
1881 3054 1971 3092 363.
2003 3054 2146 3092 assuit.
2171 3051 2326 3091 Evolve
2350 3049 2427 3088 Pit-

1463 3123 1593 3155 tseum
1623 3127 1656 3153 c.
1688 3116 1778 3154 205.
1812 3115 2028 3154 Lelandum
2053 3126 2091 3154 c.
2121 3112 2424 3159 3⁴5I,Vossium

1463 3178 1510 3215 de
1542 3179 1683 3216 ilistor.
1712 3180 1794 3216 Lat.
1815 3189 1851 3228 p.
1876 3178 1964 3217 444.

1519 3239 1816 3279 RADULI’IIUS
1860 3238 2129 3287 Alemannus,
2171 3237 2422 3276 Gubernator

1466 3313 1654 3340 summus
1685 3303 1806 3341 totius
1832 3306 1965 3340 sectae
1991 3300 2290 3346 Carmanicae,
2317 3301 2424 3335 tran-
