2533 4009
449 228 525 268 2913

449 298 583 335 stolas
611 296 737 342 Super
763 289 884 335 Actus
908 282 1181 333 Apostolorum
1210 281 1294 330 lege
1315 283 1398 320 BE-

444 359 545 397 DAM
577 353 867 405 presbyterum.
900 346 942 382 ln
973 343 1195 392 Epistolam·
1215 343 1394 390 JoallniS,

446 410 792 457 AUGl'STlNUM,
818 409 855 443 in
881 415 960 454 qua
991 403 1296 454 explanatione,
1328 405 1394 453 qui

445 482 495 517 sit.
525 475 796 515 Christianus,
828 475 1029 515 agnosces.
1053 466 1096 503 In
1122 468 1276 514 septem
1304 466 1397 515 Epi-

446 540 565 578 stol-,is
596 539 706 584 (quae
731 530 920 568 dicuntur
938 526 1174 572 canonicae)
1201 526 1398 576 interpre-

445 599 631 635 tationem
670 589 818 628 BEDAE
857 586 1080 637 presbyteri
1125 585 1283 635 require
1307 614 1315 630 ,
1357 588 1398 622 et

444 651 620 705 ejusdem
651 649 976 689 dilucidationem
1001 646 1310 685 obscurissimae
1340 646 1399 683 vi-

445 717 565 755 sionis
581 715 726 764 potius,
743 721 862 761 quam
881 709 1137 748 revelationis
1156 707 1259 746 beati
1279 708 1398 745 ,Ioan-

447 780 532 823 nis,
555 775 670 824 eujus
699 778 832 811 tamen
872 770 1131 820 expositionis
1160 768 1400 807 AUGUSTI-

445 838 568 881 NUM,
593 833 935 879 lllERONYMUM,
959 836 999 869 et
1024 829 1317 869 GREGORIUM
1339 840 1401 867 se-

445 900 605 938 minaria
636 907 725 935 esse
751 895 934 941 noveris·‚
962 892 1066 930 idem
1092 891 1225 929 BEDA
1251 891 1400 940 saepis—

443 964 542 999 sime.
567 957 807 998 TYCllONll
833 955 1062 993 Donatistae
1087 963 1130 989 se
1146 951 1250 989 dicat
1267 951 1402 1000 expla-

442 1023 640 1060 nationem
667 1030 738 1057 suo
763 1016 954 1055 volumini
977 1014 1223 1061 inseruisse3
1246 1013 1283 1049 in
1322 1014 1402 1062 quo

443 1084 566 1122 multa
595 1091 752 1132 quoque
783 1076 1026 1124 PRIMASH,
1057 1074 1242 1124 discipuli
1272 1073 1399 1111 sancti

444 1144 655 1194 Augustini
676 1171 683 1189 ,
709 1141 812 1179 dicta
838 1138 1000 1189 posuit,
1029 1140 1072 1175 ut
1094 1135 1206 1174 facile
1231 1134 1403 1184 potuerit

442 1206 650 1244 advertere
667 1233 675 1249 ,
704 1203 770 1252 qui
798 1200 958 1239 eosdem
981 1202 1216 1236 tractatores
1235 1206 1404 1235 curave-

446 1269 494 1304 rit
511 1267 690 1304 recitare.
716 1264 754 1301 Si
779 1261 988 1300 Glossulas
1018 1260 1193 1298 volueris
1216 1260 1253 1296 in
1280 1262 1401 1296 totam

445 1329 691 1378 Scripturam
739 1325 919 1363 Divinam
937 1353 947 1370 ,
985 1321 1130 1360 sufficit
1172 1319 1404 1358 RABANUS

449 1386 786 1440 moquncmcensis
806 1385 1148 1434 Arcbiepiscopus.

810 1463 974 1503 CAPUT
1005 1461 1046 1499 V.

492 1547 545 1583 De
576 1545 648 1592 iis,
678 1543 749 1594 qui
775 1554 830 1580 esc
858 1540 1061 1579 occasione
1089 1538 1366 1590 disputationis

493 1605 707 1657 propriae,
737 1602 932 1655 quasdam
960 1601 1170 1639 sententias
1191 1599 1355 1645 Diuinae

656 1664 907 1704 auctoritatis
947 1662 1191 1714 emplauave-

875 1727 983 1762 runt.

500 1818 700 1855 Hactenus
729 1814 777 1851 de
794 1813 854 1850 his
871 1810 1138 1862 scriptoribus
1153 1809 1304 1859 dixisse
1323 1808 1405 1846 suf-

447 1881 569 1923 ticiat,
600 1878 667 1927 qui
697 1887 746 1913 ex
772 1875 990 1912 intentione
1016 1872 1158 1910 Sacras
1179 1871 1406 1920 Scripturas

447 1940 645 1980 elucidare
669 1938 798 1975 conati
825 1939 931 1974 sunt.
963 1935 1075 1973 Nunc
1105 1937 1242 1972 autem
1270 1931 1320 1969 de
1345 1931 1407 1968 his

447 2000 675 2045 doceberis,
705 1999 770 2047 qui
801 2008 850 2034 ex
881 1996 1087 2034 occasione
1125 1992 1406 2042 disputationis

449 2063 654 2112 propriae,
680 2057 874 2109 quasdam
906 2056 1128 2094 sententias
1150 2054 1314 2092 Divinae,
1339 2063 1409 2090 au-

450 2123 646 2161 ctoritatis
676 2120 1008 2169 explanaverunt.
1025 2113 1348 2155 AUGUSTiNUS
1368 2115 1403 2151 in

451 2184 559 2222 libris
589 2182 836 2226 innumeris,
866 2190 966 2229 quos
995 2177 1255 2226 conscripsit,
1289 2179 1405 2224 prout

450 2257 492 2282 se.
521 2245 694 2282 locorum
724 2246 764 2279 et
793 2251 924 2279 rerum
955 2239 1096 2277 obtulit
1125 2239 1299 2280 occasio,
1323 2247 1406 2273 om-

453 2318 541 2343 nem
573 2315 695 2354 paene
716 2334 725 2350 ,
759 2305 834 2340 imo
855 2313 974 2349 vere,
1011 2304 1191 2338 sanctam
1229 2298 1406 2348 Scriptu-

452 2379 532 2404 ram
563 2366 762 2415 exposuit.
790 2363 918 2414 Cujus
949 2363 1002 2400 rei
1032 2360 1288 2412 probamenta
1313 2363 1406 2397 sunt

453 2429 534 2465 libri
567 2424 860 2477 Confessionum
891 2424 978 2473 ejus
1008 2432 1174 2460 numero
1199 2420 1404 2458 tredecim.

453 2490 564 2527 Liber
593 2489 767 2537 optimus
791 2486 837 2524 de
869 2485 964 2523 bono
984 2487 1165 2522 naturae.
1189 2483 1242 2519 De
1259 2480 1407 2519 utilzta-

452 2554 484 2587 tt·
514 2548 707 2587 credendi.
725 2547 1007 2596 Quaestionum
1025 2544 1071 2582 de
1087 2541 1320 2582 Proverbiis
1336 2544 1408 2580 Sa-

453 2610 636 2657 lomonis,
670 2615 710 2647 et
747 2610 916 2647 caeteris
959 2608 1188 2656 Scripturis.
1226 2606 1323 2642 ltem
1362 2602 1408 2642 de

448 2672 604 2723 qratia,
634 2671 679 2709 de
709 2669 830 2708 libero
860 2668 1052 2714 arbitrio,
1078 2671 1115 2706 et
1132 2664 1407 2712 Enclzirztdion,

454 2735 524 2771 boc
549 2740 610 2771 est
632 2747 638 2770 ;
665 2733 713 2770 de
742 2732 835 2779 lide,
861 2743 931 2781 spe
963 2736 1003 2769 et
1026 2730 1238 2774 charitate,
1265 2729 1301 2764 in
1324 2727 1410 2776 qui-

455 2798 527 2833 bus
558 2796 620 2833 vel
648 2795 819 2832 maxime
845 2793 1074 2830 intellectus
1112 2791 1409 2839 Scripturarum

453 2857 609 2904 elucet,
639 2860 680 2893 et
703 2856 740 2892 in
765 2855 852 2892 aliis
877 2854 981 2891 mille
1007 2852 1116 2890 libris
1136 2851 1279 2900 ipsius,
1304 2849 1409 2886 sicut

454 2922 545 2954 ante
571 2928 642 2954 nos
663 2915 813 2953 dictum
839 2919 919 2952 est:
944 2913 981 2952 si
1002 2911 1249 2962 Auqustz'nus
1273 2908 1409 2956 adest,

454 2978 597 3030 sufficit
625 2978 705 3028 ipse
743 2975 822 3014 tibi.
857 2974 1067 3026 Speculum
1107 2972 1194 3022 ejus
1236 2971 1393 3019 require

458 3040 556 3083 Quid
585 3039 713 3076 «licam
734 3038 782 3075 de
806 3033 1089 3077 cassano?
1116 3035 1154 3073 Si
1180 3038 1314 3071 tamen
1340 3032 1409 3069 aii-

458 3099 615 3147 quando
643 3100 852 3139 Monaebos
895 3097 1070 3137 fastidire
1113 3095 1302 3143 desieris,
1343 3094 1409 3143 qui

515 3228 547 3262 a)
573 3230 622 3256 lv.
648 3229 746 3260 410.
764 3234 798 3261 V.
817 3232 847 3262 8.
867 3230 915 3261 14.
935 3232 985 3261 xl.
1006 3228 1055 3260 li).
1081 3229 1158 3259 XIX.
1182 3227 1211 3257 t.

517 3276 536 3303 i»
577 3277 609 3305 ln
634 3279 788 3309 eeclesia.

1270 210 1606 250 NOTKERI

1474 281 1512 317 in
1536 280 1676 330 ve'yinti
1693 285 1866 331 quatuor
1890 282 2003 321 libris
2029 283 2306 329 collationum,
2323 293 2423 332 quos

1472 341 1636 379 totidem
1677 342 1906 382 Senioribus
1935 345 2230 395 Apocalypseos
2258 344 2422 382 Joannis

1473 401 1506 451 a)
1537 407 1765 452 comparat,
1795 404 1848 441 ita
1877 409 1916 442 et
1946 410 2106 456 propter
2123 408 2204 443 octo
2214 404 2426 457 principa-

1473 461 1567 501 lium
1596 463 1784 502 vitiorum
1814 466 2057 505 occasionem
2082 467 2130 505 de
2160 468 2244 517 lege
2273 471 2313 504 et
2337 467 2428 505 Pro-

1473 524 1604 576 phetis
1633 524 1836 574 disputat,
1867 531 1911 563 ut
1942 536 2034 565 eum
2064 529 2194 567 omnia
2219 526 2427 566 tractanda

1474 586 1728 635 suscepisse,
1777 597 1853 624 non
1900 586 2069 625 dubites.
2111 588 2288 634 Qualiter
2333 599 2428 627 vero

1474 647 1688 697 Evangelia
1703 652 1742 685 et
1758 646 2032 698 Apostolorum
2058 649 2200 699 scripta
2229 650 2428 689 disserue—

1475 709 1549 757 rit,
1577 709 1711 748 nullus
1735 709 1898 747 credere
1922 710 2090 759 poterit,
2111 711 2186 748 nisi
2208 712 2273 761 qui
2296 711 2428 750 lectio-

1477 771 1512 807 ni
1543 770 1758 809 earundem
1789 770 2050 809 Collationum
2076 770 2279 810 studiosus
2318 773 2429 810 insti-

1475 833 1581 869 terit.
1614 833 1740 878 Quam
1772 836 1904 871 tamen
1929 832 2150 870 doctrinam
2176 832 2430 882 professionis

1476 904 1571 932 suae
1596 905 1775 941 memor,
1802 895 1961 932 Patrum
1988 894 2209 941 sanctitati,
2235 904 2310 932 non
2335 905 2430 934 suae

1476 955 1611 993 scribit
1637 955 1865 994 industriae.
1885 956 1986 994 Libri
2005 955 2187 994 ISIDORI
2204 955 2432 1005 Hispanien-

1479 1019 1533 1055 sis
1561 1018 1744 1068 Episcopi
1764 1047 1773 1065 ,
1801 1016 2137 1069 Etymotoymrum
2159 1017 2317 1056 nomine
2337 1018 2433 1057 titu-

1475 1079 1569 1126 lati,
1599 1078 1824 1117 omnimoda
1854 1083 1893 1117 te
1914 1078 2124 1129 perficiunt
2141 1079 2305 1117 scientia
2335 1079 2432 1117 [tem

1479 1139 1763 1177 sententiarum
1791 1139 1879 1189 ejus
1911 1139 2146 1178 utilissimus
2175 1139 2272 1178 liber
2300 1150 2435 1178 oecur—

1485 1203 1550 1238 rit.
1582 1203 1679 1239 ltem
1711 1201 1812 1240 alius
1842 1200 1888 1239 de
1910 1199 2105 1239 Patribus
2127 1200 2272 1240 veteris
2288 1204 2327 1240 et
2347 1211 2437 1240 novt

1487 1262 1744 1301 Testamenti:
1776 1264 1874 1301 Item
1905 1263 2005 1301 alius
2033 1261 2080 1301 de
2107 1262 2269 1315 officiis,
2300 1266 2339 1301 et
2365 1262 2437 1301 Or-

1481 1322 1639 1362 dtm'bus
1668 1323 1983 1367 Ecclesiastim's‚
2015 1325 2082 1374 qui
2117 1324 2185 1362 tibi
2223 1334 2315 1363 mox
2354 1323 2435 1362 DEI

1480 1387 1603 1436 gratia
1629 1386 1760 1424 futuro
1777 1386 1978 1425 Sacerdoti
1999 1387 2171 1425 maxime
2191 1389 2286 1424 sunt
2302 1396 2438 1424 neces-

1481 1448 1599 1495 sarii,
1632 1449 1668 1485 in
1701 1449 1846 1497 quibus
1875 1459 2033 1486 omnem
2065 1448 2282 1495 rationem,
2307 1451 2347 1485 et
2372 1457 2439 1484 no-

1483 1511 1589 1548 mina
1622 1510 1871 1560 singularum
1904 1510 2184 1556 festivitatum,
2209 1513 2249 1547 et
2269 1508 2439 1560 jejunio—

1483 1583 1569 1611 rum
1588 1572 1784 1622 reperies,
1801 1575 1845 1611 ut
1861 1582 2000 1621 praeco
2013 1571 2097 1610 DEI
2113 1571 2266 1621 populis
2284 1571 2438 1609 futuras

1483 1635 1675 1672 stationes
1705 1632 1992 1682 praenunciare
2023 1633 2150 1682 possis
2169 1634 2208 1670 in
2228 1631 2438 1680 Keriki;b)

1481 1695 1574 1744 quia
1598 1695 1630 1732 si
1653 1705 1729 1731 non
1756 1695 2063 1732 annunciaveris
2087 1694 2248 1744 populo,
2265 1695 2332 1744 qui
2351 1703 2439 1743 spe-

1480 1755 1668 1794 culatoris
1705 1755 1877 1793 officium
1923 1754 2154 1803 desideres,
2201 1756 2437 1804 veneritque

1480 1813 1633 1863 gladius
1653 1842 1661 1860 ,
1691 1818 1732 1851 et
1756 1814 1891 1852 tulerit
1915 1824 2033 1861 eum,
2058 1815 2091 1863 e)
2117 1815 2201 1864 ipse
2225 1814 2434 1864 iniquitate

1482 1886 1553 1914 sua
1585 1876 1791 1923 morietur,
1810 1875 1973 1926 sanguis
1993 1878 2127 1913 autern
2144 1874 2232 1925 ejus
2248 1874 2298 1914 de
2314 1886 2434 1914 manu

1482 1941 1549 1975 tua
1581 1936 1818 1986 requiretur.

1829 2016 1992 2056 CAPUT
2021 2015 2084 2056 Vl.

1534 2096 1588 2133 De
1616 2094 1747 2134 Libris
1775 2095 1950 2134 ornando
1993 2094 2221 2135 sacerdocio
2249 2106 2378 2135 ueces-

1641 2157 1763 2196 sarz'is
1784 2188 1794 2205 ,
1829 2155 2166 2209 Epistoloyraphis
2194 2160 2262 2195 etc.

1536 2247 1637 2296 Ergo
1667 2245 1757 2294 quia
1802 2255 1891 2283 sese
1937 2244 2077 2283 obtulit
2115 2243 2292 2290 occasio,
2326 2246 2368 2281 ut
2399 2244 2435 2279 in

1482 2308 1669 2346 hocloco
1699 2307 1747 2345 de
1793 2306 2037 2353 ministerio,
2081 2304 2184 2354 quod
2232 2303 2438 2343 subiturus

1482 2381 1552 2418 es,
1584 2374 1622 2407 te
1651 2369 1844 2407 attentius
1876 2368 2073 2405 inst-ruere
2096 2366 2287 2413 debeam,
2312 2370 2352 2403 et
2377 2375 2440 2402 me

1484 2433 1673 2482 imparem
1704 2434 1839 2469 tantae
1870 2430 1924 2467 rei
1955 2438 2153 2483 agnOSCO,
2183 2427 2329 2478 quippe
2371 2427 2438 2476 qui

1484 2505 1556 2532 nec
1580 2498 1702 2532 vitam
1734 2493 1930 2543 propriam
1960 2489 2188 2537 custodire,
2215 2499 2313 2538 nec,
2337 2499 2439 2538 quae

1482 2556 1730 2605 aliquantum
1761 2554 1921 2600 sentio,
1952 2551 2091 2589 idonee
2136 2550 2249 2589 valeo
2291 2550 2442 2600 profer-

1485 2629 1551 2665 re3
1584 2619 1696 2655 mitto
1725 2620 1764 2653 te
1793 2614 1840 2653 ad
1872 2614 2016 2653 librum
2061 2613 2162 2651 beati
2201 2610 2439 2651 GREGORtt

1486 2678 1647 2729 Papae,
1676 2679 1743 2728 qui
1774 2676 1996 2727 appellatur
2025 2673 2175 2724 Reyula
2202 2671 2439 2714 Pastoratis‚

1487 2741 1554 2778 scd
1589 2750 1701 2787 meo,
1733 2740 1809 2776 imo
1842 2741 1884 2776 ut
1913 2735 2031 2774 credo
2050 2766 2059 2784 ,
2088 2735 2176 2785 ejus
2198 2739 2239 2773 et
2261 2734 2438 2772 omnium

1485 2802 1723 2850 sapientium
1752 2799 1898 2850 judicio
1929 2797 2071 2836 melius
2100 2801 2140 2835 et
2170 2797 2305 2834 verius
2349 2795 2442 2845 Spe—

1484 2861 1614 2900 culum
1648 2861 1866 2910 nnncupari
1897 2859 2121 2909 potuisset,
2148 2859 2184 2894 in
2210 2868 2287 2906 quo
2311 2856 2441 2894 omnis

1487 2924 1602 2960 homo
1634 2933 1676 2960 se
1708 2923 1836 2971 ipsum
1869 2920 2045 2958 inveniet
2073 2919 2185 2968 quasi
2211 2917 2439 2967 depictum,
2483 2910 2485 2912 ’

1484 2989 1523 3022 et
1553 2985 1761 3033 praecipue
1791 2983 1973 3032 Episcopi
2016 2985 2055 3018 et
2102 2979 2351 3029 Presbyteri,
2388 2980 2440 3017 ita

1488 3051 1530 3084 ut
1558 3046 1687 3083 omnis
1717 3044 1833 3081 horno
1864 3054 1939 3080 non
1971 3043 2099 3081 solum
2128 3050 2361 3082 sermones,
2399 3043 2438 3078 et

1484 3118 1630 3157 opera,
1661 3105 1730 3143 sed
1775 3110 1815 3142 et
1858 3105 2115 3155 cogitationes
2158 3106 2198 3141 et
2241 3101 2434 3148 affectuS,

1542 3238 1574 3277 c)
1591 3237 1708 3270 Ezech.
1729 3237 1869 3268 xxxttl.
1893 3235 1924 3267 6.
