2533 4009
475 266 553 304 252

479 334 589 372 1330,
620 334 718 370 llaec
750 324 921 364 ,loannes
952 324 985 360 le
1018 322 1128 372 l‘aige
1161 323 1197 358 in
1246 321 1427 359 Biblioth.

475 387 853 433 l‘raemonstratensi
887 395 970 433 pag.
1003 383 1090 420 307.
1204 382 1208 386 ”

529 452 719 492 l‘li'ssst’s
750 446 958 486 ,llainanus
988 443 1317 489 Mediolanensis‚
1348 444 1427 482 Au-

475 515 726 556 :ustinianus
756 510 858 546 eirea
885 507 1045 544 Annum
1073 504 1187 543 4340.
1209 507 1324 543 cuius
1351 515 1426 542 non

475 558 545 614 nisi
579 576 788 611 Sermones
817 568 863 606 cle
907 571 1076 618 tempore
1119 566 1268 605 laudari
1314 566 1428 604 video

474 635 586 686 apud*
607 633 827 680 Philippum
860 629 1034 667 Elssium
1067 639 1151 678 pag.
1184 627 1274 666 578.
1315 637 1432 664 enco-

473 695 640 734 miastiei
673 692 966 741 Augustiniani.

527 759 542 776 ‘
574 757 655 792 lmo
686 755 825 791 Petrus
856 753 1084 801 Mayneeius
1121 751 1280 801 scripsit
1323 761 1432 801 prae-

470 819 688 855 dicationes
734 815 899 853 festivas
943 823 1043 863 quas
1086 813 1163 850 MS.
1193 817 1340 850 servat.
1373 813 1433 849 Bi—

472 879 605 916 bliotli.
645 876 832 915 Coenobii
866 878 902 914 S.
934 876 1064 913 Marcii
1096 873 1402 912 Mediolanensis
1424 901 1433 919 ,

471 940 533 978 ubi
578 944 674 978 sunt
725 939 872 988 pariter
916 942 956 974 et
1001 935 1318 985 praedicationes
1347 935 1433 972 eius

475 1001 737 1039 Dominio-ales
761 1005 800 1038 et
830 999 954 1037 oratio
984 997 1086 1035 dicta
1119 996 1263 1047 populo
1291 995 1434 1034 Medio-

471 1064 639 1102 lanensi.
671 1064 726 1100 De
756 1073 801 1099 eo
832 1065 956 1110 agunt
987 1059 1161 1096 Thomas
1190 1057 1239 1096 de
1269 1058 1431 1105 Effera,

472 1125 717 1162 l‘ossevinus
750 1124 786 1160 in
818 1121 1024 1172 Apparatu
1049 1125 1077 1159 t.
1100 1120 1151 1158 111
1182 1120 1434 1158 Puccinellus

473 1190 508 1224 in
541 1186 723 1224 Atheneo
755 1196 789 1235 p.
822 1184 897 1222 462
927 1187 968 1221 et
996 1182 1210 1233 Argelatus
1255 1183 1291 1218 in
1337 1181 1434 1220 Bibl.

473 1248 681 1287 Mediolan.
713 1258 798 1297 pag.
831 1245 920 1283 887.

526 1308 720 1348 PETRUS
749 1306 1024 1346 Malleacensis
1054 1305 1271 1344 Monachus
1295 1304 1434 1343 Gallus

472 1372 606 1412 Ordin.
641 1370 786 1409 Bened.
819 1371 979 1419 scripsit
1009 1369 1129 1407 libros
1159 1367 1260 1406 duos
1288 1367 1336 1405 de
1366 1378 1436 1405 an-

473 1436 656 1483 tiquitate
686 1437 726 1471 et
755 1432 1069 1469 commutatione
1101 1431 1138 1466 in
1172 1429 1314 1467 melius
1345 1429 1436 1467 Mal-

475 1497 671 1534 leacensis
702 1494 884 1540 Insulae⁷
910 1497 950 1530 et
975 1492 1235 1530 translatione
1259 1492 1435 1540 corporis

475 1558 513 1595 S.
545 1558 767 1606 Rigomeri:
803 1555 850 1594 ad
895 1555 1177 1593 Goderannum
1227 1552 1433 1591 Abbatem.

478 1618 611 1657 Edidit
643 1624 843 1668 postrema
874 1623 984 1668 parte
1017 1616 1178 1654 mutilos
1209 1615 1388 1653 Labbeus
1409 1619 1436 1652 t.

477 1681 512 1718 2.
545 1680 727 1717 Bibliolh.
759 1690 884 1717 novae
914 1679 1274 1726 Manuscriptorum
1301 1689 1336 1726 p.
1359 1677 1436 1714 222

475 1744 566 1781 238.
587 1742 851 1780 Goderannus
880 1740 1014 1779 Abbas
1046 1739 1117 1777 fuit
1146 1739 1194 1777 ab
1225 1738 1297 1776 An.
1332 1738 1434 1776 4070

475 1805 522 1842 ad
557 1804 671 1842 4074.
704 1803 799 1841 Vide
832 1800 1160 1841 Sammarthanos
1190 1805 1216 1837 t.
1250 1800 1310 1837 lv.
1347 1799 1436 1837 Gal-

474 1866 548 1904 liae
579 1865 832 1903 Christianae
864 1875 950 1913 pag.
982 1863 1070 1901 594.

527 1928 719 1965 PETRUS
743 1924 902 1964 Mallius
925 1926 1150 1963 Canonicus
1172 1924 1209 1962 S.
1233 1923 1335 1961 Petri
1360 1924 1433 1961 Ro-

475 2000 587 2035 mae⁷
618 2000 667 2026 ex
698 1989 814 2026 cuius
844 1987 940 2025 libro
970 1986 1016 2024 ad
1063 1984 1335 2024 Alexandrum
1368 1985 1431 2022 111.

475 2052 602 2100 capita
634 2049 829 2099 quaedam
862 2048 909 2086 de
957 2047 1240 2085 festivitatibus
1276 2047 1312 2083 in
1350 2047 1436 2095 qui—

478 2113 553 2150 bus
583 2112 776 2149 Dominus
807 2112 906 2160 Papa
944 2109 1231 2156 coronabatur,
1273 2108 1434 2146 exhibet

474 2174 720 2212 Mabillonius
752 2177 844 2209 tom.
878 2172 914 2208 2.
948 2172 1073 2208 musei
1120 2170 1241 2208 Italici
1274 2182 1309 2219 p.
1344 2168 1435 2207 458.

476 2236 563 2274 464.
596 2234 744 2273 Laudat
773 2239 813 2272 et
843 2233 1014 2271 Bzovius
1043 2232 1090 2270 ad
1122 2234 1284 2271 Annum
1318 2231 1432 2270 4246,

477 2309 585 2334 num.
618 2297 678 2334 46.
710 2296 758 2333 de
789 2295 978 2333 Basilicae
1011 2295 1223 2332 Vaticanae
1256 2293 1434 2343 reliquiis

474 2355 612 2395 Jacobi
655 2356 896 2394 GRIMALDI
946 2356 1177 2394 relationem
1227 2355 1434 2394 exhibens.

475 2418 746 2457 Alexandrum
780 2417 847 2455 ΙΙΙ.
878 2422 1036 2456 constat
1067 2418 1286 2468 praefuisse
1312 2417 1360 2455 ab
1389 2417 1433 2456 A.

476 2481 588 2518 4459.
620 2480 667 2518 ad
701 2481 819 2519 4481.

528 2543 720 2581 PETRL'S
751 2541 1071 2590 Mammoardus,
1093 2540 1210 2591 cujus
1225 2540 1274 2579 de
1294 2541 1435 2591 triplici

476 2606 643 2654 Imperio
674 2604 988 2642 lucubrationem
1021 2605 1215 2641 Manuscr.
1243 2607 1437 2641 memorat

474 2667 676 2705 sanderus
694 2668 729 2703 in
753 2666 931 2704 Bibiloth.
950 2666 1104 2715 Belgica
1128 2669 1238 2715 parte
1260 2666 1297 2704 2.
1317 2677 1352 2714 p.
1371 2665 1406 2703 5.

529 2729 721 2767 PETRL'S
751 2727 796 2765 (le
825 2729 1016 2774 Mantua,
1046 2729 1162 2766 cuius
1198 2727 1247 2765 de
1291 2738 1436 2777 suppo-

476 2792 643 2835 sitione,
668 2792 864 2828 Manuscr.
891 2790 1068 2827 Venetiis
1091 2793 1225 2828 exstat
1245 2793 1348 2826 teste
1364 2790 1436 2827 To-

476 2853 628 2890 masino
659 2863 744 2902 pag.
775 2851 837 2889 27.

528 2914 546 2933 ³*
576 2912 637 2951 Ad
668 2912 890 2962 supplenda
922 2916 961 2949 et
993 2911 1228 2950 illustranda
1259 2922 1303 2949 ea
1329 2922 1431 2960 quae

475 2975 522 3012 de
552 2975 625 3012 hoc
655 2975 767 3012 Petro
799 2974 997 3012 Fabricius
1021 2974 1207 3022 scripsit,
1241 2974 1352 3010 iuvat
1377 2974 1433 3008 in-

477 3044 630 3085 tegrum
663 3037 825 3075 titulum
856 3036 1043 3074 exhibere
1085 3035 1182 3074 libro
1207 3036 1314 3085 typis
1332 3033 1434 3083 jam-

478 3098 542 3135 diu
577 3099 752 3148 vulgati,
785 3099 830 3136 iis
859 3097 1057 3137 adiunctis
1082 3108 1183 3147 quae
1207 3096 1254 3135 ad
1280 3096 1429 3134 calcem

479 3158 673 3206 leguntur.
711 3160 791 3197 Viri
810 3158 1132 3211 praeclarissimi
1159 3162 1196 3196 et
1220 3156 1431 3196 subtilissi-

479 3218 534 3254 mi
563 3218 675 3267 lossii-i
705 3222 889 3270 Maqistri
911 3221 1023 3260 Petri
1052 3219 1264 3260 Mantuani
1292 3218 1431 3269 [amica

482 3277 614 3326 incipit
639 3279 817 3328 feliciter.
857 3283 1034 3333 Erplicit
1063 3282 1187 3332 loyica
1220 3279 1431 3320 subtilissi-

482 3338 535 3375 mi
567 3339 698 3387 LOW'CI
726 3342 832 3390 Μιιῃ.
868 3345 977 3381 Petri
1020 3343 1234 3383 Mantuani
1259 3353 1427 3380 accura-

1336 250 1625 290 l‘E'l'RUS

1510 319 1662 358 tissime
1687 319 1892 358 emendata
1913 331 1984 370 per
2008 321 2200 359 mimium
2221 318 2373 358 artium
2396 320 2462 359 do-

1503 384 1650 418 ctorem
1693 380 1802 430 May.
1831 381 1888 418 Jo.
1919 382 1974 421 M.
2007 381 2216 434 Mapellum
2266 381 2456 421 Vincenti-

1501 453 1606 480 num.
1650 442 1819 480 Inferius
1849 443 1885 480 in
1916 442 2053 482 eadem
2090 444 2241 494 pagella
2285 442 2460 482 additur.

1503 502 1680 541 Illuslris
1715 501 1859 541 Philos.
1889 505 1925 541 et
1952 503 2096 543 Medici
2119 504 2364 556 Apollinaris
2395 503 2461 556 Of-

1503 563 1614 615 fredi
1643 564 1919 603 Cremonensis
1961 564 2006 602 de
2042 566 2203 616 prima,
2246 570 2284 605 et
2323 565 2460 604 ultimo

1505 625 1670 664 instanti
1699 625 1738 663 in
1767 623 2027 676 defensionem
2062 628 2275 666 communis
2318 627 2462 679 opinio-

1507 687 1568 725 nis
1592 686 1789 725 adversus
1822 688 1982 725 Petrum
2007 689 2265 728 Mantuanum
2294 688 2464 741 feliciter

1504 749 1654 800 incipit.
1687 747 1865 800 Explicit
1887 748 2080 800 scriptum
2125 749 2171 788 de
2215 749 2380 790 instanti
2420 748 2464 788 il-

1509 809 1650 849 lustris
1683 809 1916 862 Philosophi
1950 813 1988 848 et
2018 810 2162 849 Medici
2187 813 2289 862 May.
2319 810 2465 864 Apolli—

1508 872 1623 910 naris
1659 871 1813 923 Offredi
1828 883 1918 910 eum
1939 871 2274 923 suppositionibus
2291 872 2465 912 eiusdem

1507 932 1812 971 accuratissime
1863 933 2111 980 emendatum
2151 945 2229 984 per
2270 934 2462 974 eoeimium
2513 927 2516 930 ’

1506 994 1667 1032 artium.
1698 994 1902 1033 Doctorem
1931 996 2034 1046 May.
2061 995 2121 1033 Jo.
2160 996 2210 1035 Μ.
2250 995 2460 1048 Mapellum

1514 1055 1794 1095 Vincentinum.
1837 1057 2079 1108 Impressum
2113 1056 2278 1096 Venetiis
2301 1069 2377 1110 per
2405 1057 2467 1097 Si-

1507 1129 1658 1156 monem
1694 1116 1798 1156 alias
1829 1117 2072 1169 Bevilacqua
2095 1117 2325 1169 Papiensem
2352 1118 2466 1159 4492.

1507 1178 1572 1218 die
1596 1179 1731 1232 primo
1757 1178 1996 1218 Decembris.
2021 1179 2041 1202 ³*

1561 1242 1756 1280 PETRUS
1786 1241 1999 1281 Marcellus
2029 1243 2188 1280 Antonii
2220 1243 2260 1280 F.
2291 1242 2469 1282 Venetus
2532 1242 2533 1247 ’

1509 1305 1678 1354 scriptor
1710 1304 1796 1343 libri
1826 1303 1873 1342 de
1901 1303 1994 1343 vitis
2028 1303 2258 1355 Principum
2286 1307 2324 1342 et
2347 1304 2470 1355 9estis

1512 1366 1740 1403 Venetorum
1791 1367 1813 1403 a
1866 1366 1991 1415 primo
2039 1365 2219 1405 Paulutio
2279 1365 2469 1404 Anafesto

1510 1438 1638 1476 usque
1664 1426 1710 1465 ad
1738 1427 1889 1466 obitum
1915 1428 2036 1466 Ducis
2062 1428 2235 1466 LXXIV.
2254 1427 2466 1479 Augustini

1510 1488 1712 1527 Barbadici
1746 1490 1820 1527 An.
1854 1489 1971 1529 4502.
2015 1489 2113 1528 Vide
2159 1489 2344 1528 vossium
2383 1501 2470 1540 pag.

1511 1551 1601 1588 666.
1630 1550 1776 1589 Prodiit
1797 1551 1936 1589 Venet.
1968 1551 2083 1589 4554.
2107 1551 2145 1589 8.
2168 1551 2343 1593 Francof.
2368 1551 2468 1590 4674

1511 1613 1547 1649 8.
1577 1617 1616 1650 et
1647 1614 1682 1649 in
1715 1614 1801 1651 Jani
1832 1612 1991 1651 Gruteri
2022 1612 2216 1651 Chronico
2259 1613 2472 1652 Chronico-

1511 1685 1598 1712 rum
1631 1675 1787 1723 politico
1807 1679 1833 1711 t.
1863 1675 1876 1712 4
1905 1674 2082 1712 Francof.
2109 1675 2224 1713 4544.
2257 1675 2294 1712 8.
2324 1686 2360 1725 p.
2379 1675 2468 1714 584.

1511 1735 1600 1773 728.
1621 1736 1848 1787 subjunctis
1866 1737 1963 1774 Vitis
1982 1737 2208 1786 Principum
2227 1736 2469 1775 Venetorum
2517 1723 2523 1731 ⁹

1511 1801 1682 1846 quatuor
1714 1797 1904 1835 Leonardi
1933 1798 2170 1845 Lauretum,
2200 1797 2361 1837 Antonii
2386 1797 2472 1836 Gri—
2525 1811 2527 1814 ⁴

1510 1859 1629 1904 mani,
1648 1859 1808 1896 Antonii
1834 1858 1952 1897 Gritti
1977 1863 2018 1897 et
2035 1859 2138 1897 Petri
2156 1857 2277 1897 Laudi
2295 1870 2365 1910 per
2385 1857 2472 1910 Syl-

1512 1924 1694 1959 vestrum
1717 1918 1922 1968 Girellum,
1941 1920 2170 1958 Urbinatem
2202 1932 2238 1970 p.
2267 1919 2356 1958 729.
2378 1920 2471 1960 794.

1566 1980 1758 2020 PETRUS
1789 1981 1959 2020 Marsus
1984 1980 2062 2019 An.
2091 1982 2207 2020 4542.
2226 1982 2372 2021 Romae
2397 1982 2471 2021 Ca·
2527 2006 2530 2010 -

1512 2045 1679 2082 nonicus
1710 2044 1748 2081 S.
1781 2044 1979 2081 Laurentii
2013 2044 2049 2080 in
2093 2043 2263 2082 Damaso
2292 2048 2370 2082 aet.
2405 2043 2470 2082 70.

1510 2106 1616 2143 obiit.
1649 2103 1747 2154 Ejus
1779 2105 1815 2141 in
1848 2104 1988 2142 Silium
2021 2104 2201 2143 Italicum
2233 2106 2330 2144 Ven.
2355 2106 2470 2145 4483.

1514 2167 1628 2206 4492.
1662 2167 1784 2204 Paris.
1818 2165 1935 2204 4542.
1954 2165 2016 2203 sol.
2044 2165 2234 2215 Ejusdem
2260 2167 2295 2205 in
2319 2167 2474 2207 Cicero-

1511 2229 1575 2266 nis
1606 2228 1655 2266 de
1687 2231 1829 2266 natura
1854 2228 2026 2266 Deorum
2053 2226 2100 2265 ad
2127 2227 2373 2267 Ludovicum
2400 2229 2473 2268 Xll

1510 2290 1658 2329 Galliae
1701 2290 1873 2339 Regem,
1925 2290 2043 2327 Paris.
2087 2292 2127 2327 et
2167 2289 2310 2328 deinde
2354 2291 2472 2329 Basil.
2518 2338 2520 2342 f

1516 2351 1630 2391 4544.
1664 2355 1704 2389 et
1735 2350 1783 2388 de
1814 2349 1993 2399 Officiis,
2029 2351 2230 2400 amicitia,
2267 2356 2475 2391 senectute.

1514 2419 1554 2451 et
1584 2412 1783 2463 paradoxa
1815 2413 1954 2450 Venet.
1988 2411 2106 2451 4506.
2135 2411 2260 2462 Lugd.
2291 2414 2404 2452 4544.
2431 2415 2473 2451 ln

1512 2476 1745 2513 Terentium
1776 2485 1867 2512 cum
1916 2474 2034 2513 Paulo
2078 2474 2265 2514 Malleolo.
2308 2474 2473 2525 Argent.

1514 2538 1629 2576 4549.
1664 2537 1699 2574 4.
1729 2535 1921 2586 Ejusdem
1953 2536 2068 2574 Marsi
2100 2537 2386 2587 Panegyricum
2411 2537 2474 2575 In-

1515 2599 1699 2637 nocentio
1729 2598 1830 2636 V111.
1862 2597 2040 2646 dictum,
2070 2601 2110 2636 et
2139 2597 2236 2636 alias
2277 2598 2470 2648 quasdam

1510 2661 1720 2699 Orationes
1751 2664 1944 2698 memorat
1973 2659 2156 2698 Nicolaus
2182 2660 2354 2710 Toppius
2385 2671 2470 2710 pag.

1512 2723 1601 2761 248.
1624 2722 1805 2761 Biblioth.
1827 2721 2119 2771 Neapolitanae.
2139 2721 2222 2760 Sub
2245 2721 2347 2760 idem
2372 2727 2471 2761 tem-
2531 2722 2533 2736 ²

1511 2795 1585 2835 pus
1611 2785 1683 2823 fuit
1708 2783 1902 2822 PAULUS
1925 2773 2116 2831 Marsus‚‘
2137 2783 2331 2832 Piscinas,
2353 2782 2470 2834 cujus
2530 2777 2533 2801 '⁴

1509 2846 1784 2884 commentarii
1817 2846 1853 2882 in
1885 2844 2013 2884 Ovidii
2045 2845 2184 2883 Fastos
2220 2846 2380 2895 saepius
2412 2846 2470 2885 lu-

1510 2919 1595 2945 cem
1627 2906 1845 2954 viderunt,
1874 2911 1916 2945 ut
1945 2905 2025 2944 dixi
2049 2905 2112 2944 lib.
2138 2907 2170 2944 4.
2196 2906 2377 2945 Biblioth.
2400 2909 2470 2946 La-

1509 2970 1615 3006 tinae
1639 2979 1725 3017 cap.
1751 2969 1810 3006 45.

1562 3031 1581 3052 ³*
1612 3030 1746 3069 Oratio
1776 3029 1864 3080 ejus
1888 3029 1992 3068 dicta
2024 3030 2060 3067 in
2092 3029 2154 3068 die
2175 3029 2214 3069 S.
2247 3024 2466 3082 Sthephani

1507 3098 1673 3144 protom.
1704 3093 1876 3131 vetustis
1906 3102 2055 3131 excusa
2085 3092 2193 3142 typis
2226 3092 2466 3142 impressore

1505 3156 1672 3205 Argyrio
1701 3154 1898 3193 Euchario
1928 3154 2081 3204 absque
2112 3153 2208 3192 loco.
2233 3154 2276 3191 In
2303 3153 2380 3191 fine
2412 3153 2467 3191 le-
2531 3157 2533 3189 ἕ

1504 3218 1609 3267 gitur
1639 3217 1800 3267 probata
1830 3220 1870 3253 et
1899 3215 2056 3254 laudata
2088 3226 2108 3253 a
2137 3216 2249 3265 Bapt.
2288 3215 2466 3253 Mantua-
2528 3232 2533 3269 5³

1506 3290 1554 3316 no
1584 3279 1727 3316 celebri
1761 3282 1872 3328 poeta
1905 3276 2182 3316 Carmelitano.
2213 3276 2288 3314 Est
2329 3280 2464 3314 autem
2529 3271 2533 3311 i

1505 3342 1629 3379 oratio
1655 3342 1729 3378 ista
1755 3340 1868 3390 plane
1889 3339 2048 3377 diversa
2071 3338 2119 3376 ab
2142 3337 2217 3376 alia
2243 3337 2278 3374 in
2306 3337 2462 3377 laudem
2526 3354 2533 3390 Ἰι
