2517 4009
639 219 721 259 DE
769 222 1148 263 PRINCIPIS
1196 224 1529 264 OFFICIIS

94 304 162 344 se,
189 292 318 344 (quod
340 292 458 330 etiarn
477 291 591 342 paulo
613 296 704 330 ante
726 292 982 342 dicebamus)
1007 300 1050 334 ut

90 356 278 396 omnibus
300 384 310 397 ,
339 356 404 406 qui
431 353 479 393 ad
509 359 547 392 te.
573 361 855 404 accesserunt,
881 368 1048 406 aurum,

89 429 263 470 opesque
306 417 511 465 largiaris:
562 429 690 468 neque
742 420 847 457 enim
889 419 1049 459 divitiae

90 482 227 528 Cresi,
257 485 325 519 aut
356 479 478 518 Midae
508 479 555 518 ad
583 479 617 517 id
654 482 752 519 satis
792 482 946 521 forent:
979 482 1046 521 sed

88 543 231 582 leniter
267 541 532 592 respandere,
580 542 772 594 hilarique
820 545 960 585 vultu.
1008 552 1049 585 et

89 603 251 644 blandis
300 603 458 652 verbis,
504 604 812 656 affabilitateque
851 610 1048 647 sermonis

89 677 421 718 unumquemque
473 667 540 705 tibi
587 666 816 719 adjungere,
867 669 940 709 hoc
987 675 1049 709 est

88 729 193 782 quod
225 730 410 768 omnibus
444 734 645 779 praestare
675 735 715 768 et
745 735 884 780 potes,
914 737 954 770 et
983 732 1049 770 de-

87 793 182 833 bes:
211 804 332 844 quam
365 793 401 830 in
435 804 475 830 re
505 792 657 832 dictum
689 793 783 831 illud
825 794 899 831 Titi
949 794 1047 833 Cae—

85 856 186 895 saris
201 854 496 894 observandum
516 855 603 893 erit:
622 854 707 894 Non
723 859 903 906 oportere
916 868 1048 907 quem—

86 929 208 971 quam
233 929 258 956 α
280 927 459 957 sermone
490 917 690 970 principis
735 918 886 957 tristem
926 919 1047 959 disce-

86 980 191 1020 dere.

138 1042 249 1082 Haec
277 1047 411 1082 autem
444 1044 655 1083 verborum
687 1043 904 1083 liberalitas
934 1056 954 1084 a
981 1056 1047 1096 pe-

85 1107 293 1145 cuniarum
339 1105 601 1144 beneficentia
648 1107 820 1144 maxime
863 1106 1045 1156 differet;

88 1168 289 1219 quoniam,
343 1172 386 1206 ut
436 1168 587 1206 crebris
627 1168 903 1218 largitionibus
950 1181 1045 1219 opes

85 1229 409 1274 exhauriuntur,·
439 1231 489 1268 ita
512 1232 709 1268 sermonis
731 1230 944 1277 thesauris,
968 1243 1046 1282 quo

85 1292 266 1343 pluribus
295 1291 559 1338 distribueris,
589 1304 635 1330 eo
665 1293 874 1337 beatiores,
918 1296 1047 1344 copio-

85 1355 304 1405 sioresque,
333 1359 373 1393 et
401 1354 449 1393 ad
482 1355 581 1393 bene
630 1355 678 1392 de
710 1356 849 1394 multis
890 1368 1046 1406 preme-

85 1417 254 1457 rendum
303 1419 521 1468 paratiores
567 1418 816 1458 redduntur:
863 1419 936 1458 hoc
983 1425 1045 1459 est

85 1481 328 1519 mercimonii
351 1492 490 1530 genus,
512 1480 615 1531 quod
646 1493 716 1520 nec
743 1492 816 1520 usu
843 1483 1043 1532 atteritur,

88 1554 164 1582 nec
195 1544 318 1583 lassat
346 1547 621 1582 exercentem:
653 1543 721 1581 sed
754 1556 832 1594 quo
879 1544 1045 1582 affluen—

89 1607 169 1646 tius
198 1611 396 1656 erogatur,
426 1617 472 1644 eo
504 1607 626 1656 magis
657 1611 737 1645 tam
769 1606 892 1655 danti,
923 1618 1042 1657 quam

86 1669 295 1720 accipienti
326 1668 499 1720 prodest.
539 1670 617 1708 Nec
657 1669 724 1707 tibi
769 1669 933 1708 dubium
966 1671 1043 1718 sit,

87 1731 362 1770 Illustrissima
391 1731 574 1771 Elianora
593 1762 602 1779 ‚
621 1723 800 1783 ⁸magnos
833 1734 1043 1783 principes,

84 1798 125 1832 et
150 1794 205 1833 tui
230 1794 381 1832 similes
423 1794 513 1844 plus
555 1794 684 1833 verbis
730 1807 1043 1845 saepenumero,

84 1868 203 1907 quam
236 1857 468 1896 muneribus
505 1858 675 1896 efficere.
717 1859 760 1896 In
807 1858 878 1897 hoc
920 1860 1044 1909 Igitur

83 1919 342 1971 benignitatis
371 1931 533 1969 genere,
563 1919 667 1970 quod
702 1921 737 1958 in
769 1922 941 1971 regendo
973 1923 1043 1960 im-

84 1984 192 2035 perio
213 1994 289 2021 non
307 1987 552 2034 postremum
577 1983 704 2022 locum
727 1984 892 2032 obtinet,
918 1986 1043 2035 quod-

85 2058 162 2097 que
192 2045 420 2085 uberrimus
451 2045 607 2084 fructus
635 2045 746 2084 brevi
777 2048 917 2096 affert,
968 2060 1044 2087 non

83 2109 225 2157 dicam,
256 2113 295 2148 te
328 2118 531 2154 exerceas,
562 2108 631 2147 sed
663 2120 849 2149 exercere
875 2123 1043 2162 pergas:

84 2179 175 2211 nam
213 2171 249 2209 id
293 2170 340 2210 ad
387 2175 426 2209 te
469 2182 626 2210 summa
671 2183 763 2210 cum
805 2172 1044 2214 dexteritate

83 2234 279 2273 hactenus
310 2234 531 2273 factitatum
564 2245 680 2284 esse3
712 2246 761 2273 ex
792 2247 870 2285 quo
917 2237 1045 2275 maxi-

85 2307 190 2334 mam
223 2296 468 2346 voluptatem
500 2297 638 2346 caepi3
669 2308 745 2336 una
767 2299 946 2337 omnium
977 2310 1045 2337 vo-

84 2370 129 2398 ce
157 2358 204 2398 ad
240 2368 311 2397 nos
341 2358 538 2409 perlatum
565 2363 640 2396 est.

135 2421 244 2460 Inter
287 2420 350 2458 illa
392 2431 499 2467 vero,
540 2432 641 2470 quae
688 2432 871 2471 magnam
920 2434 1042 2472 regno

85 2488 154 2524 tuo
181 2484 460 2523 auctoritatem
491 2495 628 2534 parere
659 2487 840 2534 possunt,
874 2483 946 2523 hoc
978 2485 1040 2524 vel

85 2549 342 2601 praecipuum
369 2545 592 2597 judicabis3
623 2548 655 2585 si
680 2547 826 2585 milites
848 2552 1045 2598 quotquot

87 2612 216 2663 possis
244 2611 400 2650 alueris.
433 2611 557 2657 Nam,
597 2614 640 2648 ut
683 2611 892 2659 omittam,
939 2610 1043 2660 quod

85 2673 278 2726 quidquid
305 2677 493 2724 sumptus
524 2673 560 2711 in
587 2684 630 2710 ea
657 2684 697 2711 re
721 2673 874 2718 feceris,
900 2673 935 2711 id
959 2685 1045 2712 om-

89 2748 138 2776 ne
168 2737 206 2775 in
238 2741 397 2776 tuorum
434 2735 684 2775 subditorum
731 2737 940 2775 utilitatem
987 2748 1045 2776 re-

87 2798 307 2849 dundabit3
358 2800 475 2838 etiam
520 2809 611 2838 cum
664 2798 805 2836 adesse
856 2804 1042 2847 armatos,

88 2863 234 2913 quibus
256 2866 528 2908 coerceantur,
550 2861 783 2911 intelligent,
809 2860 913 2900 dicto
939 2873 1041 2900 sem-

90 2936 159 2976 per
178 2924 389 2964 audientes
414 2924 544 2975 populi
570 2928 702 2967 erunt,
730 2934 801 2962 nec
824 2925 913 2961 novi
936 2926 1044 2975 quic-

90 2999 210 3039 quam
237 2987 463 3026 molientur.
486 2986 598 3036 Apud
624 2986 811 3024 finitimos
832 2998 937 3034 vero,
957 2999 1044 3026 cae-

90 3054 277 3101 terasque
301 3054 442 3100 gentes
463 3049 536 3088 hac
575 3050 658 3099 ipsa
696 3051 844 3086 ratione
884 3053 1042 3088 tuarum

90 3123 210 3163 opum
228 3112 468 3151 existimatio
485 3112 706 3162 augebitur.
723 3111 831 3157 Quae
848 3113 991 3160 omnia,
1013 3114 1044 3150 si

93 3175 262 3215 militum
297 3174 490 3226 praesidia
530 3175 675 3221 desint,
712 3178 850 3212 contra
885 3175 1045 3212 evenire

91 3237 232 3276 solent.
257 3237 356 3276 Nam
385 3242 425 3275 et
446 3238 500 3276 tui
522 3236 568 3275 ad
597 3237 808 3282 tumultus,
834 3235 1047 3274 seditione-

91 3310 191 3352 sque
215 3302 505 3340 contumaciter
527 3302 745 3350 insurgent,
772 3302 811 3337 et
833 3309 852 3336 a
878 3300 1046 3337 cacteris

92 3361 205 3402 facile
228 3362 468 3415 despicieris.

2011 229 2083 269 651

1177 298 1255 336 Nec
1281 295 1419 334 modici
1450 307 1547 334 sane
1576 298 1707 348 operis
1736 303 1810 346 est,
1843 300 1893 340 ita
1925 303 1963 338 te
1987 310 2079 339 cum

1124 358 1302 397 finitimis
1339 370 1490 408 gerere,
1522 365 1564 399 ut
1594 360 1642 399 ab
1673 361 1748 400 illis
1776 365 1952 402 ameris.-
1994 374 2087 402 exo-

1124 422 1231 460 riunt
1259 423 1364 459 enim
1396 424 1556 461 crebrae
1586 426 1885 474 contentiones,
1911 427 2088 465 aemula-

1125 484 1346 534 tionesque‚
1368 496 1470 535 quae
1495 484 1744 524 concordiam
1764 485 1966 526 dirimant.
1988 487 2086 534 Quia

1125 551 1255 584 tamen
1287 547 1530 597 experientia
1569 547 1781 595 docemur,
1826 561 1916 588 cum
1961 551 2086 591 altera

1124 619 1215 657 pars
1246 608 1354 653 nolit,
1386 608 1490 646 haud
1525 609 1634 647 facile
1664 609 1765 649 duos
1793 614 1978 662 separari,
2005 625 2087 653 ma·

1123 669 1253 715 nibus,
1285 670 1533 721 pedibusque
1565 672 1621 722 (ut
1638 670 1765 721 ajunt)
1797 676 1892 712 eniti
1915 677 2084 727 quisque

1123 731 1252 780 debet,
1292 737 1335 771 ut
1377 733 1523 771 bonum
1573 744 1616 771 se
1663 735 1839 774 vicinum
1883 744 2084 788 praestet:

1122 794 1211 844 plus
1241 795 1346 832 enim
1379 794 1567 844 prodesse
1599 800 1750 845 potest,
1794 800 1860 848 qui
1908 804 2086 850 proxime

1122 856 1236 894 adest
1266 868 1385 906 quam
1431 858 1497 906 qui
1544 858 1692 907 procul,
1735 860 1853 898 etiam
1895 863 1927 899 si
1972 864 2085 916 longe

1124 921 1322 969 potentior
1352 921 1416 957 sit.
1450 920 1498 957 Et
1529 921 1560 957 si
1594 931 1732 959 verum
1762 927 1998 972 perscrutari
2021 939 2087 965 ve-

1122 983 1254 1029 limus,
1286 993 1431 1032 parvae
1461 993 1606 1021 causae
1637 988 1751 1031 sunt,
1776 996 1877 1034 quae
1904 987 2086 1028 finitimo-

1122 1056 1209 1083 rum
1240 1046 1520 1083 contentiones
1556 1046 1730 1085 excitare
1773 1057 2086 1094 consueverunt.

1122 1106 1252 1153 Quare
1286 1107 1427 1145 melius
1458 1112 1520 1145 est
1551 1119 1838 1159 nonnunquam
1865 1112 2010 1163 aliquid
2037 1114 2085 1153 de

1121 1180 1193 1207 suo
1221 1168 1310 1220 jure
1339 1169 1570 1219 concedere,
1601 1183 1719 1220 quam
1754 1174 1788 1210 in
1817 1184 1998 1214 summae
2025 1188 2084 1214 re-

1121 1243 1208 1270 rum
1239 1236 1441 1269 certamen
1473 1231 1730 1272 descendere.
1761 1234 1840 1273 Non
1873 1237 1977 1275 enim
2005 1240 2084 1278 fru-

1121 1299 1201 1331 stra
1233 1295 1434 1344 sapientes
1467 1294 1675 1342 habentur,
1701 1297 1767 1346 qui
1793 1297 1938 1348 aliquid
1966 1301 2083 1339 inter-

1120 1355 1214 1394 dum
1247 1357 1431 1394 amittere
1461 1358 1619 1405 sciunt-3
1651 1359 1741 1408 quia
1783 1360 1968 1399 videlicet
2011 1373 2082 1402 sua

1119 1418 1329 1469 prudentia
1363 1419 1616 1468 intelligunt,
1663 1421 1735 1457 nisi
1778 1421 1849 1460 linc
1892 1423 2081 1474 fecerint,

1121 1485 1317 1530 quantum
1345 1480 1492 1530 damni,
1521 1482 1838 1533 incommodique
1863 1496 2082 1537 consequa-

1123 1547 1198 1581 tur.
1236 1543 1344 1582 Unde
1384 1555 1459 1581 non
1507 1544 1555 1582 ab
1598 1555 1638 1582 re
1682 1545 1830 1585 Caesar
1875 1548 2082 1598 Augustus

1122 1607 1284 1644 minima
1314 1606 1534 1653 commoda,
1566 1619 1642 1645 non
1677 1610 1838 1647 minimo
1880 1617 2083 1651 sectantes

1120 1668 1349 1707 discrimine
1375 1680 1604 1719 comparare
1636 1671 1787 1711 solebat
1816 1685 1935 1712 aureo
1966 1675 2081 1715 hamo

1120 1731 1390 1781 piscantibus,
1421 1732 1537 1784 cujus
1566 1733 1720 1784 abrupti
1751 1734 1940 1776 damnum
1974 1740 2077 1778 nulla

1119 1798 1283 1844 captura
1316 1797 1471 1844 pensari
1504 1802 1650 1845 posset.
1678 1799 1756 1837 Nec
1783 1799 1875 1838 illud
1902 1806 2078 1840 contem-

1122 1856 1296 1895 nendum
1316 1862 1389 1903 est,
1407 1858 1509 1908 quod
1531 1863 1916 1912 praeterquamquod
1939 1876 1959 1902 a
1982 1865 2081 1904 bono

1123 1921 1250 1958 vicino
1283 1920 1376 1958 nihil
1410 1921 1498 1959 mali
1531 1925 1741 1971 provenit3
1772 1926 1889 1963 etiam
1913 1926 1947 1964 id
1974 1938 2083 1967 asse-

1121 1983 1256 2032 queris
1286 1987 1330 2022 ut
1360 1984 1478 2022 rebus
1508 1986 1587 2022 tuis
1617 1985 1799 2025 adversis
1828 1988 2003 2029 subitum
2026 1992 2081 2029 ai-

1124 2046 1274 2084 feratur
1302 2047 1508 2085 auxilium.
1539 2046 1626 2085 Sola
1657 2050 1761 2086 enim
1790 2051 1971 2089 vicinitas
1998 2065 2083 2103 per·

1122 2119 1239 2159 saepe
1271 2108 1306 2146 id
1350 2110 1489 2156 efficit,
1531 2109 1634 2160 quod
1671 2111 1777 2150 nulla
1823 2116 2079 2162 pecuniarum

1122 2171 1334 2221 longinqua
1367 2173 1428 2208 vis
1458 2172 1694 2222 praest.1bit;
1721 2177 1764 2211 ut
1790 2178 1955 2224 taceam,
1977 2179 2081 2227 quod

1121 2245 1224 2283 quae
1255 2234 1388 2284 procul
1428 2233 1603 2282 distant,
1648 2247 1689 2274 re
1736 2240 1960 2286 transacta,
2005 2241 2084 2280 fere

1121 2295 1233 2333 nobis
1262 2296 1520 2346 opitulantur.
1552 2297 1686 2336 Danda
1712 2304 1786 2337 erit
1810 2301 1926 2348 igitur
1950 2313 2081 2351 opera,

1122 2362 1164 2396 ut
1195 2358 1226 2396 si
1259 2369 1334 2396 non
1368 2369 1518 2404 omnes,
1552 2358 1740 2408 majorem
1779 2362 1919 2400 saltem
1965 2364 2084 2402 finiti-

1121 2431 1276 2458 morum
1304 2425 1455 2470 partem
1480 2420 1547 2458 tibi
1573 2421 1788 2460 devincies.

1172 2483 1229 2521 Ad
1255 2483 1424 2521 tuendas
1439 2486 1556 2522 etiam
1584 2485 1762 2523 fortunas
1787 2490 1878 2524 tuas
1907 2488 2079 2528 maxime

1120 2546 1317 2585 conducet
1347 2550 1427 2584 tam
1473 2546 1520 2585 ad
1566 2547 1824 2596 inferendam,
1869 2561 1987 2599 quam
2033 2551 2079 2590 ad

1122 2609 1430 2660 propulsandam
1464 2608 1663 2658 injuriam,
1694 2612 1798 2648 omni
1838 2624 1982 2662 genere
2027 2618 2082 2653 te-

1122 2672 1262 2717 lorum,
1293 2683 1590 2723 armorumque,
1621 2685 1691 2712 nec
1723 2685 1798 2712 non
1830 2674 2076 2724 balistarum,

1121 2739 1160 2773 et
1178 2739 1466 2773 tormentorum
1486 2735 1675 2775 refertum
1698 2736 1840 2775 habere
1856 2748 2080 2778 armamen-

1121 2798 1279 2836 tarium.
1309 2798 1404 2836 Nam
1434 2808 1526 2836 cum
1570 2809 1614 2836 ea
1660 2800 1874 2838 maximam
1918 2801 2079 2852 imperio

1121 2864 1186 2899 tuo
1216 2865 1256 2898 et
1277 2862 1572 2907 auctoritatem,
1593 2865 1633 2899 et
1659 2862 1822 2900 tutelam
1846 2863 2077 2913 praebeant3

1120 2923 1272 2961 nullum
1305 2927 1436 2961 tamen
1469 2934 1490 2960 a
1529 2928 1566 2960 te
1607 2929 1903 2968 commeatum,
1949 2926 2078 2964 nullos

1118 2990 1304 3035 sumptus
1340 2986 1530 3033 exigunt-3
1572 2996 1745 3035 cumque
1786 2986 1977 3025 adsersus
2021 2999 2080 3026 re-

1120 3048 1303 3098 pentinos
1326 3047 1523 3090 incursus,
1550 3047 1829 3096 tumultusque
1856 3050 2078 3097 Intestinos,

1121 3111 1233 3161 quasi
1265 3110 1532 3148 certissimum
1567 3109 1808 3159 praesidium
1840 3110 1906 3148 tibi
1933 3121 2078 3162 suppe—

1121 3173 1260 3219 ditent,
1291 3173 1444 3210 etiamsi
1471 3174 1535 3222 qui
1558 3173 1650 3219 sint,
1675 3174 1740 3223 qui
1767 3171 1868 3210 mala
1891 3174 2077 3223 cogitent,

1122 3236 1260 3274 harum
1292 3247 1423 3273 rerum
1456 3239 1604 3273 terrore
1634 3239 1895 3273 coercentur:
1940 3238 2078 3275 amicis

1121 3309 1228 3343 vero,
1259 3299 1455 3348 sociisque
1487 3309 1561 3335 non
1596 3296 1831 3335 mediocrem
1863 3296 2001 3336 eadem
2034 3300 2077 3338 ii-

1122 3361 1276 3398 dueiam
1308 3360 1508 3398 exhibent.
1533 3360 1667 3409 ltaque
1692 3360 1722 3395 si
1749 3358 1842 3408 quid
1868 3361 1961 3398 mihi
1987 3360 2076 3399 fidei
