2517 4009
808 205 1424 246 riiAEl'osiTlx'le

105 282 306 320 dissertat.
335 279 385 319 de
416 279 502 317 Vita
529 276 692 316 Possidii
712 309 721 325 ,
748 279 892 316 ltoniae
918 278 1011 317 1731
1037 278 1073 315 8.

104 344 202 382 Vide.
232 343 329 382 Acta
360 340 618 379 Eruditorum
654 341 754 390 Lips.
795 340 909 379 1731.
942 352 976 390 p.
1011 340 1072 378 18.

105 406 316 446 Sermones
344 402 399 442 ad
419 401 575 455 fratres
607 402 646 440 in
675 413 806 441 eremo
831 403 904 453 ipsi
930 413 1074 453 suppo-

104 470 169 507 siti
195 471 293 507 sunt
319 466 370 504 ib.
392 477 480 516 pag.
505 465 569 504 21.
593 465 779 504 Nonnulli
800 463 1073 503 possidonium

96 534 268 577 vocant,
293 540 419 578 quum
442 532 575 565 tamen
602 527 749 566 diversi
775 531 881 576 sint,
909 527 946 564 in
972 526 1074 564 Con-

44 616 48 617 ν
103 591 192 630 cilio
212 591 442 630 Milevitano
464 590 582 627 simul
609 594 880 628 occurrentes.
910 589 950 626 ln
974 587 1070 625 Bibl.

105 653 334 692 monasterii
380 652 739 691 lleilsbrunnensis
783 651 917 690 Codex
957 650 1073 689 adest

102 716 180 755 MS.
208 714 541 754 membranaceus
561 744 568 762 ,
589 716 657 765 qui
683 714 732 753 ab
756 713 874 752 editis
900 713 1070 751 multum

103 777 235 818 differt
263 782 368 815 teste
407 776 581 815 Hockero
612 788 698 828 pag.
731 777 794 815 52.
826 775 924 814 Vide
953 774 1075 814 Isido-

102 851 191 879 rum
222 843 262 877 et
291 839 558 877 Trithemium
591 838 639 877 de
678 839 822 888 Script.
854 838 1008 876 Eccles.
1039 848 1072 875 c.

103 901 141 940 8.
172 905 214 940 et
245 900 334 941 127.
367 902 466 940 item
512 901 610 939 Phil.
648 901 766 940 Elssii
812 901 1078 939 Encomiasti-

102 975 176 1003 con
208 963 551 1015 Augustinianum
583 975 671 1015 pag.
702 963 792 1001 592.
826 963 957 1001 Vitam
987 962 1076 1012 ejus

103 1037 152 1065 ex
184 1026 399 1076 Augustini
431 1025 620 1077 operibus
652 1030 693 1064 et
724 1026 806 1063 vita
831 1025 990 1075 collegit
1016 1025 1078 1063 In-

105 1089 317 1128 nocentius
343 1088 628 1128 Keferloherus
653 1089 750 1127 Can.
772 1089 865 1137 Reg.
891 1088 1078 1126 Diessen-

104 1153 160 1190 sis
198 1153 234 1189 in
283 1153 449 1190 Bavaria
494 1151 687 1189 Abbatiae
733 1151 944 1196 Decanus,
975 1160 1077 1199 quae

106 1218 242 1252 exstat
274 1215 311 1251 ivn
343 1213 458 1251 Actis
488 1213 729 1251 Sanctorum
761 1216 856 1249 tom.
888 1211 953 1249 IV.
988 1210 1077 1260 Maji

105 1287 190 1326 pag.
223 1276 286 1314 29.
321 1275 386 1313 ubi
416 1274 553 1312 confer
582 1274 927 1312 Commentariurn
967 1284 1080 1322 prae-

106 1339 218 1376 vium
250 1332 346 1375 Dan.
379 1334 634 1386 papebrochii
666 1346 752 1385 pag.
785 1333 850 1372 27.

170 1399 192 1421 *
236 1398 463 1437 indiculum
509 1397 702 1436 librorum
754 1396 791 1434 S.
838 1397 1078 1446 Augustini,

111 1473 234 1512 quem
264 1460 470 1499 possidius
515 1460 639 1507 texit,
688 1460 813 1498 multo
859 1459 1076 1509 pleniorem

105 1536 227 1574 quam
260 1524 397 1562 ferunt
426 1522 532 1561 edita
564 1533 614 1560 ex
644 1522 726 1561 MS.
752 1522 971 1560 Veronensi
1003 1522 1079 1559 Co-

104 1587 192 1625 dice
223 1585 503 1625 vetustissimo
531 1584 644 1636 legas
674 1595 873 1623 excusum
900 1585 1078 1622 Venetiis

107 1659 185 1687 una
209 1659 302 1687 cum
328 1647 479 1698 duplici
502 1647 540 1686 S.
567 1647 788 1698 Augustini
820 1647 989 1696 epistola
1022 1659 1081 1684 re-

107 1721 205 1749 cens
237 1711 274 1748 in
304 1709 566 1748 Godwicensi
597 1710 788 1748 Austriae
818 1708 988 1747 Abbatia
1020 1721 1079 1747 re—

110 1777 225 1824 perta
256 1773 436 1811 Venetiis
468 1783 532 1810 an.
567 1772 686 1811 4735.

163 1834 531 1883 POSTUMIANUS,
562 1834 794 1883 Monachus
815 1835 965 1872 Severo
987 1834 1076 1872 Sul-

110 1899 205 1948 pitio
237 1899 274 1934 in
308 1898 390 1935 vita
421 1897 459 1935 S.
504 1898 661 1935 Martini
709 1901 983 1946 memoratus),
1014 1898 1076 1935 cui

110 1961 215 1998 vitae
239 1959 395 2009 aliquae
417 1958 537 2006 (haud
556 1958 741 1997 diversae
762 1960 811 1998 ab
835 1958 954 1996 editis
975 1960 1078 2009 apud

108 2021 366 2060 Rosweidum
400 2020 499 2059 libro
531 2020 724 2068 secundo)
770 2022 1004 2060 tribuuntur
1045 2023 1080 2059 in

112 2083 353 2134 quibusdam
384 2083 493 2122 MSS.
524 2087 630 2121 teste
669 2082 809 2121 eodem
855 2083 1083 2122 Rosweido.

113 2148 218 2186 Haec
247 2146 453 2185 Fabricius
483 2145 580 2185 Bibl.
611 2146 786 2184 Graecae
809 2150 836 2183 t.
866 2147 931 2185 lX.
959 2157 994 2196 p.
1023 2146 1082 2183 33.

164 2209 445 2257 POTAMlUS,
476 2209 704 2259 Episcopus
732 2206 1085 2258 Ulyssiponensis‚

114 2273 288 2322 primum
319 2271 575 2318 Catholicus‚
608 2275 700 2321 post
723 2270 921 2317 Arianus,
948 2269 997 2308 de
1021 2281 1090 2309 cu-

109 2332 178 2383 jus
206 2333 328 2372 rebus
358 2333 450 2371 vide
480 2334 676 2373 Caveum.
699 2333 851 2371 Exstat
872 2331 962 2382 ejus
996 2331 1092 2382 Epi-

114 2393 216 2434 stola
245 2393 300 2432 ad
328 2393 596 2433 Athanasium
624 2399 654 2434 t.
686 2396 732 2433 ΙΙ.
777 2396 977 2445 Spicilegii
1017 2395 1092 2434 Da-

112 2457 316 2503 cheriani‚
355 2455 450 2494 edit.
490 2468 624 2495 novae
654 2461 749 2494 tom.
783 2458 847 2495 Ill.
881 2468 966 2508 pag.
999 2457 1089 2495 299.

17 2571 45 2585 .-
112 2520 316 2558 Potamius
346 2522 486 2557 contra
511 2518 728 2570 perfidiam
761 2518 880 2556 Arrii
902 2519 997 2556 MSt.
1025 2530 1094 2556 ex—

114 2576 205 2620 stat'
223 2582 261 2619 in
293 2580 394 2619 Bibl.
427 2583 657 2618 monasterii
691 2582 730 2619 S.
770 2580 930 2618 Vedasti
976 2580 1094 2618 Atre-

112 2643 317 2690 batensis,
347 2645 453 2681 teste
484 2641 576 2680 Ant.
609 2643 787 2681 Sandero
817 2643 854 2680 in
878 2642 978 2680 Bibl.
1002 2641 1090 2679 Bel-

113 2708 200 2758 gica
229 2705 503 2755 manuscripta
534 2716 624 2756 pag.
661 2706 727 2744 63.

169 2766 360 2815 ΡΟΤΗΟ,
390 2767 607 2817 Presbyter
637 2772 677 2805 et
707 2766 928 2806 Monachus
955 2776 1094 2803 mona—

116 2830 227 2868 sterii
259 2830 644 2879 Prunveningcnsis⁷
662 2841 769 2868 nunc
787 2829 1089 2878 Pristingensis,

117 2902 239 2942 prope
267 2890 553 2938 Ratisbonam,
583 2891 747 2930 Ordinis
778 2892 816 2930 S.
861 2890 1090 2936 Benedicti,

119 2953 186 3002 qui
216 2951 361 2990 Secuto
390 2952 478 2989 XII.
508 2952 666 2991 claruit.
712 2954 882 3003 Scripsit
929 2950 1091 2990 Librum

120 3012 167 3052 de
195 3010 408 3051 miraculis
436 3013 606 3051 Sanctae
637 3014 711 3053 Dei
747 3014 964 3053 Genz'tricis
1012 3014 1095 3051 Ma-

120 3075 237 3123 riae,
268 3072 371 3124 {luae
403 3084 484 3112 una
512 3084 604 3113 cum
637 3075 838 3125 Anonymi
887 3077 1092 3114 Minoi-itae

119 3137 364 3177 Viennensis
389 3134 474 3173 Vita
499 3135 660 3186 Aynetis
685 3135 954 3183 Blanbeclcin,
979 3138 1095 3174 Vien-

123 3211 198 3239 nae
227 3199 273 3238 A.
305 3198 421 3238 1731.
452 3198 656 3236 sumtibus
691 3199 793 3235 Petri
826 3197 993 3236 Conradi
1019 3200 1096 3235 Mo-

125 3261 276 3309 nathii,
308 3260 432 3299 edidit
463 3261 558 3298 Rev.
589 3259 817 3298 Bernardus
845 3261 944 3303 Pez,
971 3262 1096 3297 Benc—

126 3323 303 3362 dictinus
323 3327 361 3360 et
378 3322 620 3361 Bibliotheca
631 3323 712 3360 rius
732 3321 969 3360 mellicensis
983 3321 1093 3358 Liber

2113 66 2133 81 Ο

2040 208 2118 246 315

1151 286 1246 313 vero
1278 276 1414 313 statim
1448 274 1664 312 rarioribus
1695 273 1988 314 adnumeratus
2019 275 2118 324 fuit,

1154 338 1246 387 quia
1277 338 1517 375 auctoritate
1549 335 1724 375 Illustris
1754 337 1924 375 Comitis
1952 338 2120 376 Sinzen-

1149 400 1288 446 dorni,
1319 404 1359 437 et
1389 398 1563 437 Consilio
1595 400 1646 436 Pii
1679 400 1824 438 Nicolai
1864 400 2025 439 Garellii
2058 401 2119 438 Bi-

1148 463 1370 502 bliothecae
1402 454 1623 499 Caesareae
1655 461 1847 500 Praefecti
1879 461 2118 512 prohibitus,

1149 529 1189 562 et
1219 525 1402 574 exempla
1432 524 1564 562 omnia
1594 523 1827 574 bibliopolae
1852 529 1949 563 sunt
1973 524 2120 563 ablata.

1151 588 1264 626 Varia
1293 588 1400 624 enim
1433 587 1470 623 in
1505 590 1676 635 utroque
1703 585 1800 623 libro
1825 586 1991 635 adsunt,
2017 599 2119 638 quae

1151 650 1255 699 ipsos
1276 659 1436 698 quoque
1460 647 1686 686 Pontificios
1708 647 1924 686 laederent.
1945 661 2030 700 cap.
2057 650 2122 689 36.

1149 711 1271 749 Potho
1317 715 1453 748 narrat
1483 709 1531 747 de
1578 709 1751 758 quadam
1797 710 2010 750 Abbatissa
2048 713 2122 750 im—

1151 777 1396 825 praegnata⁷
1427 783 1550 822 quain
1580 783 1677 809 vero
1727 774 1999 822 poenitentem
2043 774 2122 813 duo

1150 837 1290 888 Angeli
1322 847 1343 874 a
1374 836 1494 873 Maria
1527 835 1670 882 missi,
1701 834 1929 873 obstetricis
1974 848 2122 875 munus

1152 901 1190 937 in
1222 911 1265 938 se
1295 896 1551 948 recipiendo,
1582 896 1631 934 ab
1660 907 1780 934 onere
1807 897 2055 946 graviditatis
2080 898 2125 936 li-

1151 963 1372 1009 berarunt,
1413 970 1668 1010 puerumque
1707 961 1901 997 eremitae
1947 961 2128 998 nutrien-

1151 1024 1248 1063 dum
1280 1021 1545 1062 tradiderunt.
1578 1022 1622 1059 In
1651 1023 1735 1059 vita
1768 1032 1862 1059 vero
1883 1021 2051 1071 Agnetis
2076 1022 2125 1060 de

1153 1087 1360 1137 praeputio
1392 1085 1539 1124 Christi
1568 1095 1645 1122 non
1674 1083 1811 1134 putida
1839 1084 1968 1122 solum
1995 1088 2037 1123 et
2058 1095 2126 1124 su-

1152 1149 1407 1198 perstitiosa,
1439 1146 1510 1185 sed
1541 1151 1581 1183 et
1625 1156 1790 1196 prorsus
1821 1147 1940 1196 impia
1976 1146 2127 1184 haben—

1153 1215 1230 1248 tur.
1263 1211 1317 1247 De
1348 1221 1427 1259 qua
1459 1220 1500 1247 re
1532 1208 1719 1246 consulat
1750 1209 1892 1246 Lector
1922 1206 2130 1246 Hardiani

1153 1271 1287 1309 Pon-tei
1313 1271 1537 1320 Epistolam
1569 1269 1616 1308 ad
1649 1270 1833 1308 Amicum
1859 1301 1867 1318 ,
1892 1281 1971 1320 qua
2003 1270 2127 1308 histo-

1155 1336 1209 1372 ria
1241 1334 1327 1371 libri
1359 1331 1481 1382 hujus
1508 1322 1668 1369 rarioris
1686 1333 1926 1381 exponitur,
1959 1332 2130 1370 Francos

1156 1400 1196 1434 et
1227 1395 1404 1445 Lipsiae,
1438 1399 1479 1431 ut
1510 1393 1655 1431 titulus
1700 1393 1903 1442 praefert,
1936 1394 2051 1432 4735.
2089 1395 2124 1430 8.

1154 1457 1310 1496 duabus
1342 1456 1514 1507 plagulis
1545 1454 1710 1493 editam.
1744 1455 1827 1493 Sub
1859 1454 1980 1493 finem
2004 1466 2131 1493 anne-

1153 1519 1449 1567 ctuntur-Pezii
1474 1517 1652 1568 Epistola
1676 1517 1724 1556 ad
1751 1517 1996 1565 Garellium,
2022 1528 2125 1566 quae

1153 1584 1201 1622 de
1232 1583 1305 1621 hoc
1338 1583 1497 1631 negotio
1529 1581 1816 1631 conqueritur,
1850 1591 1922 1618 nec
1953 1591 2030 1617 non
2072 1592 2132 1618 re-

1154 1646 1316 1696 sponsio
1357 1643 1543 1691 Garellii‚
1575 1654 1668 1681 cum
1712 1641 1856 1680 iudicio
1903 1641 2129 1690 elaborata,

1154 1718 1257 1758 quae
1289 1709 1421 1757 ipsum
1453 1707 1612 1743 saniora
1647 1704 1802 1742 edocet.
1827 1703 1941 1742 Adde
1964 1704 2133 1743 Relatio-

1156 1781 1227 1807 nes
1258 1771 1453 1806 innocuas
1483 1768 1559 1805 An.
1594 1766 1712 1805 1731.
1740 1777 1826 1816 pag.
1859 1765 1948 1805 317.

1207 1831 1306 1883 Ejus
1337 1832 1457 1869 etiarn
1486 1833 1584 1868 sunt
1610 1829 1694 1867 libri
1722 1829 1764 1866 V.
1790 1828 1836 1866 cle
1860 1832 1969 1867 statu
1993 1828 2132 1867 (lomus

1155 1894 1229 1932 Dei
1254 1898 1294 1931 et
1340 1893 1484 1931 unicus
1513 1890 1560 1930 de
1589 1890 1701 1928 domo
1743 1890 1962 1942 sapientiae
1981 1921 1990 1939 ,
2029 1902 2131 1941 quos

1160 1956 1237 1994 huc
1271 1965 1399 2005 usque
1430 1955 1590 1992 nomine
1623 1953 1811 1991 Pothonis
1835 1952 2003 1991 Abbatis
2035 1955 2129 1993 Pru-

1160 2019 1325 2057 miensis
1356 2019 1393 2054 in
1424 2016 1596 2055 dioecesi
1640 2016 1868 2054 Trevirensi
1916 2015 2130 2054 ediderunt

1161 2082 1334 2131 primum
1381 2081 1589 2129 Haganoae
1636 2077 1753 2118 1532.
1798 2083 1888 2129 post
1922 2080 1958 2116 in
1990 2079 2134 2116 Biblio-

1163 2143 1294 2180 thecis
1326 2143 1488 2180 Patrum
1519 2141 1732 2191 aliquoties
1764 2142 2025 2191 repetierunt.

1218 2207 1404 2243 Fortasse
1438 2204 1546 2241 illius
1595 2214 1756 2253 quoque
1795 2207 1892 2241 sunt
1934 2203 2136 2253 Anonymi

1165 2267 1455 2317 prufflingensis
1472 2264 1518 2303 de
1540 2266 1581 2304 S.
1609 2263 1846 2303 Erminoldo
1866 2263 2019 2302 Abbote
2035 2266 2138 2303 Pru-

1163 2327 1350 2380 flae'nyensz'
1391 2328 1476 2366 libri
1523 2327 1628 2374 duo,
1660 2338 1761 2377 quos
1799 2327 1984 2365 Cauisius
2013 2327 2137 2366 edidit

1168 2397 1264 2430 tom.
1296 2392 1342 2429 ll.
1373 2391 1539 2440 Antiqu.
1573 2391 1678 2427 Lect.
1711 2388 1898 2427 editionis
1928 2400 2069 2427 novae.

1221 2452 1683 2499 PRAEDESTINATUS‚
1715 2451 1797 2489 vid.
1828 2451 2109 2490 PRIMASIUS.

1222 2514 1632 2561 PRAEPOSITWUS,
1664 2514 1824 2551 natione.
1864 2513 2134 2555 Lombardus,

1167 2577 1216 2616 ab
1245 2577 1428 2615 Alberico
1454 2575 1515 2624 (ad
1545 2575 1621 2613 An.
1648 2574 1777 2621 1217.)
1808 2574 1954 2612 dicitur
1977 2575 2042 2611 vir
2065 2575 2137 2612 mi-

1166 2636 1338 2682 rabilis,
1370 2638 1512 2675 fecisse
1544 2636 1708 2687 optimos
1735 2636 1944 2674 Sermones
1974 2638 2014 2672 et
2038 2646 2137 2685 qua-

1169 2700 1282 2738 sdam
1314 2697 1503 2737 Postillas
1536 2697 1846 2737 Sententiarum.
1880 2698 2036 2735 Primus
2073 2698 2136 2736 ille

1168 2763 1296 2801 Odoni
1337 2763 1534 2812 Episcopo
1567 2762 1744 2799 Parisino
1771 2759 1953 2809 juravit,
1986 2770 2028 2797 se
2058 2765 2138 2797 sta-

1167 2829 1328 2871 tutum,
1359 2823 1465 2874 quod
1498 2822 1547 2860 de
1578 2821 1799 2860 residentia
1825 2821 2058 2860 Cancellarii
2086 2822 2139 2859 ie-

1166 2892 1297 2935 cerat,
1327 2886 1655 2924 observaturum.
1688 2885 1776 2922 Fuit
1806 2888 1940 2922 autem
1972 2884 2138 2921 Cancel-

1168 2949 1291 2987 larius
1321 2949 1395 2986 An.
1432 2947 1548 2986 1207.
1578 2948 1679 2985 llaec
1720 2946 1892 2984 Bulaeus
1923 2947 1960 2982 in
1993 2946 2135 2983 Histor.

1171 3012 1354 3050 Univers.
1400 3010 1635 3047 Parisiensis
1680 3013 1774 3044 tom.
1820 3007 1884 3044 111.
1928 3018 2015 3057 pag.
2046 3007 2137 3045 706.

1169 3073 1319 3112 Eadem
1354 3073 1433 3109 sere
1479 3071 1597 3108 habs-t
1634 3069 1772 3108 Claud.
1818 3070 2059 3108 llemeraeus
2088 3069 2136 3107 de

1170 3133 1383 3172 Academia
1414 3134 1534 3170 Paris.
1569 3143 1651 3181 pag.
1677 3131 1764 3168 117.
1792 3132 1958 3169 Summa
1987 3130 2139 3170 Theolo-

1167 3195 1258 3245 9a'ca
1289 3193 1533 3233 Scholastica
1564 3205 1618 3231 ea?
1667 3191 1781 3231 dictis
1828 3194 1897 3232 SS.
1941 3195 2136 3242 Petrum,

1137 3252 1246 3295 'MS
1276 3261 1409 3294 exstat
1442 3256 1477 3291 in
1512 3255 1608 3292 Bibl.
1657 3255 1888 3292 monasterii
1935 3256 2138 3295 Dunensis

1175 3321 1212 3357 iii
1246 3317 1453 3363 Flandria,
1487 3322 1588 3354 teste
1621 3318 1711 3355 Ant.
1757 3317 1934 3356 Sandero
1966 3320 2002 3356 in
2040 3319 2134 3358 Bibl.
