2517 4009
935 209 1331 253 WHITLOCK

99 296 201 337 quae
222 286 334 326 Heito
367 285 590 338 Episcopus
613 290 654 325 et
675 286 810 328 Abbas
843 287 1058 338 Augiensis

101 350 299 400 prosaice,
333 349 401 400 (v.
426 359 545 400 supra
582 350 761 399 ΗΕΙΤΟ)
789 352 953 390 metrice
989 362 1059 390 au-

102 415 183 450 tem
205 411 444 451 walafridus
465 411 635 452 Strabus
661 413 974 465 descripserunt.
996 413 1058 452 Ni-

102 473 155 512 hil
198 475 369 526 scripsit,
411 474 515 525 quod
562 474 640 515 huc
681 487 809 527 usque
855 477 1057 527 cognitum

105 537 185 586 sit,
222 538 370 577 mentio
413 541 549 577 autem
597 539 702 579 illius
741 539 826 579 ideo
869 540 1059 590 injicitur,

108 600 200 652 quia
225 599 428 640 Arnoldus
447 602 565 640 Wion
591 602 629 640 in
658 603 778 654 Ligno
804 601 916 642 Vitae
941 603 988 641 ll.
1011 601 1059 641 79

101 674 194 703 eum
212 663 338 715 primo
355 663 601 705 Canonicum
618 665 658 705 S.
672 665 900 717 Augustini,
917 663 1061 703 deinde

101 727 321 766 Metensem
358 726 398 767 S.
434 727 632 767 Vincentii
675 727 916 767 monachum
956 726 1061 774 facit,

101 800 221 840 quem
247 788 482 840 Uquecinum
507 795 636 838 vocat,
657 790 858 830 hominem
890 790 999 841 pium
1024 793 1064 828 et

102 857 311 903 sanctum,
336 853 441 905 quod
477 866 526 894 ex
550 855 758 903 Tractatu‚
780 865 900 905 quem
935 851 985 892 de
1006 852 1064 891 vi-

103 917 214 956 sione
239 927 310 956 sua
332 917 494 956 terribili
517 918 691 969 scripsit,
712 922 896 957 constare
922 917 1061 968 possit.

101 979 334 1020 Tractatum
361 991 455 1020 vero
481 980 591 1020 illum
619 982 657 1020 in
685 991 853 1033 persona
878 981 1061 1019 Fratrum

105 1042 345 1082 Metensium
384 1043 566 1083 invenire
600 1044 692 1083 licet
718 1045 755 1082 in
794 1043 906 1083 Libro
939 1043 1061 1081 trium

105 1106 281 1146 virorum
315 1110 356 1145 et
381 1107 501 1146 trium
533 1107 800 1159 spiritualium
839 1108 1061 1158 virginum,

102 1172 144 1208 et
166 1168 232 1208 lib.
270 1167 371 1209 Vlll.
405 1169 547 1209 Collat.
578 1169 862 1210 Predenbachii
887 1180 971 1221 cap.
998 1169 1062 1209 39.

102 1230 180 1271 Sed
207 1241 291 1270 rem
331 1236 456 1271 totam
497 1233 634 1273 multis
665 1233 799 1273 verbis
833 1232 980 1272 refutat
1004 1232 1061 1270 Jo.

102 1293 212 1345 Egon
250 1292 301 1333 de
333 1295 430 1334 viris
467 1295 691 1336 illustribus
731 1296 884 1347 Augias
926 1295 1064 1334 divitis

102 1356 151 1396 ll.
177 1356 203 1395 7
227 1354 345 1407 cujus
382 1359 502 1397 etiam
540 1359 674 1399 verbis
704 1359 766 1399 hic
811 1360 870 1399 usi
906 1370 1060 1399 sumus.

103 1418 301 1459 Observat
323 1420 430 1459 enim
456 1421 547 1468 ille,
574 1422 821 1473 ipsissimum
847 1433 938 1461 esse
963 1433 1063 1474 opus

103 1482 280 1521 Heitonis
309 1483 396 1522 sive
427 1484 608 1524 Hattonis
644 1485 854 1536 Episcopi,
889 1484 958 1523 sed
999 1486 1062 1524 cui

101 1544 326 1586 audaculus
346 1547 492 1598 aliquis
514 1552 754 1599 sequentem
777 1548 1062 1600 praefationem

101 1619 123 1647 e
162 1609 357 1650 cerebello
395 1621 467 1650 suo
506 1611 679 1650 effictam
719 1612 910 1652 attexuit:
959 1610 1064 1651 Visio

103 1670 286 1723 Uyuecini
299 1671 416 1724 prius
449 1673 661 1723 Canom’ci,
682 1677 820 1727 postea
850 1672 1060 1722 Monachz',

100 1745 220 1787 quam
245 1734 416 1776 ostendit
441 1735 504 1776 illi
533 1737 641 1777 Deus
670 1749 747 1790 per
779 1735 991 1789 Anyelum,
1028 1740 1067 1776 et

100 1808 224 1850 quam
248 1810 318 1839 nos
341 1799 512 1840 Fratres
531 1800 617 1853 ejus
640 1801 725 1852 ipso
747 1804 942 1840 narrante
962 1800 1063 1840 scri-

96 1860 264 1914 psimus,
287 1861 399 1903 servi
419 1863 549 1903 sancti
577 1862 767 1903 Vincentii
785 1863 970 1903 Metense's
992 1866 1061 1902 etc.

99 1921 212 1964 Adde
231 1925 451 1977 Magnoaldi
469 1926 700 1977 Ziegelbaur
718 1926 987 1977 Conspectum
1008 1926 1063 1965 rei

102 1985 305 2027 literariae
329 1987 425 2028 Ord.
450 1989 489 2028 S.
520 1988 724 2028 Benedicti
755 1994 854 2041 part.
882 1989 909 2028 1.
937 2001 974 2040 p.
1000 1988 1062 2028 93.

101 2047 265 2101 Pagium
288 2049 336 2090 ad
359 2062 394 2090 a.
411 2050 492 2091 824
518 2063 556 2091 n.
575 2051 642 2091 20.

156 2110 392 2154 Guilielmus
407 2113 692 2162 WHlTLOCK‚
710 2116 938 2156 Canonicus
952 2114 1065 2156 Lich-

103 2171 315 2222 feldensis‚
339 2173 611 2215 additamenta
635 2175 792 2227 collegit
811 2175 860 2215 ad
889 2176 1064 2216 Thomae

101 2234 152 2275 de
176 2236 438 2278 Chesterfield
460 2239 613 2279 Seriem
638 2239 924 2291 Episcopoium
953 2239 1065 2278 Lich-

103 2297 346 2340 t'eldensium
372 2305 412 2340 et
433 2301 798 2350 Coventrensium,
830 2303 878 2342 ab
898 2314 934 2342 a.
960 2301 1064 2342 1357

103 2372 232 2413 usque
251 2362 300 2402 ad
322 2375 356 2404 a.
383 2363 501 2405 1559.
528 2375 630 2416 quac
651 2364 820 2406 habetur
845 2367 883 2404 in
900 2364 1064 2417 Angliae

102 2423 248 2465 Sacrae
269 2425 479 2466 Whartoni
501 2431 597 2467 tom.
619 2427 648 2466 I.
673 2439 710 2479 p.
731 2426 769 2467 [ι.

155 2487 442 2540 WIBALDUS,
467 2490 554 2530 aliis
581 2487 827 2539 Guibaldus,
859 2487 1064 2533 Wiboldus

102 2554 144 2591 et
170 2549 428 2592 Guieboldus.
462 2553 568 2593 claro
598 2564 743 2604 genere
768 2551 872 2605 apud
899 2551 1064 2592 Leodios

103 2618 244 2662 natus,
264 2627 314 2655 ex
341 2616 540 2656 nobilibus
573 2617 727 2656 scilicet
760 2614 807 2655 de
828 2614 978 2655 Pratis.
1004 2614 1063 2654 Ab

101 2677 198 2729 ipsis
222 2679 474 2720 incunabulis
507 2681 544 2719 in
572 2680 815 2719 monasterio
836 2678 1061 2717 Stabulensi

101 2739 297 2782 educatus
311 2742 400 2790 fuit,
416 2741 560 2782 deinde
580 2742 628 2783 ad
651 2741 927 2782 Leodiensium
950 2740 1064 2780 selio-

102 2803 161 2843 las
184 2806 378 2856 perrexit,
403 2806 468 2846 ubi
501 2806 633 2846 adhuc
662 2818 698 2846 a.
735 2805 851 2845 1115.
877 2808 1063 2844 versatus

99 2872 175 2914 est,
199 2879 237 2907 a.
260 2868 365 2909 1117
386 2880 480 2909 vero
505 2869 554 2909 ad
582 2869 907 2909 walciodorense
931 2877 1065 2906 mona-

100 2932 268 2971 sterium
294 2943 338 2971 se
360 2933 543 2972 contulit.
567 2933 638 2973 Ubi
661 2932 819 2972 scholas
844 2933 926 2982 ipse
946 2931 1060 2978 rexit,

100 2992 226 3034 donec
243 2996 303 3035 ad
317 2994 406 3034 130.
423 2995 722 3036 stabulensium
741 2995 930 3040 Abbas,a.
948 2992 1063 3032 1136.

98 3055 400 3107 Casinensium,
425 3058 599 3110 denique
634 3071 668 3098 a.
709 3058 824 3098 1137.
851 3057 1063 3096 Corbeien-

98 3119 202 3158 sium
219 3125 380 3160 creatus
397 3126 471 3168 est,
488 3122 551 3162 ubi
569 3133 603 3160 a.
627 3121 728 3161 1158
746 3122 834 3160 fatis
850 3119 1059 3159 concessit.

108 3182 246 3234 Magna
290 3185 529 3224 auctoritate
570 3184 641 3224 fuit
683 3183 787 3236 apud
834 3180 1060 3221 Lolliarium

96 3245 193 3298 Imp.
219 3247 287 3298 qui
309 3259 400 3287 eum
429 3248 465 3286 in
484 3248 661 3299 Epistola
684 3260 733 3287 ex
759 3246 933 3286 archivis
954 3245 1061 3284 Casi-

102 3309 297 3349 nensibus
334 3321 356 3350 a
388 3310 612 3351 Mabillonio
655 3314 854 3363 protracta
895 3307 1061 3348 Romani

95 3370 254 3426 imperii
272 3371 677 3416 archicancellarium
701 3377 829 3414 vocat.
854 3372 999 3413 Exstat
1020 3371 1057 3411 in

2025 206 2103 247 609

1133 288 1214 326 vita
1236 286 1358 325 nostri
1380 297 1415 337 p.
1432 284 1521 325 165.
1538 283 1712 337 Negotiis
1732 294 1891 334 quoque
1907 281 2094 322 civilibus

1132 354 1172 388 et
1192 349 1346 388 bellicis
1382 349 1552 388 multum
1596 347 1788 386 interfuit.
1815 348 1867 385 De
1895 346 1975 384 vita
1999 344 2088 395 ejus

1133 412 1270 451 confer
1295 413 1394 450 Petri
1418 411 1575 450 Diaconi
1601 410 1824 450 Chronicon
1851 410 2096 449 Cassinense

1134 473 1200 513 lV.
1242 473 1317 514 42AE
1350 485 1461 525 seqq.
1507 473 1766 513 Schatenium
1804 473 1841 511 in
1876 470 2098 511 Annalibus

1137 535 1735 576 paderbornensibus.0mnium
1756 534 2097 574 veroindustriam

1137 604 1381 651 superarunt
1403 598 1520 638 Edm.
1555 600 1730 638 Martene
1755 603 1795 637 et
1821 598 1990 637 Ursinus
2022 596 2098 635 Du-

1138 661 1235 702 rand
1261 662 1326 713 qui
1351 666 1457 700 tomo
1484 662 1529 701 11.
1551 661 1806 701 Collectionis
1826 659 2097 712 amplissimae

1139 725 1268 764 Vitam
1289 724 1461 764 Wibaldi
1483 736 1503 764 a
1526 735 1562 775 p.
1599 722 1776 763 153-483
1808 724 1965 775 copiose
1992 721 2091 760 satis

1137 787 1404 827 elaborarunt.
1446 787 1570 826 Iidem
1610 787 1740 826 Duum
1776 787 1851 825 viri
1892 781 2093 836 Epistolas

1138 849 1226 901 ejus
1251 850 1474 890 CCCCXLI
1514 861 1562 889 ex
1610 848 1753 889 Codice
1778 848 2004 888 Stabulcnsi
2037 858 2099 884 σο-

1137 910 1299 964 γχρ“ονω
1320 913 1545 963 ediderunt,
1567 924 1587 952 a
1610 925 1647 964 p.
1670 911 1747 952 183
1768 923 1880 963 seqq.
1901 923 1992 951 cum
2019 910 2096 949 huc

1140 988 1267 1028 usque
1301 989 1379 1016 non
1418 977 1492 1016 nisi
1518 987 1597 1015 una
1637 975 1753 1015 fuerit
1778 974 1883 1013 edita
1922 978 2016 1012 tom.
2050 973 2095 1012 11.

1139 1040 1334 1092 Spicilegii
1367 1040 1603 1080 Dacheriani
1640 1051 1674 1090 p.
1700 1037 1779 1077 708
1809 1037 1901 1077 edit.
1943 1046 2097 1083 novae,

1138 1107 1178 1142 et
1203 1104 1240 1142 in
1279 1104 1391 1143 Actis
1429 1104 1669 1143 Sanctorum
1709 1106 1804 1140 tom.
1841 1102 1908 1140 111.
1946 1098 2095 1151 Aprilis

1139 1178 1175 1218 p.
1200 1166 1278 1206 807
1303 1166 1350 1206 ad
1385 1166 1671 1206 Theodericum
1707 1165 1903 1204 Abbatem
1930 1162 2098 1202 walcio-

1138 1230 1371 1278 dorensem,
1404 1241 1506 1282 quae
1542 1231 1580 1268 in
1611 1229 1685 1268 hac
1719 1228 1958 1269 Collectione
1983 1230 2097 1265 sexto

1139 1292 1223 1333 loco
1250 1295 1376 1344 posita
1402 1298 1476 1332 est.

1195 1356 1475 1401 WlBALDUS,
1493 1356 1707 1406 civis,post
1723 1366 1756 1394 a.
1775 1354 1864 1393 965.
1877 1354 2098 1404 Episcopus

1140 1419 1455 1465 Cameracensis,
1477 1418 1612 1457 Ottoni
1641 1419 1736 1468 Imp.
1763 1417 1980 1462 familiaris,
2007 1416 2102 1455 obiit

1138 1493 1174 1522 a.
1212 1483 1305 1522 969.
1343 1482 1512 1532 Scripsit
1549 1482 1764 1520 carminice
1803 1479 2030 1517 Tractatum
2054 1476 2099 1517 de

1138 1542 1238 1583 Alea
1274 1543 1461 1596 requiam·
1499 1548 1640 1583 contra
1676 1540 1815 1581 Aleam
1851 1539 2100 1587 secularem,

1140 1607 1204 1647 ubi
1237 1607 1286 1646 de
1325 1607 1543 1647 virtutibus
1579 1605 1837 1646 ChrIStianis:
1875 1605 1942 1655 qui
1967 1608 2102 1643 exstat

1139 1670 1178 1709 in
1209 1669 1388 1710 Historia
1420 1670 1711 1721 Episcoporum
1749 1668 2101 1708 Cameracensium

1137 1743 1229 1772 cum
1261 1738 1395 1772 annot.
1426 1731 1580 1784 Georgii
1613 1731 1851 1770 Colvenerii.
1874 1728 1987 1768 Adde
2018 1728 2100 1768 Val.

1138 1795 1321 1836 Andreae
1359 1795 1455 1835 Bibl.
1498 1794 1696 1846 Belgicam
1742 1805 1778 1844 p.
1820 1792 1897 1832 850
1940 1792 2102 1832 Swertii

1138 1857 1318 1898 Athenas
1350 1858 1530 1909 Belgicas
1567 1869 1603 1908 p.
1633 1856 1725 1896 706.
1752 1856 1848 1894 [list.
1885 1855 2100 1894 literariam

1139 1920 1285 1961 Galliae
1310 1926 1406 1960 tom.
1426 1921 1488 1961 vl.
1514 1933 1552 1973 p.
1578 1921 1668 1961 311.

1188 1983 1483 2033 WIBERTUS,
1529 1983 1846 2023 Archidiaconus
1897 1981 2097 2022 Tullensis

1140 2059 1220 2089 sec.
1244 2049 1314 2088 XI.
1341 2049 1502 2100 scripsit
1531 2047 1655 2087 Vitam
1690 2047 1827 2087 Leonis
1859 2047 1928 2087 IX.
1952 2047 2105 2099 Papae,

1139 2113 1206 2164 qui
1253 2112 1425 2163 primum
1462 2112 1685 2163 Episcopus
1715 2112 1917 2151 Tullensis
1962 2111 2103 2150 fuerat.

1140 2175 1254 2215 Edita
1277 2180 1340 2214 est
1378 2176 1551 2226 primum
1577 2187 1597 2214 a
1625 2175 1739 2214 Surio
1765 2174 1803 2214 d.
1830 2175 1878 2215 19
1912 2173 2036 2225 April.
2069 2177 2109 2210 et

1141 2238 1351 2278 Sirmondo
1385 2239 1507 2277 Paris.
1530 2238 1633 2277 1615
1658 2243 1774 2277 aucta
1796 2249 1890 2277 vero
1914 2242 1954 2276 et
1977 2247 2113 2276 emen-

1139 2301 1230 2341 data
1246 2313 1268 2341 a
1283 2300 1379 2340 God.
1399 2300 1650 2340 Henschenio
1670 2302 1707 2339 in
1731 2302 1844 2340 Actis
1863 2301 2100 2340 Sanctorum

1139 2369 1246 2403 tomo
1272 2364 1316 2403 ll.
1343 2363 1489 2414 Aprilis
1515 2376 1551 2415 p.
1578 2362 1664 2402 648.
1690 2364 1746 2402 Jo.
1769 2363 1991 2403 Mobillonio
2013 2363 2100 2402 Sec.

1139 2427 1203 2467 Vl.
1240 2425 1496 2466 Benedictino
1535 2431 1647 2478 parte
1684 2426 1722 2465 2.
1762 2437 1799 2476 p.
1838 2424 1901 2464 Ιι9.
1943 2426 2003 2463 J0.
2040 2425 2111 2463 Ge.

1138 2488 1317 2530 Eccardo
1343 2490 1381 2528 in
1409 2489 1712 2528 Probationibus
1736 2487 1944 2540 Originum
1982 2487 2112 2527 liabs-

1140 2553 1588 2604 burgo-Austriacarum
1615 2564 1703 2604 pag.
1730 2552 1819 2591 171.

1192 2616 1482 2663 WIBERTUS,
1512 2615 1732 2654 monachus
1769 2614 2017 2653 Villariensis
2060 2614 2096 2651 in

1139 2678 1363 2726 Brabantia,
1383 2676 1476 2717 Ord.
1506 2678 1799 2725 cisterciensis,
1827 2678 1985 2728 scripsit
2011 2675 2106 2729 Epi-

1138 2739 1278 2780 stolam
1301 2742 1493 2793 prolixam
1520 2740 1567 2780 ad
1587 2740 1622 2779 S.
1644 2740 1939 2792 Hildegardem,
1963 2741 1999 2778 in
2026 2750 2105 2790 qua

1140 2805 1211 2856 ipsi
1238 2805 1495 2854 quaestiones
1521 2804 1742 2843 XXXVIll.
1772 2804 1974 2854 proponit,
1999 2813 2101 2852 quae

1138 2878 1229 2906 cum
1256 2867 1521 2907 solutionibus
1551 2872 1714 2906 exstant
1741 2868 1843 2905 inter
1872 2878 1988 2917 opera
2023 2866 2100 2904 llil-

1138 2929 1335 2981 degardis.
1371 2931 1458 2970 Car.
1496 2930 1544 2969 de
1588 2930 1706 2969 Viscli
1745 2929 1793 2968 de
1833 2928 2101 2980 Scriptoribus

1138 2992 1231 3032 Ord.
1257 2993 1538 3032 Cisterciensis
1560 3006 1593 3044 p.
1621 2993 1712 3037 320,
1737 2992 1828 3032 321.

1191 3056 1506 3102 wlCBERTUS,
1532 3056 1593 3094 alii
1622 3053 1915 3094 IIwzerbertzem
1939 3059 2096 3103 vocant,

1138 3117 1312 3170 Anglus,
1341 3120 1462 3170 patria
1490 3120 1648 3166 Deirus,
1674 3120 1843 3169 primum
1873 3117 2097 3156 Canonieus

1138 3182 1421 3228 Eboraeensis,
1456 3181 1599 3219 deinde
1631 3183 1847 3220 Monachus
1876 3180 2097 3220 Benedicti-

1139 3255 1234 3289 nus,
1274 3255 1388 3294 porro
1420 3243 1551 3282 Abbas
1590 3243 1931 3283 wirinoutliensis
1952 3249 1991 3282 et
2031 3241 2097 3282 (li-

1137 3308 1346 3347 ruicensis.
1378 3305 1505 3357 Ajunt
1529 3318 1621 3347 eum
1650 3307 1690 3346 S.
1715 3307 1900 3346 Bonifacii
1936 3317 2091 3358 praece·

1137 3375 1291 3424 ptorem
1331 3371 1466 3412 fuisse.
1503 3370 1719 3423 Scripsisse
1752 3370 1898 3413 dicitur
1932 3369 1980 3411 dc
2016 3371 2100 3411 vica

1731 3452 1813 3493 228
