2566 4009
920 236 1394 277 MANFREDUS
2086 241 2136 280 15

148 315 203 351 sis
219 344 229 360 ,
254 313 355 350 circa
377 311 450 350 An.
478 310 578 350 4360
603 310 772 360 scriptor
800 306 988 360 Polyloqii
1011 310 1096 346 Sive

139 374 399 424 expositionis
445 371 728 410 vocabulorum
773 372 811 410 S.
857 371 1099 420 scripturae.

138 435 235 474 Vide
265 434 532 484 Waddingum
566 445 600 484 p.
633 434 723 471 246.

188 496 494 536 MANFREDUS
538 494 792 534 Vercellensi's
826 494 921 534 Ord.
963 493 1099 532 Praed.

136 560 240 598 circa
268 571 332 598 an.
363 559 479 598 4433.
513 560 549 596 in
582 558 765 608 partibus
803 555 1098 606 Longobardiae

138 622 346 659 nunciavit
375 621 642 671 propinquum
674 618 908 658 Antichristi
950 618 1100 657 adven-

138 687 225 722 tum
256 687 296 722 et
325 684 438 733 quasi
471 688 648 733 tempore
680 693 754 720 suo
785 686 894 719 esset
920 681 1099 727 futurus,

139 744 298 783 induxit
327 744 375 783 ad
408 744 480 783 hoc
515 755 610 783 suas
639 744 815 782 rationes
844 755 893 781 ex
925 743 1102 793 Scriptu-

138 808 219 853 ris‚
250 808 460 857 praecipue
490 818 538 845 ex
568 806 840 856 Apocalypsi:
884 805 974 843 inde
1000 805 1102 843 mul-

137 871 190 907 tis
209 869 257 907 ad
283 881 376 908 eum
401 867 698 907 confluentibus
724 872 864 906 auctor
890 859 964 906 'fuit
993 868 1099 905 tertii

137 930 298 970 Ordinis
323 929 604 968 Monachorum
631 934 671 967 et
695 929 922 968 Monialium
942 928 990 966 de
1012 940 1102 979 poe-

137 992 307 1029 nitentia
333 991 371 1029 S.
399 992 609 1029 Dominici.
629 990 726 1029 Vide
743 990 989 1029 Antoninum
1018 990 1103 1028 Flo-

137 1054 344 1090 rentinum
376 1064 559 1091 summae
576 1053 834 1091 historiarum
861 1054 909 1089 tit
926 1052 990 1090 22.
1016 1063 1101 1102 cap.

137 1113 173 1151 7.
197 1108 231 1164 §L
257 1114 293 1151 8.
320 1118 346 1151 t.
373 1114 395 1151 3
419 1125 455 1164 p.
484 1115 558 1152 494
584 1125 668 1164 seq.
696 1112 965 1152 Praedicabat
986 1115 1106 1152 BER-

135 1176 388 1215 NARDINUS
410 1176 444 1224 a)
461 1179 598 1214 contra
615 1187 703 1213 eum
721 1205 729 1222 ,
761 1186 933 1227 arquens
954 1175 1107 1227 factum

137 1236 247 1285 illud,
264 1241 303 1276 et
319 1236 562 1290 Manfredus
583 1242 723 1276 contra
739 1237 1049 1287 Beruardznum,
1067 1238 1106 1276 in

137 1298 340 1350 aliquibus
372 1299 577 1338 doctrinae
613 1310 712 1337 suae
752 1311 839 1337 eum
869 1299 1076 1349 suyillans.

191 1360 383 1400 Ne‘colaus
399 1361 761 1409 MANIACUTIUS,
779 1363 1004 1400 Canonicus
1019 1363 1101 1400 ord.

139 1425 178 1462 S.
209 1425 423 1474 Augustini
469 1425 690 1475 regularis,
722 1425 1005 1462 Lateranensis
1034 1427 1106 1463 Ba-

140 1485 288 1533 silicae,
318 1487 421 1524 circa
447 1497 511 1524 an.
535 1487 652 1525 4480.
678 1487 839 1536 scripsit
870 1485 1106 1537 Cataloyurn

141 1547 378 1600 Pontificum
392 1550 413 1587 a
425 1550 539 1586 Petro
554 1548 744 1599 Apostolo
762 1548 810 1587 ad
827 1548 1102 1589 Alexandrum

139 1611 204 1648 llI.
232 1611 417 1649 versibus
443 1610 689 1649 hexametris
712 1611 898 1649 Leoninis
920 1612 1043 1662 Incip.

192 1682 224 1711 Si
241 1683 291 1713 vis
304 1680 486 1713 Pontifices
503 1684 671 1713 Romanae
689 1690 826 1713 noscere
847 1681 937 1713 sedis
958 1704 966 1712 .

194 1730 409 1764 Carminibus
427 1734 550 1763 nostris
572 1731 728 1771 perlectis
747 1733 833 1763 scire
853 1731 994 1763 valebis.

193 1790 329 1829 Edidit
357 1791 552 1830 Onufrius
591 1792 810 1830 Panvinius
841 1792 878 1828 in
909 1794 1106 1828 annotatt.

143 1853 233 1893 270.
264 1857 305 1890 et
333 1846 477 1891 Daniel
502 1853 795 1904 Papebrochius
819 1864 911 1891 cnm
935 1854 1041 1890 notis
1068 1853 1104 1890 in

141 1915 358 1966 propylaeo
385 1914 474 1953 Act.
504 1915 742 1954 Sanctorum
776 1914 864 1964 Maji
895 1916 1036 1966 pagina
1073 1915 1104 1964 διε>

145 1976 209 2017 27.
232 1978 346 2016 Hunc
388 1977 625 2029 Catalogum
669 1976 834 2017 Nz‘colao
867 1978 1108 2016 Montacutio

145 2039 274 2090 Anglo
302 2041 406 2078 circa
437 2039 510 2078 An.
545 2040 646 2078 4466
685 2040 792 2078 claro
817 2041 986 2090 gpraeter
1024 2052 1108 2078 rem

149 2102 288 2141 tribuit
317 2103 474 2141 Pitseus
506 2114 541 2153 p.
560 2101 650 2141 657.
669 2107 709 2141 et
733 2107 827 2141 ante
852 2113 943 2140 eum
967 2102 1111 2141 Baleus

148 2165 248 2202 VIII.
278 2165 341 2204 25.
373 2165 472 2203 Vide
502 2169 543 2203 et
572 2164 780 2204 Oudinum
820 2168 847 2201 t.
880 2165 902 2202 3
928 2176 965 2214 p.
989 2165 1111 2203 2696.

201 2223 367 2264 Anicius
389 2227 612 2265 MANLIUS
640 2227 866 2277 Torquatus
895 2226 1113 2265 Severinus

149 2286 365 2326 Boethius:
390 2289 519 2339 Supra
537 2319 545 2338 ‚
563 2288 838 2327 BOETHIUS.
858 2293 886 2326 t.
908 2290 943 2327 4.
968 2300 1004 2338 p.
1021 2289 1111 2327 233.

198 2347 371 2388 Jacobus
399 2350 638 2400 MANLIUS.
684 2351 837 2401 Supra,
880 2349 1110 2390 JACOssUs

152 2411 410 2460 Brigantinus
438 2415 534 2449 torn.
566 2412 629 2450 lV.
659 2424 744 2462 pag.
776 2412 871 2451 298.

205 2471 427 2511 MANLIUS
454 2471 594 2511 Rallus
615 2473 664 2510 ad
694 2485 814 2521 quem
837 2474 893 2511 Jo.
918 2474 1113 2511 Jovianus

154 2534 357 2571 Pontanus
386 2533 484 2570 libro
514 2533 550 2571 2.
582 2534 980 2581 Hendeeasyllabon:

290 2592 388 2624 Manli
413 2591 551 2625 deliciae
573 2595 673 2625 Attici
699 2594 826 2633 leporls

290 2644 397 2681 Atque
420 2642 510 2673 idem
533 2643 668 2674 Latinae
693 2643 783 2682 lepos
811 2643 997 2674 camoenae
1014 2668 1023 2681 ‚

291 2692 414 2722 Cantas
440 2690 520 2722 dum
548 2695 679 2722 teneros
704 2693 872 2729 Lycinuae
899 2700 1029 2723 amores

289 2743 332 2772 Et
352 2742 410 2772 Coi
434 2743 586 2772 numeris
611 2741 712 2772 refers
736 2741 888 2772 Philotae
913 2746 979 2773 etc.

207 2791 336 2829 Lucas
358 2790 678 2830 MANNELLUS.
706 2796 800 2829 tom.
832 2792 893 2829 IV.
927 2803 962 2841 p.
990 2791 1082 2830 563.

210 2849 520 2889 MANSUETUS
562 2850 900 2901 Archiepiscopus
937 2850 1120 2889 Mediola-

158 2911 320 2958 nensis‚
351 2912 419 2961 qui
449 2916 587 2951 contra
617 2912 898 2951 Monothelitas
922 2912 997 2951 An.
1028 2912 1118 2950 679.

159 2971 366 3022 Synodum
411 2973 575 3022 habuit,
622 2974 657 3024 b)
703 2974 1024 3025 Synodicamque
1071 2974 1118 3012 ad

158 3034 468 3073 Constantinum
480 3035 738 3085 pogonatum,
752 3037 848 3087 Imp.
860 3036 1116 3076 CPolitanum

213 3191 248 3232 a)
270 3192 518 3223 Bernardinus
535 3191 702 3223 Senensis
718 3216 726 3223 .
750 3192 791 3224 de
814 3202 880 3232 quo
905 3202 1007 3233 supra
1036 3198 1118 3225 tom.

156 3241 172 3272 1
196 3249 270 3281 pag.
293 3241 366 3273 585.
393 3239 513 3272 Confer
534 3240 740 3279 Raynaldum
780 3243 820 3273 ad
861 3246 993 3274 Annum
1032 3243 1123 3274 1419.

159 3302 193 3324 n'
218 3291 396 3380 Iino-Confer
418 3341 557 3379 pagium
579 3339 620 3370 ad
642 3342 702 3370 An.
726 3340 798 3372 679.
824 3349 857 3373 n.
884 3343 933 3372 vl.
961 3349 1031 3381 seq.

1175 309 1309 355 misit,
1340 319 1442 358 quae
1472 319 1562 346 cum
1595 308 2065 358 Mansuetitexpositione
2093 312 2135 348 ii-

1174 370 1235 408 dei
1261 374 1394 408 exstat
1426 371 1462 407 in
1494 371 1614 408 tomis
1636 370 1902 409 Conciliorurn
1929 376 2022 410 ante
2046 377 2134 411 acta

1175 435 1313 470 sextae
1343 431 1493 481 Synodi
1540 431 1613 470 An.
1641 433 1731 471 580.
1760 436 1801 470 et
1837 435 2053 482 separatim
2085 445 2134 472 ex

1174 493 1318 533 Codiee
1360 494 1576 543 Anglicano
1615 495 1758 544 prodiit
1787 506 1878 534 cum
1925 496 2030 533 notis
2059 496 2136 533 Ge-

1175 555 1360 594 verhardi
1378 555 1691 603 Elmenhorstii,
1720 557 1841 608 Lugd.
1864 559 1948 596 Bat.
1978 558 2081 596 4618
2102 560 2136 595 4,

1230 616 1448 655 Gualterus
1472 618 1649 656 MAPES.
1669 619 1795 669 Supra
1819 623 1915 657 tom.
1934 619 1968 657 3.
1990 631 2027 669 p.
2048 621 2138 658 440.

1231 680 1486 718 MAPHAEUS
1522 679 1659 730 Veyius
1689 691 1736 718 ex
1775 680 1909 719 Laude
1955 680 2139 731 Pompeja

1178 741 1399 780 Laudensis
1415 772 1425 789 ,
1452 741 1620 780 Insuber
1642 771 1649 789 ,
1676 743 1830 780 Martini
1856 743 1901 780 V.
1922 745 2047 794 Papae
2066 744 2141 782 Da-

1176 806 1328 853 tarius,
1349 803 1453 842 diem
1479 803 1574 841 obiit
1599 804 1744 841 Romae
1769 814 1832 842 an.
1870 805 1986 843 4458.
2014 806 2142 855 primo

1176 877 1280 904 anno
1296 867 1422 916 Papae
1447 867 1500 904 Pii
1520 867 1565 904 ll.
1586 865 1772 915 sepnltus
1788 867 1826 903 in
1848 867 1998 916 capella
2018 878 2140 917 quam

1178 929 1261 978 ipse
1285 928 1433 978 Vegius
1458 927 1643 966 adductis
1678 938 1741 966 an.
1770 928 1886 966 4430.
1918 929 2028 967 Ostia
2055 930 2142 967 reli*

1177 991 1280 1040 quiis
1305 992 1346 1028 B.
1370 991 1569 1037 Monicae,
1603 990 1637 1038 c)
1674 991 1714 1029 S.
1755 989 1970 1040 Augustini
2003 992 2143 1030 matris

1178 1052 1378 1091 aedificari
1428 1053 1587 1090 fecerat.
1620 1053 1675 1090 De
1706 1064 1751 1091 eo
1782 1052 2028 1091 Trithemius
2057 1064 2143 1104 cap.

1178 1115 1270 1153 762.
1302 1120 1342 1153 et
1371 1115 1541 1164 scriptor
1561 1115 1674 1152 Vitae
1700 1113 1938 1163 subjunctae
1963 1115 2073 1153 libris
2094 1115 2143 1153 de

1180 1177 1418 1217 educatione
1449 1188 1690 1227 puerorum,
1718 1177 1754 1214 in
1787 1176 1880 1214 edit.
1911 1177 2136 1216 Β35114544

1181 1240 1216 1277 8.
1246 1244 1286 1277 et
1316 1240 1354 1277 in
1386 1239 1482 1277 Bibl.
1511 1241 1672 1277 Patrum
1703 1238 1844 1276 iisdem
1871 1241 2142 1289 praemissae:

1180 1302 1320 1339 Jovius
1343 1301 1381 1339 in
1406 1302 1567 1352 elogiis,
1591 1301 1778 1339 Ghilinus
1804 1306 1897 1339 tom.
1924 1303 1960 1340 2.
1988 1302 2145 1340 Nicero-

1181 1374 1257 1401 nus
1287 1364 1324 1400 in
1345 1365 1548 1401 memoriis
1573 1363 1621 1401 de
1639 1365 1734 1401 vitis
1755 1363 2006 1402 eruditorum
2033 1367 2062 1401 t.
2080 1365 2143 1402 26.

1179 1436 1266 1475 pag.
1297 1426 1361 1463 83.
1393 1429 1433 1463 et
1458 1425 1683 1463 additiones
1713 1425 1760 1463 ad
1786 1425 2024 1464 Naudaeana
2057 1438 2144 1475 pag.

1182 1487 1270 1526 494.
1297 1487 1452 1536 Scripta
1477 1485 1764 1537 ejus,curante
1794 1486 1955 1525 Andrea
1983 1487 2147 1525 Schotto

1185 1549 1223 1586 in
1250 1548 1518 1587 Bibliothecae
1541 1550 1702 1587 Patrum
1725 1548 1974 1586 Coloniensis
1989 1550 2148 1599 supple-

1183 1615 1318 1649 mento
1339 1622 1401 1649 an.
1430 1611 1532 1651 4622
1554 1615 1676 1660 atque
1700 1610 1791 1648 inde
1811 1611 1848 1647 in
1868 1610 1966 1648 Bibl.
1984 1612 2147 1648 Patrum

1181 1672 1438 1722 Lugdunensi
1457 1677 1551 1710 tom.
1568 1672 1709 1711 XXVI.
1723 1676 1889 1710 exstant
1908 1672 1980 1710 hoc
1998 1672 2147 1710 ordine:

1236 1735 1291 1772 De
1314 1733 1544 1773 educatzone
1569 1732 1787 1772 liberorum
1810 1738 1849 1772 et
1868 1733 1995 1772 claris
2013 1745 2150 1772 eorum

1182 1795 1328 1835 studiis
1351 1807 1399 1834 ae
1422 1794 1605 1840 moribus
1632 1796 1718 1834 libri
1747 1797 1810 1834 Vl.
1834 1808 1922 1847 pag.
1946 1797 2036 1835 633.
2062 1798 2152 1835 Pro-

1183 1859 1310 1898 dierat
1331 1859 1522 1897 eximium
1556 1858 1631 1897 hoc
1661 1870 1762 1909 opus
1793 1858 2001 1897 Mediolon.
2034 1859 2150 1898 4494.

1185 1922 1219 1959 4.
1246 1922 1366 1960 Paris.
1392 1922 1507 1960 4544.
1533 1921 1566 1958 4.
1595 1921 1712 1959 Basil.
1741 1922 1859 1960 4544.
1885 1922 1921 1958 8.

1241 1983 1295 2021 De
1316 1982 1623 2034 perseverantia
1647 1981 1863 2033 Relzyz'012z's
1889 1981 1982 2020 libri
2013 1983 2074 2022 VI.
2103 1983 2152 2021 ad

1186 2045 1396 2084 Elizabeth
1421 2050 1462 2084 et
1498 2047 1720 2091 Monicam,
1747 2056 1917 2083 sorores.
1948 2057 2035 2095 pag.
2065 2046 2155 2083 689.

1188 2107 1420 2146 Prodierant
1449 2120 1499 2146 ex
1538 2108 1704 2145 Joannis
1742 2107 1791 2146 de
1819 2108 1983 2156 Butrio,
2023 2109 2156 2146 Mona-

1187 2170 1250 2207 chi
1277 2170 1611 2209 Claraevallensis
1625 2171 2115 2218 recensione,Paris.l5¹ll
2136 2170 2156 2207 4

1187 2232 1242 2269 De
1277 2235 1453 2282 quatuor
1500 2230 1668 2269 hominis
1716 2230 1967 2279 novissimis,
2014 2236 2156 2277 morte,

1185 2292 1360 2343 judicio,
1392 2294 1546 2331 inferno
1576 2298 1616 2331 et
1649 2293 1833 2332 Par-adise
1863 2294 2155 2332 meditationes.

1189 2367 1275 2406 pag.
1308 2355 1400 2394 745.
1433 2355 1635 2393 Prodierat
1664 2366 1756 2393 cum
1789 2355 1901 2393 libris
1931 2355 1980 2394 (le
2012 2356 2156 2395 educa-

1189 2418 1296 2455 tione
1328 2416 1571 2455 liberorum.
1602 2417 1794 2455 Basileae.

1245 2477 1482 2516 th'laletlzes
1500 2509 1510 2526 ,
1543 2489 1615 2516 seu
1634 2479 1789 2516 Veritas
1809 2479 1937 2516 invisa
1956 2478 2152 2524 exulans,

1190 2541 1370 2589 dialogus
1401 2540 1447 2579 ad
1471 2540 1732 2579 Eustathium
1760 2540 1922 2578 fratrem
1951 2551 2036 2589 pag.
2064 2539 2152 2578 755.

1190 2603 1412 2652 praemissa
1442 2601 1622 2651 ejusdem
1654 2602 1879 2650 argumenti
1905 2601 2028 2650 elegia
2057 2600 2154 2639 Cor-

1190 2662 1287 2701 nelii
1309 2661 1489 2714 Gnaphez'
1507 2664 1699 2701 Alostani.
1727 2662 1928 2701 Prodierat
1956 2673 2049 2700 cum
2067 2663 2154 2712 qui-

1191 2723 1360 2764 busdam
1389 2725 1548 2763 Luciani
1564 2724 1746 2774 dialogis,
1764 2725 2014 2773 Argentorati
2038 2725 2152 2762 1545.

1191 2784 1227 2824 [ι.
1258 2791 1298 2825 et
1326 2797 1418 2825 cum
1451 2787 1570 2837 praef.
1605 2786 1773 2824 [dalrici
1806 2786 1947 2833 Fabri,
1979 2786 2153 2824 Tlioren-

1192 2848 1431 2899 burgensis,
1463 2850 1639 2887 Viennae
1672 2849 1790 2887 4546.
1824 2849 1856 2886 4.
1904 2850 1959 2887 De
2003 2848 2151 2886 Gallica

1193 2912 1378 2949 versione
1409 2911 1531 2961 Lugd.
1559 2911 1680 2949 forma
1712 2912 1864 2948 minore
1893 2912 1915 2948 a
1946 2911 1988 2949 D.
2021 2911 2066 2948 V.
2113 2911 2150 2947 Z.

1193 2972 1297 3011 edita
1329 2985 1430 3023 quae
1462 2973 1569 3012 hunc
1598 2973 1798 3023 dialogum
1833 2984 2040 3022 perperam
2074 2973 2152 3010 Lu-

1193 3036 1306 3073 ciano
1337 3035 1502 3083 tribuit,
1534 3040 1573 3072 et
1604 3034 1652 3072 de
1682 3034 1804 3072 altera
1832 3033 2017 3071 versibus
2033 3033 2151 3072 Galli-

1247 3192 1279 3230 c)
1303 3191 1391 3222 Adde
1424 3192 1602 3221 Bai-onium
1636 3188 1676 3219 :id
1701 3190 1929 3228 Martoyrolog.
1974 3193 2012 3220 lx
2054 3192 2155 3230 April.

1186 3245 1263 3273 Acta
1285 3243 1435 3273 sanctor.
1463 3244 1529 3270 tom
1556 3239 1569 3270 1
1597 3241 1672 3271 Maii
1697 3239 1726 3270 4.
1753 3248 1826 3278 pag.
1852 3239 1923 3269 491.
1947 3240 2152 3272 Tilleinontii

1189 3293 1364 3321 memorias
1392 3293 1427 3320 ll.
1452 3292 1489 3321 E.
1513 3293 1613 3320 torno.
1642 3289 1728 3320 ΥΙΙΙ.
1757 3298 1831 3328 pag.
1856 3289 1930 3321 477.
