2517 4009
893 202 1318 248 UDALRICUS

112 281 173 321 lae
201 280 266 321 IV.
297 282 459 320 exstant
485 280 521 318 in
547 279 689 320 Codice
713 279 970 331 Diplomatico
997 280 1064 318 Pe-

45 381 48 383 .
111 345 160 384 zii
191 348 230 382 et
261 342 434 382 Hueberi
466 347 566 393 part.
601 342 629 381 l.
658 355 692 394 p.
724 344 814 382 ⁶227.

169 405 453 444 UDALRICUS
485 403 675 455 Welliny,
703 405 791 444 vide
821 416 939 456 supra
967 406 1068 444 Hen-

112 467 223 507 rz'cus
245 468 360 507 Stero
377 497 386 513 ‚
411 468 453 505 T.
480 468 544 505 lll.
572 480 607 518 p.
632 467 727 507 213.

171 529 533 570 UDALSCALCUS
549 561 559 578 ,
577 542 625 569 ex
650 531 795 569 familia
817 531 985 569 honesta
1004 540 1070 567 no-

114 594 253 633 bilium
286 594 462 632 virorum
493 592 541 630 de
570 592 739 632 Maisack
766 598 909 641 natus,
937 603 1072 631 mona·

113 656 214 696 chus
238 655 285 694 ad
313 657 350 695 S.
378 656 555 695 Ulricum
577 686 585 704 ‚
611 656 827 705 (Augustae
854 655 1072 695 Vindelico-

114 718 230 768 rum)
253 717 418 757 Abbatis
443 719 633 768 Eginonis
659 718 892 758 individuus
917 727 1069 765 comes,

113 781 177 820 vir
202 780 412 832 religiosus
436 785 476 818 et
500 781 700 831 praeclare
726 780 895 829 doctus⁷
922 779 1074 818 versifi-

112 847 221 882 cator
251 853 326 880 non
360 841 649 892 poenitendus,
687 844 866 882 musicus
896 847 936 880 et
965 853 1073 880 com-

113 905 269 956 ponista
301 905 475 943 eximius
503 933 512 951 ,
544 904 768 954 Theologus
799 916 892 942 vero
922 904 982 943 sui
1014 914 1075 942 se-

111 967 190 1007 culi
221 968 591 1015 nominatissimus,
622 967 781 1017 eligitur
809 968 847 1004 in
873 966 1069 1005 Abbatem

111 1041 216 1070 anno
244 1030 399 1068 Domini
431 1029 545 1069 ⁴⁴26.
579 1029 751 1068 Praefuit
781 1028 1000 1079 prudentor
1031 1032 1071 1066 et

115 1091 283 1131 fideliter
307 1093 422 1130 annis
451 1091 514 1131 25.
547 1093 715 1142 Scripsit
744 1091 886 1130 librum
920 1090 965 1129 de
990 1091 1075 1130 Mu-

115 1154 226 1204 sica,
246 1152 455 1192 historiam
480 1154 696 1192 multorum
723 1158 953 1192 sanctorum
972 1185 980 1202 ,
1002 1155 1076 1192 im-

115 1217 254 1267 primis
277 1227 371 1254 vero
391 1217 432 1255 S.
454 1215 602 1268 Afrae,
623 1217 663 1254 S.
684 1215 885 1265 Uclalrici,
906 1218 944 1255 S.
963 1219 1076 1256 Mau-

116 1277 208 1318 ritiz'
226 1281 267 1316 et
291 1278 330 1316 S.
357 1277 521 1317 Mariae
544 1277 803 1330 Maydalenae
825 1310 833 1324 ,
860 1280 981 1318 variis
1010 1291 1077 1329 ge-

118 1341 226 1379 neris
250 1340 450 1379 versibus.
479 1341 632 1379 Extant
666 1342 789 1380 multa
824 1343 948 1392 ipsius
992 1341 1076 1394 epi-

113 1405 344 1454 9rammala
386 1404 554 1452 sparsim
599 1403 690 1441 hinc
729 1403 819 1442 inde
860 1405 1077 1454 parietibus

119 1466 442 1516 inscripta,quae
473 1466 598 1515 ipsius
629 1467 832 1516 ingenium
863 1466 1078 1505 admodum

118 1527 368 1577 secundum,
393 1527 613 1566 doctrinam
643 1540 736 1566 vero
763 1539 839 1566 nou
867 1530 1073 1578 vulgarem

119 1588 320 1643 praeclare
344 1593 384 1625 et
408 1588 632 1627 luculenter
652 1588 837 1639 produnt.
855 1589 959 1628 Obiit
976 1601 1079 1629 anno

118 1652 274 1693 Domini
312 1651 427 1691 1151.
474 1651 584 1690 Haec
627 1652 743 1703 Casp.
787 1652 1008 1691 Bruschius
1039 1654 1076 1691 in

123 1715 383 1766 chronologia
409 1715 741 1753 monasteriorum
773 1714 1010 1753 Germaniae
1040 1727 1078 1765 p.

123 1777 214 1817 497.
242 1789 333 1816 cum
365 1789 443 1827 quo
473 1777 609 1816 confer
638 1775 882 1826 Sigismundi
915 1777 1079 1816 Chroni-

124 1852 197 1880 con
229 1839 486 1890 Augustense
520 1840 783 1878 Pistorianum
820 1844 913 1876 tom.
946 1841 1010 1878 Ill.
1042 1852 1077 1890 p.

123 1902 214 1942 605.
243 1903 345 1952 Ejus
373 1901 488 1940 hodie
518 1905 650 1940 exstat
680 1900 872 1939 Narratio
902 1901 947 1940 (le
979 1902 1077 1942 Con-

123 1964 331 2005 troversiis
373 1963 476 2003 inter
520 1964 796 2002 Hermannum
841 1964 1078 2015 Episcopum

123 2027 401 2078 Auyustanum
431 2029 469 2065 et
490 2026 704 2077 E9inonem
737 2024 931 2065 Abbalem
961 2028 1001 2066 S.
1034 2029 1080 2066 U-

123 2088 292 2139 dalmbi,
308 2090 412 2128 edita
434 2101 455 2128 a
473 2089 631 2128 Canisio
652 2091 755 2127 Lect.
777 2090 870 2128 Ant.
894 2094 988 2128 tom.
1016 2092 1081 2129 III.

122 2160 224 2208 part.
247 2155 285 2194 2.
310 2167 334 2206 p
373 2157 409 2195 1.
434 2156 603 2195 Unicum
636 2155 898 2207 Epigramma
929 2156 1017 2208 ejus
1043 2158 1078 2194 in

124 2220 345 2270 Eginonem
385 2217 637 2257 decessorem
678 2223 811 2257 exstat
846 2219 948 2268 apud
987 2221 1084 2258 Bru-

126 2282 282 2321 schium
308 2293 344 2332 p.
372 2281 460 2320 496.
490 2280 739 2320 Mabillonius
769 2281 910 2320 Seculo
939 2280 983 2321 V.
1014 2283 1084 2320 Be-

128 2344 329 2383 nedictino
358 2355 395 2394 p.
427 2343 527 2382 415..
555 2343 674 2388 dicit,
704 2345 833 2394 ipsum
866 2356 888 2383 a
917 2345 1081 2395 quibus-

126 2406 218 2447 dam
244 2406 458 2446 Auctorem
489 2407 600 2446 Vitae
630 2406 667 2445 S.
698 2407 866 2446 Udalrici
897 2409 1081 2459 Episcopi

126 2468 377 2521 Augustani,
406 2480 426 2508 a
458 2469 645 2518 velsero,
677 2471 759 2520 ipso
793 2470 1013 2509 Mabillonio
1043 2477 1083 2509 et

127 2534 166 2572 in
191 2533 302 2572 Actis
323 2532 558 2572 Sanctorum
581 2533 674 2572 editi
695 2562 702 2581 ,
729 2532 907 2571 habitum
932 2534 1080 2573 fuisse:

127 2597 219 2647 quia
244 2607 338 2635 vero
364 2596 426 2635 ille
450 2601 588 2635 auctor
611 2597 714 2635 binis
738 2597 834 2635 locis
860 2601 1081 2646 memorat,

128 2670 173 2697 se
212 2659 440 2699 Udalricum
470 2659 646 2707 vidisse,
679 2664 814 2698 noster
849 2671 944 2698 vero
981 2659 1083 2698 binis

131 2723 277 2763 seculis
301 2721 435 2773 junior
464 2723 563 2772 fuit,
593 2734 680 2761 eam
711 2722 884 2761 scribere
916 2733 992 2760 non
1019 2734 1086 2773 po-

131 2785 219 2825 tuit.
249 2785 396 2830 Contra
425 2797 520 2823 vero
550 2784 832 2836 Sigismundus
857 2785 881 2823 l.
905 2795 938 2823 c.
969 2784 1085 2823 docet

130 2847 254 2887 vitam
274 2846 393 2900 hujus
415 2845 592 2886 Udalrici
614 2849 791 2886 carmine
813 2847 861 2886 ab
885 2846 1085 2887 Udalscal·

131 2921 178 2950 co
214 2911 337 2950 fuisse
374 2913 666 2962 conscriptam:
700 2911 840 2961 {ncipit
877 2911 983 2948 enim
1025 2911 1087 2949 his

135 2974 292 3014 verbis:
337 2972 489 3026 Inclyta
518 2972 650 3013 devoti
674 2972 851 3012 colimus.
891 2972 1000 3011 Adde
1029 2974 1086 3011 Jo.

134 3037 288 3076 Pinium
319 3037 358 3074 in
383 3037 677 3076 Commentario
701 3037 862 3085 praevio
885 3035 931 3075 ad
960 3036 1086 3073 Vitam

135 3100 175 3140 S.
203 3100 372 3140 Udalrici
395 3129 404 3148 ,
431 3100 468 3137 in
500 3098 610 3138 Actis
640 3099 878 3138 Sanctorum
909 3103 1015 3137 tomo
1042 3098 1088 3136 ll.

136 3163 243 3202 Junii
272 3175 311 3213 p.
341 3163 405 3201 95.
435 3160 638 3201 Oudinum
670 3166 776 3199 tomo
806 3162 850 3199 ll.
878 3173 913 3212 p.
940 3161 1056 3201 1013.

192 3223 306 3264 Alius
326 3223 816 3274 UdalscalousEpiscopus
827 3224 1088 3275 Augustanus

140 3287 215 3328 fuit
243 3289 332 3338 post
361 3285 536 3325 medium
566 3285 745 3324 seculum
776 3286 862 3324 Xll.

196 3347 430 3389 UDARDUS
454 3346 673 3388 monachus
694 3348 912 3399 Cupronsis
936 3348 974 3388 in
1000 3348 1091 3388 Sco-

2028 208 2106 248 579

1142 278 1219 325 tia,
1250 279 1340 326 post
1369 275 1590 326 Episcopus
1618 274 1900 314 Brechinensis
1939 277 2041 317 circa
2072 291 2106 318 a.

1143 338 1258 378 1190.
1290 339 1455 388 Scripsit
1486 337 1526 376 in
1557 337 1764 378 Canticum
1792 337 2038 386 Salomonis,
2066 340 2107 380 in

1143 412 1274 440 omnes
1298 402 1339 439 D.
1366 399 1485 439 Pauli
1504 400 1725 451 Epistolas.
1750 400 1944 441 llomilz'as
1963 402 2018 441 acl
2031 415 2103 454 po-

1140 465 1282 516 pulum
1302 465 1374 503 Sco
1384 463 1437 501 tiu
1446 474 1481 501 m
1500 493 1507 510 ,
1527 463 1586 515 Ep
1606 462 1727 502 stolas
1745 463 1798 501 acl
1814 463 2005 503 diversos.
2022 466 2110 506 Car.

1146 526 1194 564 de
1217 526 1338 563 Visch
1361 525 1459 564 Bibl.
1483 526 1727 576 Scriptorum
1755 525 1846 564 Ord.
1874 527 2112 566 Cistcrcien-

1148 589 1203 627 sis
1235 599 1270 637 p.
1306 587 1397 626 315.

1203 650 1306 689 UDO
1349 648 1396 688 cle
1437 648 1727 700 Nellenbwyo,
1771 649 2108 704 Archiepiscopus

1149 712 1427 757 Trevirensis‚
1453 711 1500 749 ab
1525 722 1559 749 a.
1587 711 1688 749 1067
1714 710 1761 748 ad
1792 711 1909 750 1078.
1932 714 1992 751 cui
2026 713 2113 762 qui-

1149 774 1240 812 dam
1286 771 1655 824 Martyroloqzwn,
1698 773 1802 822 quod
1848 774 1922 812 sub
1964 773 2111 814 Adonis

1150 836 1310 874 nomine
1348 840 1488 873 notum
1524 840 1613 882 est,
1647 835 1837 873 tribuunt.

1206 897 1493 943 VEDASTUS,
1512 897 1734 947 Episcopus
1753 897 2056 938 Cameracensis
2072 905 2113 939 et

1152 961 1433 1001 Atrebatensis
1464 959 1512 998 ab
1542 970 1646 998 anno
1677 960 1833 998 circiter
1871 961 1948 1000 500
1985 973 2114 1013 usque

1151 1024 1198 1063 ad
1224 1036 1260 1062 a.
1281 1023 1374 1063 520.
1398 1024 1484 1061 Vita
1508 1021 1595 1072 ejus
1617 1021 1766 1072 duplex
1789 1033 1879 1061 cum
1903 1023 2115 1062 Commen-

1152 1088 1249 1125 tario
1276 1086 1435 1137 praevio
1460 1084 1671 1123 Godofredi
1696 1083 1939 1123 Henschenii
1963 1091 2002 1124 et
2023 1088 2110 1126 aliis

1153 1149 1324 1188 habetur
1350 1149 1386 1185 in
1413 1147 1523 1186 Actis
1551 1146 1785 1185 Sanctorum
1819 1152 1911 1184 tom.
1939 1148 1964 1185 l.
1999 1149 2114 1187 Febr.

1154 1225 1189 1263 p.
1213 1212 1303 1248 782.
1331 1209 1441 1248 Adde
1467 1209 1640 1247 Annales
1665 1209 1789 1247 Caroli
1816 1214 1878 1247 est
1904 1210 2115 1258 Cointe,et

1156 1273 1322 1311 Galliam
1352 1272 1620 1310 Christianam
1647 1275 1753 1308 tomo
1778 1270 1843 1309 111.
1869 1284 1957 1322 pag.
1983 1273 2019 1310 2.

1208 1334 1306 1384 Ejus
1333 1333 1543 1372 Orationes
1569 1334 1674 1372 MSS.
1702 1339 1923 1382 supersunt
1949 1335 1985 1371 in
2013 1336 2110 1374 Bibl.

1156 1398 1383 1436 monasterii
1415 1397 1454 1434 S.
1485 1395 1646 1434 Vedasti
1676 1395 1978 1444 atrebatensis,
2011 1401 2114 1436 teste

1155 1461 1249 1499 Ant.
1279 1458 1456 1498 Sandero
1500 1458 1596 1496 Bibl.
1640 1458 1798 1509 Belgica
1844 1462 2116 1512 manuscripta

1156 1535 1244 1574 pag.
1279 1522 1342 1560 63.

1211 1583 1517 1631 VENERICL’S,
1534 1595 1583 1636 ex
1600 1583 1741 1622 clerico
1759 1584 2003 1633 Trevirensi‚
2022 1587 2113 1637 Epi-

1156 1660 1302 1700 scopus
1332 1647 1597 1686 Vercellensis
1627 1651 1666 1684 et
1697 1647 1821 1696 Regni
1850 1648 1984 1687 Italiae
2015 1651 2115 1689 Can-

1155 1712 1367 1757 cellarius,
1404 1710 1558 1747 amicus
1605 1707 1782 1752 Gregorii
1832 1710 1912 1748 Vll.
1960 1713 2085 1762 Papae
2104 1744 2113 1761 ‚

1156 1776 1313 1825 scripsit
1343 1771 1387 1810 cle
1417 1772 1566 1809 unitate
1590 1769 1792 1809 Ecclesiae
1815 1774 2110 1824 conservanda,

1155 1841 1191 1876 et
1220 1838 1265 1875 (le
1296 1834 1515 1875 Schismatc
1558 1832 1660 1871 inter
1702 1833 1916 1872 chricam
1949 1836 2045 1886 Imp.
2078 1841 2116 1876 et

1157 1899 1393 1951 Greyorium
1434 1896 1513 1934 VII.
1545 1897 1611 1945 qui
1638 1896 1733 1934 liber
1761 1895 1892 1934 editus
1922 1902 1984 1935 est
2009 1910 2029 1936 a
2055 1899 2111 1936 Si-

1158 1974 1273 2001 mone
1299 1959 1512 2005 Scliardio7
1539 1963 1577 1995 ct
1603 1957 1762 2008 quidem
1796 1960 1920 2008 primo
1946 1960 2029 1998 loco
2054 1962 2111 1999 in-

1158 2032 1217 2064 ter
1247 2024 1468 2070 Scriptores
1498 2020 1546 2058 de
1567 2020 1847 2058 Jurisdictione
1890 2023 2114 2073 Imperiali‚

1159 2088 1259 2128 Basil
1306 2086 1409 2125 1566
1434 2084 1497 2123 fol.
1527 2083 1639 2122 Adde
1669 2082 1792 2122 Andr.
1822 2085 1993 2123 Rossotti
2026 2087 2114 2137 Syl-

1160 2151 1291 2190 labum
1325 2149 1570 2198 Scriptorum
1604 2146 1848 2184 Pedemontii
1888 2160 1923 2198 p.
1960 2150 2049 2188 5511.
2078 2155 2117 2189 et

1161 2213 1423 2252 Trithemium
1472 2209 1520 2247 de
1564 2210 1745 2259 scriptor.
1782 2210 1936 2249 EccleS.
1965 2222 1997 2250 c.
2028 2213 2118 2252 341.

1161 2286 1290 2326 neque
1320 2275 1393 2312 alia
1426 2272 1545 2310 habet
1571 2270 1762 2321 Ughellus
1794 2272 1830 2308 in
1863 2273 1972 2311 Italia
2004 2284 2116 2314 sacra

1159 2344 1265 2377 tomo
1297 2337 1360 2375 lv.
1391 2347 1476 2385 pag.
1509 2334 1600 2372 776-

1218 2398 1450 2440 Guilielmus
1486 2394 1749 2442 VENTURA,
1789 2396 2031 2445 Capitaneus
2065 2398 2116 2438 Α-

1161 2466 1329 2511 stensis,
1361 2461 1490 2512 Ogerii
1525 2459 1661 2498 Alterii
1703 2457 1901 2498 Chronica
1933 2459 2117 2499 Assensia

1161 2530 1208 2569 ab
1230 2528 1377 2577 origine
1405 2524 1531 2572 urbis,
1559 2533 1685 2571 usque.
1711 2521 1757 2559 ad
1784 2533 1817 2560 a.
1844 2523 1944 2560 1294
1972 2525 2117 2572 scripta

1160 2589 1408 2632 continuavit
1448 2587 1496 2625 ab
1535 2597 1567 2624 a.
1607 2584 1709 2623 1260
1751 2595 1879 2634 usque
1922 2584 1968 2623 ad
2015 2586 2116 2625 1325

1160 2667 1262 2707 quae
1288 2652 1404 2692 simul
1433 2651 1535 2688 edita
1558 2653 1652 2687 sunt
1676 2649 1712 2685 in
1740 2647 2009 2697 Scriptoribus
2043 2649 2117 2686 lta-

1163 2719 1247 2757 licis
1273 2714 1467 2755 Muratorii
1503 2717 1609 2750 tomo
1633 2711 1701 2749 XI.
1726 2709 1837 2748 Adde
1870 2710 2119 2749 Menckenio-

1164 2792 1252 2820 rum
1275 2778 1371 2817 Bibl.
1399 2778 1573 2814 virorum
1604 2774 1743 2812 militia
1768 2783 1811 2811 ac
1847 2773 2004 2823 scriptis
2030 2773 2115 2812 illu-

1166 2844 1308 2882 strium
1338 2854 1372 2891 p.
1396 2839 1484 2877 466.

1219 2899 1537 2942 VENTUl‘ilNUS
1561 2897 1606 2937 (le
1633 2899 1836 2947 Ber90nw‚
1862 2908 1882 2935 a
1907 2898 2032 2947 patria
2065 2898 2116 2936 ita

1166 2967 1308 3011 dictus⁷
1328 2964 1421 3004 Ord.
1445 2962 1774 3006 Praedicatorum,
1805 2971 1943 3005 magno
1966 2960 2115 2998 anima-

1168 3042 1255 3069 rum
1283 3027 1462 3077 flagravit
1497 3023 1709 3069 desiderio,
1736 3032 1755 3059 a
1793 3021 2004 3059 Benedicto
2032 3019 2118 3059 xli.

1168 3095 1205 3131 in
1227 3091 1388 3130 exilium
1411 3092 1536 3130 actus,
1554 3097 1573 3123 a
1592 3085 1796 3123 Clemente
1815 3084 1874 3121 Vl.
1894 3086 2118 3131 restitutus,

1167 3164 1325 3194 crucem
1343 3153 1379 3188 in
1406 3148 1696 3199 expeditionem
1720 3146 2116 3196 llierosolymitanam

1167 3216 1391 3270 praedicare
1409 3212 1548 3262 jussus
1571 3214 1650 3248 est:
1678 3210 1763 3258 ipse
1786 3220 1944 3259 quoquo
1970 3208 2016 3248 ad
2045 3210 2120 3247 iter

1168 3292 1212 3319 eo
1234 3290 1275 3317 se
1299 3277 1490 3321 accinxit,
1515 3273 1582 3312 sed
1606 3273 1801 3323 Smyrnae
1834 3272 1925 3310 obiit
1948 3283 1982 3311 a.
2005 3270 2120 3310 13'26.

1171 3341 1338 3392 Scripsit
1379 3339 1586 3378 Sermones
1627 3339 1663 3372 rt
1710 3332 1916 3385 Epistolas.
1959 3335 2016 3373 Ex
2062 3333 2122 3371 liis
