2550 4009
935 258 1284 298 MICHAEL
2058 270 2111 310 73

106 324 300 374 moedias‚
315 322 544 374 triumphos
568 323 725 374 aliaque
745 329 954 376 poematia.
973 328 1068 367 Vide

103 386 160 425 Jo.
213 386 376 436 Philippi
426 387 706 437 Bergomensis
755 387 980 428 Chronicon
1030 392 1067 428 iu

103 453 284 488 extremo
306 447 558 488 libri—decimi
577 477 585 494 ,
606 449 805 488 Donatum
833 451 1003 490 Calvum
1027 453 1063 490 in

64 515 65 518 ’
103 521 221 550 scena
247 511 436 550 litteraria
453 512 694 561 scriptorum
714 513 1062 563 Bergomensium‚

18 620 26 626 ξ
101 576 142 611 et
162 573 338 612 Diarium
365 572 613 612 eruditorum
651 574 787 613 ltaliae
817 579 913 612 tom.
953 576 1060 614 XIX.

100 644 186 686 pag.
213 634 302 672 446.
335 645 419 685 seq.

152 695 384 736 MlCHAEL
413 695 460 735 de
484 696 724 746 Charcano,
750 699 836 736 sive
864 698 1060 748 Carcano,

96 756 405 797 Mediolanensis
428 758 522 797 Ord.
549 760 687 797 Minor.
711 759 815 798 circa
839 758 914 798 An.
942 761 1059 799 4480.

95 820 196 870 Ejus
221 818 579 870 Quadraqesimale
603 832 812 860 sermones
835 823 903 860 Xl.
930 822 969 860 in
986 823 1060 860 De-

95 880 275 933 caloqum
298 881 479 932 prodiere
501 883 640 920 Venet.
682 882 800 924 4492.
824 883 1058 934 Quadraye-

94 942 234 983 simale
256 943 303 982 de
321 943 565 994 poemtentia
584 948 625 982 et
649 943 738 995 ejus
762 946 955 995 partibus.
981 947 1057 984 Ve-

97 1010 178 1044 net.
205 1004 326 1045 4487.
341 1007 522 1054 Quatuor
538 1005 768 1054 novissima,
789 1007 926 1047 Colon.
940 1010 952 1046 4
967 1008 1055 1046 492.

95 1067 154 1106 De
163 1066 496 1106 commendatione
511 1067 708 1106 virtutum
723 1071 762 1106 et
774 1067 1054 1118 reprobatione

92 1129 283 1168 vitiorum
299 1159 310 1177 ,
335 1128 543 1167 Mediolani
571 1130 686 1168 4495.
733 1128 1052 1181 Confessz'Oiiale,

93 1191 235 1229 Venet.
262 1191 331 1229 454
343 1190 379 1228 3.
405 1191 443 1227 8.
476 1191 532 1228 De
557 1195 720 1240 peccato
747 1193 782 1228 in
815 1203 972 1240 genere.
999 1194 1054 1231 De

92 1251 222 1290 tribus
242 1251 467 1302 praecipuis
492 1253 694 1302 peccatis,
725 1253 937 1302 superbia,
963 1266 1056 1293 ava-

92 1313 208 1362 ritia,
238 1313 409 1352 luxuria.
434 1313 491 1350 De.
521 1317 694 1362 quatuor
724 1314 889 1364 reliquis
919 1327 1058 1365 pecca-

90 1376 144 1413 tis
166 1374 403 1425 capitalibus
428 1374 578 1412 invidia
594 1405 606 1423 ,
637 1376 693 1413 iia
709 1405 720 1424 ,
751 1376 886 1414 acedia
906 1405 914 1423 ‚
938 1377 1054 1426 gula,

91 1441 133 1475 et
147 1447 286 1475 earum
308 1435 488 1474 filiabus:
514 1446 584 1485 per
607 1434 841 1474 Adventum
875 1441 913 1474 ct
952 1438 1056 1482 Qua-

94 1497 361 1549 dragesimam
392 1498 533 1535 Venet.
556 1497 672 1536 4476.
700 1499 734 1536 4.
761 1499 816 1536 De
836 1498 912 1549 fide
938 1498 1055 1538 Clzri-

89 1559 223 1599 stiana
246 1557 346 1598 liber
368 1559 486 1598 Basil.
521 1558 636 1598 4479.
661 1559 758 1598 Vide
789 1560 1052 1599 Trithemium

89 1633 174 1673 cap.
203 1621 296 1660 865.
327 1620 600 1672 Waddingum
626 1633 713 1672 pag.
745 1622 824 1661 259
868 1623 912 1660 H.
938 1622 1054 1661 War-

88 1685 256 1724 thonum
278 1684 329 1723 ad
358 1685 563 1724 Caveum:
594 1689 635 1723 et
663 1687 708 1723 B.
737 1687 781 1724 D.
814 1687 962 1724 Reiseri
991 1688 1050 1723 in-

90 1745 220 1785 dicem
249 1747 614 1797 Manuscriptorum
645 1747 741 1785 Bibl.
791 1747 1052 1797 Augustam-ae

91 1819 179 1859 pag.
209 1808 272 1846 99.
305 1808 395 1847 404.

142 1868 378 1915 MICHAEL
405 1868 454 1909 de
476 1870 633 1919 Duren,
664 1871 791 1919 infra,
821 1870 1051 1910 MICHAEL

89 1929 320 1970 Herbrand.

144 1994 378 2033 MICHAEL
405 1989 651 2032 Fmanciscus
670 2024 678 2043 ,
698 1995 923 2034 Insulensis
946 1996 1062 2034 Flan-

90 2055 287 2104 der,Ord.
318 2055 455 2094 Praed.
488 2056 653 2106 Philippi
695 2057 883 2095 Austriae
919 2057 1058 2096 Archi-

89 2119 205 2158 ducis
227 2120 251 2158 a
273 2114 630 2168 confessionibus,
656 2119 756 2158 obiit
781 2120 818 2156 in
850 2120 980 2158 Patria
1009 2119 1054 2158 A.

91 2181 211 2221 4502.
239 2181 288 2220 de
310 2193 390 2232 quo
413 2181 590 2220 Jacobus
615 2181 828 2220 Echardus
854 2186 880 2219 t.
903 2183 938 2221 2.
964 2193 1001 2232 p.
1019 2181 1055 2220 7.

90 2253 176 2293 seq.
204 2243 368 2293 scripsit
397 2243 682 2289 Quodlibetum
707 2242 753 2281 de
783 2245 951 2282 veritate
969 2241 1058 2295 fra-

89 2303 288 2343 ternitatis
310 2304 478 2345 Rosarii
496 2316 570 2344 seu
594 2305 774 2356 Psalterii
806 2307 847 2342 B.
870 2306 1054 2355 Virginis,

87 2366 224 2406 Colon.
255 2366 374 2407 4476.
406 2367 442 2405 4.
479 2378 525 2405 ac
564 2366 711 2406 deinde
741 2368 917 2417 saepius.
946 2368 1057 2405 Deci—

88 2429 240 2467 sionem
267 2428 590 2474 Quodlibeticam
621 2439 743 2479 super
767 2432 914 2479 septem
944 2429 1058 2480 prin-

28 2496 30 2498 ’
93 2488 292 2542 cipalibus
313 2491 359 2528 B.
399 2488 571 2539 Viryim's
609 2488 815 2528 doloribus
857 2501 937 2528 uua
965 2500 1055 2527 cum

98 2550 234 2604 Officio
255 2550 303 2589 de
329 2550 600 2601 compassione
635 2551 676 2589 S.
714 2550 882 2589 Mariae.
918 2551 1056 2589 Aniw.

87 2613 203 2652 4494.
233 2614 268 2652 4.
294 2612 678 2650 Determinationem
709 2610 755 2648 de
794 2614 965 2661 tempore
987 2609 1058 2648 ad-

94 2676 238 2713 ventus
277 2671 540 2720 Antichristi‚
583 2673 750 2722 eiusque
792 2673 974 2721 ingressu
1014 2673 1053 2708 in

88 2734 311 2784 Mundum,
364 2745 580 2786 progressu
613 2739 654 2771 et
684 2744 876 2783 egressu,
923 2737 963 2770 et
1007 2732 1056 2769 de

88 2797 337 2836 novitatibus
368 2808 470 2847 quac
498 2795 579 2846 jam
615 2795 665 2833 de
697 2806 742 2832 eo
772 2799 953 2833 cuirunt.
983 2795 1053 2833 Co-

91 2858 170 2896 lon.
192 2857 309 2897 4478.
338 2859 373 2896 4.
401 2858 455 2896 De
479 2854 674 2895 abusibus
692 2854 927 2893 aulicorum.
948 2856 1055 2903 Qua-

85 2917 357 2970 drayesz'male
373 2924 413 2957 et
430 2916 678 2957 Adventuale
694 2917 742 2955 de
759 2921 844 2954 arte
862 2916 1052 2954 moriendi

88 2981 195 3031 quod
225 2980 372 3020 Mortis
389 2979 598 3018 cellarium
626 2983 892 3028 nuncupatur.
915 2978 1054 3016 ΙηΑη-

91 3041 290 3094 tiphonem
310 3055 318 3080 :
346 3043 464 3081 Salve
488 3043 649 3090 Regina.

139 3104 366 3144 MlCHAEL
396 3102 443 3141 de
486 3103 622 3141 Furno
666 3102 888 3140 [usulensis
932 3102 1050 3140 etiam

87 3167 173 3217 ipse
195 3171 236 3205 et
259 3166 354 3206 Ord.
390 3164 529 3204 Praed.
568 3166 756 3213 Magister
779 3164 815 3200 iu
841 3162 1052 3213 Tlieologia

87 3229 212 3268 Paris.
240 3230 346 3268 circa
377 3227 450 3266 An.
471 3227 587 3266 4340.
616 3226 782 3275 Scripsit
805 3224 841 3262 in
869 3225 1048 3273 Cantica,

88 3287 315 3338 Danielem,
346 3288 613 3335 Matthaeum,
646 3290 818 3332 Lucam,
856 3287 1047 3324 Joannem

91 3354 131 3389 et
169 3349 404 3390 Collationes
434 3351 518 3389 sive
548 3351 755 3390 Sermones
794 3346 840 3385 cle
878 3348 1048 3387 Sanctis.

1149 332 1245 370 Vide
1266 333 1408 371 iterum
1435 335 1515 372 Jac.
1536 334 1765 375 lichardum
1786 341 1812 374 t.
1841 339 1875 376 4.
1900 349 1937 388 p.
1956 340 2034 377 596
2053 351 2111 390 sq.

1199 394 1423 432 MICHAEL
1441 394 1486 433 de
1509 395 1631 446 Gyrio
1648 427 1658 443 ‚
1682 398 1780 436 infra
1798 430 1809 446 ,
1831 398 2003 438 Mz'chael
2013 402 2114 439 Pra—

1139 464 1291 503 qensis.

1193 516 1420 555 MICHAEL
1464 516 1682 557 Herbrand
1717 520 1764 558 de
1800 521 1963 566 Daren.
2004 525 2113 562 Prior

1137 577 1447 617 Carmelum-um
1462 609 1472 626 ‚
1491 577 1729 620 'Conventus
1754 583 2111 624 Crucennacensis

1136 638 1364 678 dioeceseos
1389 642 1646 691 Moguntinae
1671 645 1774 682 circa
1807 645 1882 683 An.
1916 646 2033 684 4440.
2062 647 2110 685 de.

1137 711 1214 749 quo
1241 701 1490 740 Trithemius
1521 702 1570 741 de
1601 704 1639 742 S.
1674 705 1719 742 E.
1750 717 1834 756 cap.
1869 707 1959 746 743.
1991 713 2031 745 et
2060 709 2109 747 de

1135 761 1405 801 luminaribus
1442 764 1680 804 Germaniae
1710 778 1797 817 cap.
1830 770 1918 807 449.
1952 770 2109 820 Scripta

1128 824 1240 871 eius⁷
1260 830 1422 873 praeter
1453 826 1664 865 Sermones
1690 827 1738 865 de
1775 834 1958 879 tempore
1991 838 2030 868 et
2059 832 2108 870 de

1133 884 1315 933 Sanctis,
1340 887 1629 926 Commentarii
1652 888 1691 926 in
1712 888 1834 928 libros
1869 891 2104 931 Echicorum

1129 946 1368 987 Aristotelis.
1410 950 1654 988 Collationes
1691 952 1915 1001 synodales
1956 955 2104 994 multas

1129 1007 1242 1046 addit
1268 1009 1456 1059 Alcgrius
1484 1023 1570 1061 pag.
1595 1012 1684 1051 33i.

1183 1071 1413 1109 MlCllAEL
1438 1070 1485 1109 de
1504 1071 1720 1111 Hombasio
1748 1086 1824 1112 non
1855 1081 1975 1114 notus
2008 1078 2102 1115 milii

1137 1131 1211 1168 nisi
1235 1144 1256 1169 e.
1282 1133 1456 1182 Cangio⁷
1482 1135 1548 1183 qui
1575 1133 1663 1183 ejus
1694 1137 1887 1186 scriptum
1921 1136 1968 1175 de
1992 1138 2103 1176 modo

1129 1191 1380 1243 si‘yni'ficamli
1401 1195 1555 1233 evolvit
1574 1197 1609 1232 in
1634 1196 1731 1234 Bibl.
1749 1198 2100 1248 Sangermanensi‚

1130 1254 1275 1292 Codice
1298 1256 1385 1294 530.
1415 1257 1516 1294 infra
1541 1256 1651 1296 Mich
1692 1257 1738 1296 (le
1763 1257 1973 1298 Morbosio.

1178 1316 1408 1354 MlCllAEL
1429 1348 1437 1364 ‚
1456 1317 1550 1356 Ord.
1572 1320 1706 1356 Minor.
1726 1319 1945 1370 Inqicisitor
1963 1322 2104 1361 haere-

1132 1376 1233 1414 ticae
1263 1379 1477 1426 pravitatis
1517 1380 1553 1416 in
1595 1379 1819 1419 Arelatensi
1840 1412 1847 1425 ‚
1895 1383 2099 1433 Aquensi,

1130 1437 1412 1477 Ebredunensi
1443 1444 1483 1477 et
1510 1441 1726 1479 Viennensi
1753 1445 1969 1492 provinciis
1994 1476 2004 1493 ‚
2033 1457 2102 1483 cu-

1127 1498 1194 1548 jus
1221 1500 1472 1541 Sententiam
1513 1508 1650 1541 contra
1689 1509 1861 1553 quatuor
1896 1507 2100 1544 Minoritas

1131 1561 1364 1600 combustos
1390 1565 1426 1600 in
1452 1565 1623 1602 Massilia
1650 1565 1724 1603 An.
1749 1567 1851 1605 4318
1877 1568 1999 1605 edidit
2025 1572 2095 1608 Ba-

1131 1621 1261 1661 luzius
1287 1628 1382 1661 tom.
1406 1626 1441 1663 4.
1462 1627 1571 1663 Misc.
1595 1637 1684 1677 pag.
1715 1628 1802 1666 498.
1829 1632 1867 1665 et
1892 1630 1982 1667 ⁶272.
2009 1642 2094 1681 seq.

1129 1683 1308 1733 Epistola
1326 1687 1491 1725 Joannis
1509 1689 1634 1726 XXII.
1653 1689 1701 1727 ad
1726 1689 1831 1728 hunc
1849 1691 2095 1740 michaelem,

1131 1745 1224 1783 ibid.
1252 1759 1339 1797 pag.
1368 1749 1457 1787 495.

1184 1809 1406 1848 MICHAEL
1454 1810 1711 1860 Loehmaz'er,
1756 1814 1982 1852 Canonicus
2019 1827 2094 1854 non

1129 1871 1348 1909 Patavinus
1371 1872 1408 1909 in
1436 1873 1574 1921 Italia,
1601 1873 1668 1911 sed
1707 1875 1983 1924 Pataviensis⁷
2009 1879 2095 1916 sive

1135 1933 1413 1971 Passaviensis
1435 1936 1471 1971 in
1493 1936 1658 1973 Bavaria
1679 1964 1686 1982 ‚
1706 1935 1940 1985 Tlieologiae
1963 1944 2003 1976 et
2026 1941 2095 1978 Ju-

1135 1995 1189 2031 ris
1214 1995 1402 2033 Canonici
1424 1997 1567 2034 Doctor
1591 1998 1694 2035 circa
1720 1996 1794 2035 An.
1821 1998 1937 2036 4496.
1971 2001 2093 2038 liuius

1131 2060 1192 2093 est
1224 2055 1459 2094 Parocliiale
1482 2057 1745 2104 C-uratorzcm,
1773 2064 1861 2108 post
1895 2060 2092 2099 editiones

1131 2118 1237 2167 Lips.
1269 2118 1385 2156 4497.
1422 2120 1720 2168 [laganoensem
1758 2119 1870 2158 4498.
1905 2127 1945 2159 et
1970 2124 2090 2161 Paris.

1132 2180 1247 2218 4543.
1268 2182 1509 2218 recensitum
1537 2181 1560 2218 a
1581 2181 1777 2219 Guilelmo
1797 2183 1965 2231 beseno,
1988 2184 2093 2222 Ana-

1129 2242 1372 2290 xipolitano‚
1398 2243 1515 2280 Basil.
1546 2243 1660 2282 4544.
1689 2243 1723 2281 li.
1750 2243 1923 2282 divisum
1950 2246 1987 2282 in
2012 2247 2091 2284 tra-

1130 2307 1264 2341 ctatus
1289 2303 1455 2342 decern:
1483 2306 1517 2351 4)
1549 2303 1597 2342 de
1629 2305 1713 2342 iure
1750 2306 1962 2354 parochiali
1994 2307 2091 2356 quid

1130 2366 1183 2402 sit
1207 2369 1248 2402 et
1274 2366 1311 2403 in
1338 2365 1486 2415 quibus
1506 2366 1712 2403 consistat.
1736 2366 1779 2414 Ξ)
1798 2366 1846 2403 de
1871 2366 2036 2405 decimis
2053 2373 2093 2404 et

1131 2427 1316 2475 primitiis
1355 2428 1390 2474 3)-
1412 2427 1460 2465 de
1481 2427 1745 2465 oblationibus
1770 2428 1802 2475 4)
1820 2427 1868 2465 de
1889 2430 2091 2477 poeniten-

1130 2489 1196 2526 tiis
1221 2488 1470 2537 recipiendis.
1487 2488 1523 2533 ὕ)
1541 2487 1589 2525 de
1608 2490 1738 2526 Missis
1759 2488 1966 2526 audiendis
1987 2488 2021 2526 (il
2040 2489 2088 2526 de

1131 2549 1350 2597 sepulturis
1375 2553 1415 2585 et
1434 2548 1621 2586 remediis
1642 2550 1881 2587 animarum.
1897 2550 1931 2595 7]
1953 2549 2001 2586 de
2019 2551 2089 2587 Ca-

1131 2611 1271 2647 nonica
1297 2611 1488 2659 portione.
1516 2610 1551 2656 8)
1570 2609 1618 2646 de
1643 2609 1916 2647 benedictione
1938 2611 2089 2648 nuben-

1130 2673 1242 2709 tium.
1276 2672 1313 2719 9)
1337 2670 1385 2707 de
1415 2670 1623 2708 collatione
1659 2672 2007 2709 sacramentorum
2047 2677 2087 2708 et

1133 2733 1191 2778 40)
1230 2731 1278 2769 de.
1318 2731 1539 2769 redditibus
1568 2732 1899 2781 qualitercunque
1939 2732 2087 2770 Curato

1128 2793 1469 2843 provenientibus
1501 2795 1711 2831 Sermones
1743 2792 1787 2830 dc
1813 2794 1971 2831 Sanctis
2000 2795 2085 2831 sive.

1128 2855 1417 2903 promtuarium
1458 2865 1688 2892 sermonum
1716 2856 1752 2891 iii
1794 2855 2007 2900 Evangelia
2034 2856 2086 2892 se-

1128 2916 1284 2954 stivalia
1310 2917 1433 2953 totius
1457 2917 1579 2962 anni.
1606 2928 1677 2953 nec
1710 2927 1784 2953 non
1827 2917 1862 2953 in
1890 2917 2086 2954 Ecclesia-

1126 2988 1213 3015 rum
1237 2976 1506 3014 dedicationes
1523 2981 1561 3014 et
1580 2979 1727 3026 primae
1748 2978 1888 3014 Missae
1912 2977 2086 3016 celebra-

1127 3040 1274 3076 tionem
1293 3067 1302 3084 ,
1326 3039 1532 3087 llaganoae
1559 3037 1673 3076 4497.
1702 3039 1817 3076 4400.
1846 3039 1948 3076 4512
1982 3040 2083 3077 4516

1129 3101 1161 3137 4.
1188 3111 1279 3138 cum
1306 3099 1558 3137 sermonibus
1589 3100 1694 3137 Pauli
1721 3099 1769 3136 de
1808 3099 1946 3137 Waaii.
1987 3100 2082 3139 Vide

1125 3163 1339 3200 Robertum
1365 3161 1512 3198 Gerum
1544 3160 1590 3198 ad
1631 3162 1836 3205 Czweum,
1871 3166 1911 3198 et
1939 3162 2081 3200 Tobiae

1128 3222 1292 3261 Eckardi
1320 3222 1497 3259 notitiam
1525 3223 1826 3272 Manuscriptor.
1854 3223 1949 3261 Bibl.
1978 3225 2082 3269 Que-

1125 3284 1439 3333 dlimburgensis
1466 3294 1550 3333 pag.
1574 3283 1636 3321 54.

1179 3344 2080 3395 MlCllAEl„l3laupain,cognomentoi'llassi'slcr

1695 3426 1761 3463 161
