2517 4009
898 249 1185 288 PETRUS

55 322 276 362 Autborem
324 319 429 358 hunc
470 320 573 357 circa
616 321 765 358 exitum
805 322 913 358 Sacc.
946 322 1012 358 Xl.

52 383 320 434 probabilibus
363 382 606 419 coniecturis
651 381 868 420 deducunt.
908 383 1014 420 lnter

53 446 140 484 eius
168 454 286 495 opera
317 447 536 481 accensent
561 444 783 481 versionem
809 445 1012 483 metricam

51 511 217 546 actuum
238 505 277 543 S.
296 504 486 543 Martialis
505 505 732 554 inscriptam
752 519 758 542 :
790 504 916 543 codar,
942 505 1014 544 Pe-

51 567 109 606 tri
132 565 362 606 scholastici
391 564 438 604 cle
466 565 639 615 apostolo
663 566 814 605 Christi
831 567 1012 606 sanctiss.

53 628 140 668 viro
182 626 393 676 Martiale,
426 626 623 679 rebusque
660 627 714 666 acl
743 628 867 680 ipsum
892 629 1015 680 perti-

50 687 247 730 nentibus.
276 689 298 712 *

104 752 300 790 PETRUS
313 751 535 803 Episcopus
560 754 597 790 in
623 751 893 802 Languedocio
919 753 1014 790 infe-

49 815 152 851 riore
178 813 328 852 Galliae
352 813 590 852 Ladovensis
607 845 617 861 ,
640 815 807 864 scriptor
829 812 1017 853 Chronici

47 873 218 914 Simonis
246 874 409 915 Comitis
426 874 685 927 Montisfortis
703 906 710 924 ,
731 877 817 913 sive
842 876 926 914 libri
947 878 1010 915 cui

48 937 218 976 titulus:
266 936 491 976 Praeclara
534 938 783 976 Francorum
828 936 1012 988 facinora

44 999 242 1051 variaque
279 999 462 1050 ipsorum
497 999 718 1038 certamina
756 998 941 1050 pluribus
970 1000 1010 1038 ia

43 1061 137 1101 locis
175 1065 254 1100 tam
291 1065 430 1100 contra
469 1060 719 1100 orthodoacae
752 1060 867 1100 Fidei
887 1073 1006 1112 quam

46 1124 170 1175 Ipsius
200 1123 398 1162 Franciae
423 1126 554 1174 yentes
592 1135 670 1161 non
707 1123 871 1175 impiare
896 1128 1009 1174 qesta

44 1185 95 1223 ab
125 1186 237 1224 Anno
267 1184 428 1223 Domini
457 1186 570 1224 4204.
612 1196 742 1236 usque
771 1184 826 1223 ad
854 1184 1008 1224 Annum

50 1249 163 1287 1312.
191 1249 283 1286 Post
307 1252 486 1285 veterem
514 1248 647 1284 minus
675 1251 902 1285 accuratam
927 1246 1008 1284 edi-

43 1311 190 1348 tionem
210 1340 221 1357 ,
238 1308 487 1346 emendatior
507 1307 651 1358 prodiit
668 1308 704 1344 in
727 1307 911 1345 Guilelmi
935 1308 1009 1346 Ca-

41 1372 123 1410 telli
146 1370 309 1409 historia
329 1370 532 1408 Comitum
556 1369 720 1407 Tolosae
745 1370 865 1406 Paris.
893 1369 1009 1407 1623.

42 1434 106 1472 fol.
150 1438 191 1472 et
225 1434 266 1470 in
298 1437 404 1470 tomo
433 1432 479 1470 V.
515 1431 756 1479 scriptorum
801 1429 850 1468 de
889 1430 1008 1469 rebus

42 1495 242 1534 Francicis
265 1492 640 1532 Duchesnianorum
668 1492 776 1530 Paris
802 1492 918 1530 1619.
944 1491 1005 1529 fol.

42 1569 131 1609 pag.
155 1555 348 1596 764-792.

96 1619 290 1658 PETRUS
310 1615 570 1664 Lombardus,
591 1618 625 1665 a)
643 1628 692 1655 ex
716 1615 858 1667 oppido
879 1615 1008 1654 Nova-

42 1683 122 1721 riae
151 1682 302 1730 vicino,
341 1679 445 1730 quod
474 1680 620 1718 Lumen
649 1677 822 1716 omnium
853 1678 1005 1716 dictum

41 1744 182 1783 Jovius
196 1774 208 1793 ,
230 1743 376 1793 aliique
400 1745 629 1780 testantur:
654 1742 819 1779 Praeses
840 1740 1005 1778 Scholae

42 1805 299 1855 Theologicae
322 1805 408 1843 sive
434 1803 707 1842 Scholasticus
732 1803 852 1840 Paris.
882 1807 1003 1852 atque

41 1866 133 1906 inde
155 1877 206 1905 ex
229 1866 429 1905 Canonico
453 1866 690 1906 Carnotensi
714 1866 936 1915 Episcopus
955 1865 1004 1903 ab

41 1929 86 1967 Α.
109 1929 227 1968 1159.
249 1928 486 1966 Parisiensis
507 1926 723 1965 defunctus
746 1925 863 1964 Anno
886 1925 1002 1965 11611.

41 1991 104 2030 20.
129 1991 207 2030 Jul.
226 1991 283 2029 De
303 2000 349 2028 eo
371 1989 605 2028 Vincentius
629 1988 825 2026 Bellovac.
853 1988 1004 2038 speculi

41 2050 536 2092 hist.XX1X.Antoninus
548 2051 801 2089 Florentinus
821 2061 1004 2089 summae

46 2116 247 2154 Historiar.
278 2114 339 2151 tit.
369 2113 431 2151 18.
457 2123 542 2163 cap.
575 2112 611 2149 6.
641 2116 683 2149 et
717 2112 754 2150 7.
778 2122 823 2150 ac
847 2117 1005 2162 praeter

43 2176 244 2215 Labbeum
263 2204 274 2222 ,
298 2174 478 2213 Caveum
503 2173 684 2223 aliosque
704 2203 712 2221 ,
737 2179 778 2211 et
802 2175 1001 2224 Hottinge-

43 2249 132 2277 rum
160 2241 270 2288 parte
308 2238 344 2276 3.
375 2236 470 2274 hist.
508 2236 661 2274 Eccles.
700 2246 776 2286 pag
819 2234 883 2274 72.
918 2246 1000 2284 seq.

43 2299 337 2339 Sammarthani
363 2289 459 2337 t'om.
500 2300 535 2337 1.
574 2309 660 2349 pag.
703 2298 791 2336 435.
831 2299 1002 2335 Lazarus

40 2363 294 2413 Augustinus
313 2362 429 2400 Cotta
454 2361 491 2398 in
519 2371 659 2398 museo
674 2360 908 2399 Novariensi
925 2363 1000 2396 etc.

95 2423 197 2462 Nihil
222 2422 421 2461 celebrius
456 2426 520 2460 est
556 2421 764 2460 Lombardi
795 2421 860 2459 IV.
890 2418 1003 2458 libris

41 2483 352 2524 sententiaram:
383 2482 474 2521 inde
499 2483 584 2533 ipse
610 2483 728 2520 etiam
760 2483 864 2520 inter
884 2482 1005 2520 Scho-

38 2548 201 2586 lasticos
227 2547 418 2585 Doctores
438 2544 673 2595 cognomine
700 2542 894 2593 Mayz'strz'
911 2543 1004 2581 Sen-

42 2608 254 2648 tentiarum
270 2611 334 2646 est
350 2607 597 2645 notissimus.
620 2606 835 2644 Continent
856 2604 893 2642 hi
918 2604 1003 2642 libri

40 2680 239 2710 summam
270 2668 507 2719 Theologiae
544 2678 594 2706 ex
620 2668 780 2705 Patrum
813 2665 1002 2703 selectam

90 2810 125 2850 a)
147 2809 270 2843 Eodem
293 2813 442 2851 tempore
455 2809 518 2841 ruit
538 2809 772 2840 LOMBARDUS
789 2807 946 2847 quidam,
964 2805 1009 2836 sa-

30 2861 171 2892 milinris
187 2862 217 2892 s.
238 2859 400 2898 rhomae,
418 2863 450 2891 et
467 2861 638 2891 Romanae
655 2858 823 2890 Ecclesiae
839 2857 1006 2887 Diaconus

30 2912 124 2951 cujus
139 2909 290 2950 Epistola
306 2909 351 2941 ad
362 2908 585 2940 Alexandrum
599 2909 659 2939 ln.
676 2907 756 2938 Vide
791 2907 932 2945 Pagium
961 2902 1003 2934 ad

30 2964 91 2991 An.
113 2958 205 2990 1167.
224 2966 319 2989 num.
336 2958 389 2989 22.

88 3007 125 3046 b)
147 3009 216 3038 Hoc
240 3010 290 3038 est
306 3014 476 3046 maynum
499 3006 541 3036 de
564 3005 808 3039 sacramentis
826 3004 1001 3040 volumen,

30 3059 71 3091 de
85 3065 152 3098 quo
168 3055 335 3097 appendix
350 3056 391 3086 ad
405 3057 587 3088 flenricum
602 3057 852 3087 Gaudavensem
871 3061 944 3092 cap.
957 3051 1007 3084 11.

89 3107 122 3146 c)
144 3106 249 3138 Adam
264 3103 505 3137 Tribechovius
526 3104 567 3135 de
581 3104 776 3136 doctoribus
792 3102 1003 3135 Scholasticis

58 3184 64 3189 .
79 3156 153 3189 285.

29 3167 50 3199 p
87 3207 124 3247 d)
139 3209 243 3246 supra
259 3211 333 3244 pag.
347 3203 420 3235 220.
435 3206 503 3235 sac.
524 3203 725 3234 Thomasius
743 3201 784 3233 de
804 3200 1002 3232 doctoribus

27 3256 241 3290 Scholasticis
265 3254 283 3293 s
309 3255 362 3285 lx.

87 3305 120 3345 e)
139 3304 186 3336 ld.
199 3303 240 3336 de
256 3303 369 3344 Plagio
383 3304 547 3335 litterario
565 3302 594 3341 S.
613 3301 685 3332 495.
705 3309 779 3340 seq.

92 3355 125 3396 ῐ)
145 3357 300 3385 Erasmus
328 3356 363 3385 in
390 3352 545 3384 Matthaei
566 3353 590 3382 1.
615 3350 659 3381 lu.
677 3350 782 3381 Haud
797 3355 1002 3386 aspernan-

1973 250 2050 290 229

1091 321 1269 371 scriptis,
1301 327 1340 358 et
1372 321 1556 359 methodo
1587 321 1821 360 scholastica
1852 321 2048 371 digestam

1091 384 1160 428 ita,
1179 387 1221 420 ut
1241 383 1337 420 libro
1356 384 1481 433 primo
1500 395 1568 434 per
1584 384 1860 422 distinctiones
1877 384 2049 422 XLVlll.

1088 435 1265 473 doctrina
1296 436 1344 473 (10
1385 437 1485 475 DEO
1512 448 1589 475 uno
1611 442 1651 475 et
1686 438 1788 474 trino
1811 442 2047 486 exponatur.

1093 498 1202 535 Libro
1227 497 1397 536 secundo
1421 499 1549 548 capita
1574 498 1622 536 (10
1642 500 1867 545 creatione,
1899 498 2051 548 angelis

1088 564 1129 596 et
1169 559 1328 597 homine
1359 559 1491 609 laspo,
1520 571 1589 609 per
1613 560 1892 598 distinctiones
1916 561 2050 599 XLlV.

1092 620 1204 658 Libro
1234 621 1347 658 tertio
1389 621 1438 659 de
1462 621 1738 660 lncarnatione
1769 622 1884 660 Verbi
1923 627 1963 660 et
2000 622 2049 660 dc

1089 681 1291 720 Charitate
1309 683 1393 720 DEl
1411 694 1455 720 ac
1475 684 1640 732 proximi
1660 713 1667 729 ,
1686 695 1754 733 per
1771 682 2049 722 distinctiones

1089 745 1167 782 XLV
1199 744 1312 782 Libro
1336 748 1482 794 quarto
1506 744 1552 783 de
1583 746 1852 783 Sat-ramentis
1877 746 1912 791 b)
1938 751 1977 783 et
2001 745 2049 784 de

1088 809 1258 854 quatuor
1284 807 1514 844 novissimis
1541 818 1608 856 per
1632 806 1911 844 distinctiones
1934 809 2049 856 quin—

1088 868 1290 917 quaginta.
1321 867 1401 904 Non
1428 872 1490 905 est
1522 868 1750 906 incredibile
1784 869 2047 907 Lombardum

1087 931 1190 967 sicut
1213 941 1262 967 ex
1283 929 1393 975 aliis,
1421 930 1470 967 ita
1488 930 1703 979 profecisse
1718 931 1836 968 etiarn
1858 942 1905 968 ex
1930 931 2051 968 Joan-

1086 990 1146 1029 nis
1169 990 1467 1036 Damascenz'z'cl
1499 992 1606 1030 libris
1623 991 1672 1029 (le
1693 991 1920 1030 Ortbodoxa
1944 992 2019 1031 lide
2039 1022 2046 1039 ,

1086 1063 1225 1090 recens
1250 1058 1334 1091 tum
1359 1054 1380 1091 e
1404 1053 1554 1091 Graeco
1581 1054 1734 1100 versis,
1759 1064 1830 1091 nec
1857 1064 1932 1090 non
1960 1054 1980 1091 e
2006 1055 2049 1091 li-

1084 1114 1164 1151 bris
1188 1115 1460 1164 Praeceptoris
1488 1116 1548 1153 sui
1581 1115 1723 1153 PETRI
1758 1112 1980 1152 Abaelarili
2007 1115 2044 1163 d)

1083 1180 1151 1212 aut
1173 1176 1204 1212 si
1233 1175 1336 1213 velis
1360 1177 1480 1214 etiam
1506 1188 1555 1214 ex
1581 1177 1753 1227 Magistri
1780 1176 1983 1215 BANDlNl
2008 1189 2042 1224 e)

1084 1248 1242 1275 summa
1260 1237 1494 1288 Theologica
1513 1240 1599 1276 sive
1619 1238 2046 1275 sententiarum'fheo-

1083 1297 1240 1346 logicar.
1282 1299 1391 1336 libris
1438 1297 1499 1337 tv,
1537 1299 1654 1337 editis
1690 1299 1833 1336 deinde
1873 1300 2047 1337 Viennae

1084 1359 1199 1396 1519.
1221 1364 1356 1396 tamen
1377 1360 1493 1409 plagii
1513 1359 1598 1397 ideo
1624 1362 1855 1409 neutiquam
1875 1371 2045 1409 arguen-

1082 1419 1159 1457 dus
1181 1420 1275 1457 mihi
1303 1420 1462 1458 videtur
1483 1452 1493 1469 ‚
1520 1422 1729 1471 praecipue
1751 1432 1842 1459 cum
1873 1422 1920 1460 de
1948 1423 2047 1459 Ban-

1081 1481 1174 1519 dino
1212 1493 1291 1519 non
1325 1483 1378 1520 sit
1410 1482 1507 1520 adeo
1532 1483 1784 1532 exploratum
1817 1494 1913 1520 num
1952 1488 2046 1520 ante

1084 1543 1348 1582 Lombardum
1370 1545 1596 1594 scripserit,
1613 1543 1683 1581 sed
1700 1545 1898 1593 epitomen
1917 1545 2047 1593 potius

1081 1605 1283 1654 quandam
1328 1607 1621 1644 sententiarum
1662 1603 1868 1643 Lombardi
1897 1604 2043 1642 referre

1080 1672 1212 1718 potest
1236 1667 1373 1706 videri:
1391 1679 1637 1722 quamquam
1654 1678 1730 1705 non
1748 1678 1840 1705 eum
1860 1670 2048 1716 putemus

1079 1729 1251 1768 eundem
1269 1741 1360 1769 cum
1379 1729 1779 1779 BAlN'DlNOjuniore,
1797 1728 1846 1766 de
1863 1738 1941 1778 quo
1959 1728 2047 1775 (262

1077 1791 1295 1830 debebatur
1317 1793 1422 1842 loqui
1440 1793 1448 1838 “)
1466 1803 1586 1842 supra
1604 1796 1631 1828 t.
1651 1793 1685 1829 1.
1706 1803 1740 1842 p.
1767 1791 1855 1829 138.
1872 1794 1912 1827 et
1946 1800 2048 1838 quae

1078 1854 1265 1892 audacior
1279 1853 1507 1904 conjectura
1532 1852 1677 1892 Oudini
1693 1857 1755 1891 est
1771 1857 1797 1889 t.
1817 1853 1854 1890 2.
1876 1863 1911 1902 p.
1932 1850 2047 1889 4222.

1129 1917 1208 1955 Nec
1229 1927 1445 1955 numerum
1462 1917 1560 1954 inire
1576 1914 1795 1953 editionum
1818 1943 1826 1958 ,
1846 1924 1918 1951 nec
1939 1923 2046 1950 com-

1082 1979 1367 2017 mentariorum
1394 1977 1512 2028 hujus
1536 1977 1704 2028 Operis,
1726 1977 1793 2026 qui
1811 1980 1907 2013 sunt
1930 1976 2046 2012 innu-

1081 2040 1290 2078 merabiles
1307 2071 1318 2088 ,
1342 2041 1522 2078 notitiam
1544 2039 1773 2077 distinctam
1799 2037 1894 2075 dare
1921 2037 2012 2074 licet
2033 2048 2042 2071 .·

1077 2113 1170 2139 cum
1205 2102 1315 2140 enim
1360 2114 1429 2152 per
1459 2103 1572 2152 plura
1616 2101 1751 2139 secula
1790 2109 1957 2147 regnum
2003 2098 2041 2134 in

1078 2163 1232 2201 Scholis
1263 2164 1299 2211 f)
1330 2164 1573 2210 obtinuerit,
1599 2162 1783 2201 Scotistis
1805 2171 1881 2197 non
1909 2160 2041 2197 minus

1076 2236 1197 2274 quam
1219 2226 1437 2263 Thomistis
1461 2225 1690 2274 probatum.
1711 2233 1788 2259 non
1812 2222 1955 2259 mirum
1979 2224 2041 2257 est

1078 2290 1134 2322 tot
1157 2284 1331 2324 editores
1357 2290 1414 2323 tot
1441 2287 1682 2334 interpretes
1709 2283 1919 2327 babuisse,
1946 2290 2042 2329 quo-

1077 2358 1165 2384 rum
1189 2347 1392 2384 centurias
1415 2345 1476 2383 vel
1504 2345 1599 2383 haec
1629 2343 1870 2382 Bibliotheca
1896 2342 2006 2378 offert
2029 2371 2036 2378 .

1079 2409 1114 2445 in
1135 2408 1304 2446 INDICE
1327 2406 1534 2453 notandae,
1554 2410 1595 2444 ut
1615 2405 1690 2443 illis
1707 2401 1965 2441 recensendis
1988 2401 2039 2438 fa-

1077 2470 1150 2508 cile
1179 2470 1322 2519 aliquis
1351 2471 1471 2507 etiam
1513 2468 1684 2517 diligens
1715 2465 1867 2515 fatigari
1900 2464 2035 2512 possit.

1079 2531 1282 2569 Editiones
1313 2532 1558 2569 vetustiores
1587 2528 1775 2566 celebrari
1815 2524 1930 2562 video
1966 2525 2038 2562 No-

1080 2592 1192 2630 rimb.
1218 2591 1334 2630 ⁴474.
1368 2591 1484 2630 1178.
1510 2591 1625 2629 1199.
1655 2589 1716 2626 iol.

1133 2654 1259 2692 Venet
1281 2654 1396 2693 1177.
1430 2653 1541 2692 1180.
1575 2651 1637 2689 sol.
1660 2655 1699 2688 ct
1731 2648 1844 2688 ⁴507.
1880 2648 1913 2685 4,
1945 2658 2037 2685 cum

1070 2796 1136 2826 dus
1154 2796 1348 2836 Theoloyus
1362 2797 1479 2826 Petrus
1496 2792 1733 2834 Longobardus
1744 2814 1754 2828 ‚
1767 2786 1944 2845 ‘Pssxl‘q-ss'oss
1961 2785 2038 2823 ejus

1072 2851 1192 2889 operis
1211 2850 1304 2890 qaod
1327 2853 1456 2880 vocant
1482 2848 1730 2880 Sententiarum
1742 2867 1751 2883 ‚
1768 2852 1868 2883 quem
1882 2841 2042 2871 arbitro:-

1070 2899 1210 2938 quidem
1231 2904 1265 2930 et
1286 2898 1436 2939 probum
1459 2897 1573 2936 fuisse
1595 2896 1732 2931 Vtrum,
1756 2897 1787 2924 et
1808 2898 1842 2923 ut
1863 2892 1929 2923 itta
1948 2890 2043 2929 sere-

1070 2948 1129 2981 bat
1153 2954 1255 2980 aetas
1278 2949 1469 2980 eruditum.
1495 2948 1606 2984 Atque
1630 2944 1767 2974 utinam
1807 2941 1907 2971 illius
1939 2938 2040 2969 labor

1071 3004 1145 3029 tam
1179 2998 1336 3037 feliciter
1367 2997 1537 3029 cessisset
1565 2993 1649 3026 Orbi
1674 2991 1882 3024 Christiano
1902 3014 1911 3026 ,
1935 2997 2042 3028 quam

1069 3047 1189 3079 abillo
1213 3052 1396 3087 susceptus
1414 3051 1465 3077 est
1488 3046 1546 3085 pto
1566 3044 1684 3074 stadio
1715 3040 1893 3079 Siquidem
1923 3047 2042 3078 appa·

1069 3102 1121 3128 ret
1139 3098 1240 3128 illam
1264 3097 1327 3128 hoc
1351 3097 1467 3137 eyisse
1487 3119 1496 3133 ‚
1516 3099 1552 3124 ut
1576 3092 1682 3123 semel
1699 3090 1859 3121 collectis
1882 3097 1972 3127 quae
1990 3087 2038 3117 ad

1069 3156 1141 3177 rem
1158 3146 1403 3186 pertinebant,
1430 3142 1660 3182 quaestiones
1684 3148 1804 3170 ornnes
1821 3137 2037 3169 excluderet.

1070 3196 1136 3226 sed
1160 3203 1202 3225 ea
1219 3204 1276 3225 res
1293 3195 1331 3224 in
1349 3194 1528 3224 diversum
1552 3191 1654 3221 exiit.
1681 3189 1844 3219 Videmus
1863 3187 1956 3217 enirn
1992 3196 2038 3218 ez

1067 3254 1105 3274 eo
1123 3252 1226 3283 opere
1244 3251 1426 3282 'tunquam
1455 3241 1693 3280 finiendarum
1707 3238 2037 3277 quaestionantium

1067 3292 1234 3323 (amrinum
1249 3316 1259 3329 ,
1284 3292 1345 3321 seit
1365 3291 1479 3321 maria
1498 3289 1717 3329 prorupisse.

1669 3410 1736 3447 1813
