2533 4009
412 234 491 274 622

412 304 641 347 Martxrium
661 296 831 336 subiisse
854 291 972 340 vulgo
999 286 1161 326 tradunt
1187 290 1363 334 tempore

412 347 602 406 Gallieni.
646 362 801 399 Cat-eus
844 352 976 404 paullo
1024 355 1116 388 ante
1167 347 1361 387 Ambrosii

413 436 584 478 tempora
604 423 749 460 vixisse
765 416 903 456 credit.
926 415 1054 452 Vitam
1076 410 1163 461 ejus
1179 419 1363 448 sermone

411 491 541 530 Italico
571 484 677 524 dedit
720 481 896 529 Baptista
941 478 1151 520 Perottus,
1192 483 1293 522 quae
1325 472 1362 508 in

412 556 576 600 utraque
606 545 774 584 editione
808 537 1023 578 Veronensi
1056 535 1235 574 habetur.
1259 535 1362 572 Ean—

411 613 498 651 dem
526 610 632 660 justo
663 602 979 647 Commentario,
1027 598 1187 636 insertis
1221 594 1360 642 Actis,

411 673 580 723 explicat
609 664 854 705 Godofredus
886 660 1220 701 llensclienius'in
1252 658 1362 698 Actis

412 738 645 775 Sanctorum
672 734 776 767 tomo
803 727 844 764 11.
867 723 1011 774 Aprilis
1032 735 1068 773 p.
1089 723 1152 761 69.
1177 723 1238 761 001
1263 721 1362 759 adde

414 797 561 837 ltaliam
588 802 739 831 sacram
767 795 872 827 tomo
900 787 944 825 V.
967 798 1004 837 p.
1029 785 1120 823 679.
1143 785 1165 823 f.
1193 789 1233 823 et
1262 784 1365 822 Ceil-

414 859 551 898 lerium
575 862 667 894 tom.
695 852 793 891 Vlll.
816 853 868 889 De.
893 853 1021 888 aetate
1042 847 1248 899 disputant
1268 857 1364 897 quo-

415 933 490 973 que
512 919 674 956 Vossius
690 921 728 953 et
754 912 936 953 Sandius.

469 984 640 1022 Exstant
670 978 758 1028 ejus
779 978 984 1016 Sermones
1005 973 1106 1013 ultra
1132 973 1304 1012 Centum
1328 977 1368 1012 et

416 1048 587 1096 triginta,
614 1043 790 1093 plerique
822 1049 896 1077 non
930 1048 1094 1088 magnae
1117 1036 1243 1086 molis,
1269 1047 1370 1087 quos

415 1110 485 1147 viri
534 1106 634 1145 docti
682 1115 758 1142 non
802 1112 941 1140 omnes
986 1100 1180 1150 genuinos
1229 1099 1370 1137 volunt

414 1180 638 1220 agnoscere.
670 1167 786 1206 Certe
811 1168 896 1202 orta
926 1164 1006 1214 jam
1039 1161 1192 1200 haeresi
1224 1160 1369 1199 Ariana

415 1233 583 1282 scriptos
611 1240 699 1268 esse
731 1227 858 1279 palam
890 1231 977 1272 est,
1010 1235 1202 1275 quorsum
1252 1224 1371 1274 perti-

416 1300 511 1334 nent
540 1299 622 1332 tres
654 1293 706 1331 illi
737 1289 783 1329 de
812 1293 977 1328 aeterna
1003 1286 1094 1326 Filii
1114 1286 1188 1325 Dei
1205 1297 1372 1337 qenero-

417 1358 537 1396 1100οῑ
564 1361 603 1394 et
635 1354 814 1395 Labbeus
844 1352 1030 1390 observat
1051 1356 1145 1389 tom.
1163 1351 1206 1388 11.
1223 1361 1259 1400 p.
1280 1348 1372 1387 509.

417 1425 586 1471 quatuor
615 1430 663 1456 ex
694 1417 771 1455 illis
803 1417 905 1453 inter
942 1414 1122 1452 homilias
1165 1412 1202 1450 S.
1242 1411 1371 1450 Basilii

417 1482 589 1533 reperiri,
620 1480 715 1519 alios
753 1490 801 1517 ex
833 1478 1126 1518 Commentario
1158 1475 1290 1514 Hilarii
1334 1475 1370 1511 in

418 1546 606 1589 Psalmos‚
650 1543 747 1581 alios
791 1540 950 1580 aliunde
999 1539 1227 1590 depromtos
1270 1547 1371 1575 esse.

417 1608 512 1647 Vide
543 1605 842 1644 Tillemontium
873 1608 979 1641 tomo
1009 1601 1076 1641 111.
1120 1603 1217 1640 llist.
1247 1601 1376 1650 Impe-

419 1677 607 1718 ratorum,
633 1672 766 1707 annot.
788 1667 824 1705 6.
849 1666 894 1705 ad
920 1665 1237 1716 persecutionem
1265 1664 1375 1702 Vale-

418 1736 530 1781 riani,
562 1738 597 1770 et
634 1732 815 1770 Rivetum
844 1733 949 1766 tomo
983 1727 1047 1766 111.
1074 1727 1171 1776 Opp.
1208 1737 1243 1776 p.
1283 1725 1373 1764 611.

419 1799 502 1836 Non
523 1798 617 1835 sunt
643 1795 850 1834 Sermones
882 1789 940 1829 illi
961 1790 1078 1841 paris
1103 1787 1197 1835 stili,
1215 1787 1373 1840 judicii,

415 1858 549 1908 seculi,
588 1868 711 1909 neque
754 1854 850 1893 culeo
880 1853 997 1892 unius
1042 1851 1283 1902 leeoloyiae,
1331 1853 1376 1888 ut

415 1921 514 1961 alibi
533 1920 726 1960 docemus.
775 1918 829 1956 lta
857 1916 1040 1956 Bartli³us
1075 1914 1123 1954 ad
1155 1915 1268 1954 Statii
1300 1914 1375 1953 Sil-

418 1996 488 2024 vas
513 1985 554 2023 V.
577 1984 611 2022 1.
633 1984 722 2022 256.
743 1981 803 2020 An
832 1991 924 2018 vero
949 1978 1037 2018 alibi
1060 1976 1152 2016 illud
1181 1976 1372 2023 docuerit,

418 2050 612 2087 incertum
661 2049 746 2091 est,
791 2044 881 2094 quia
926 2040 1238 2081 commentarios
1286 2040 1373 2078 illos

419 2109 630 2150 admodum
653 2119 775 2146 senex
796 2105 1046 2155 conscripsit.
1075 2102 1219 2141 Contra
1238 2102 1375 2153 genui—

421 2184 493 2212 nos
520 2183 608 2210 esse
641 2169 846 2209 contendit.
883 2172 922 2205 et
965 2165 1080 2205 valde
1121 2164 1256 2204 laudat
1300 2166 1376 2203 Bu-

419 2236 590 2274 0000005
621 2235 782 2272 Dissert.
807 2230 1042 2270 Academica
1070 2227 1161 2266 389.
1202 2239 1238 2277 p.
1283 2227 1373 2266 257.

422 2298 564 2337 Stilum
580 2298 614 2334 in
636 2297 698 2334 illo
712 2294 993 2334 scintillantem
1011 2290 1266 2329 commendat
1285 2291 1378 2328 Bar-

423 2360 530 2398 thius
554 2364 593 2397 et
620 2357 831 2409 Apulejum
859 2355 1131 2395 Christianum
1165 2352 1260 2392 dicit
1284 2352 1379 2402 ,Ad-

425 2433 528 2461 vers.
550 2421 684 2461 XLlll.
709 2420 769 2459 10.
799 2418 845 2457 ad
881 2416 1145 2455 Claudianum
1188 2427 1223 2466 p.
1260 2414 1378 2454 1231.

425 2491 463 2524 et
484 2485 529 2523 ad
554 2484 721 2522 Statium
748 2480 968 2521 Thebaidos
992 2481 1035 2518 ll.
1062 2479 1152 2518 213.

477 2547 579 2587 Editi
606 2551 701 2585 sunt
725 2546 776 2584 illi
803 2544 1014 2583 Sermones
1037 2544 1209 2594 primum
1234 2552 1254 2580 a
1277 2541 1382 2580 Gua-

427 2614 509 2651 rino
534 2611 747 2650 Veronensi
775 2608 950 2647 Venetiis
982 2606 1094 2646 1508.
1134 2605 1276 2644 deinde
1313 2617 1380 2644 au·

427 2676 559 2726 spiclis
584 2672 791 2723 Augustini
819 2671 974 2718 Valerii,
1001 2670 1181 2720 Episcopi
1205 2669 1380 2707 Veronae

428 2743 466 2775 et
496 2735 726 2779 CardinaliS,
757 2744 850 2772 cura
888 2731 1098 2782 Raphaelis
1143 2733 1311 2781 Bagatae
1341 2734 1381 2768 et

430 2801 628 2850 Baptistae
645 2797 786 2836 Peretti
812 2794 1044 2845 prodierunt
1067 2795 1243 2831 Veronae
1265 2793 1378 2832 1586.

432 2860 467 2899 [ι.
493 2861 645 2912 repetiti
679 2857 932 2910 postmodum
967 2857 1002 2895 in
1034 2855 1286 2895 Bibliothecis
1315 2856 1383 2893 Pa-

431 2929 549 2971 trum,
594 2921 752 2961 tandem
797 2930 955 2958 rursum
993 2919 1168 2957 Veronae
1200 2919 1314 2957 1710.
1346 2918 1381 2962 4.

429 2986 543 3036 jussu
569 2986 625 3022 1ο.
649 2982 843 3022 Francisci
870 2980 1085 3021 Borbadici.
1111 2981 1291 3031 Episcopi
1311 2980 1382 3018 Ve-

437 3049 626 3092 ronensis,
658 3047 694 3083 in
726 3056 802 3095 qua
832 3043 1002 3082 editione
1049 3043 1142 3081 nillil
1187 3043 1380 3090 accessit,

439 3110 528 3147 nillil
560 3107 814 3147 emendatum
854 3111 926 3154 est,
961 3105 1067 3144 unde
1100 3116 1219 3144 manu
1248 3106 1383 3143 critica

438 3171 694 3208 veliementer
722 3174 834 3218 eget,
861 3168 906 3206 ad
939 3167 1106 3206 Codices
1143 3167 1248 3206 MSS.
1281 3167 1386 3205 solli-

441 3233 515 3268 cite
546 3231 797 3269 recensenda.
829 3230 960 3268 Melior
996 3228 1114 3267 editio
1145 3229 1286 3280 prodiit
1315 3229 1388 3268 Vc-

502 3361 545 3398 (a)
565 3361 681 3390 Journ.
702 3361 758 3392 (les
775 3361 918 3392 scavans
942 3362 1032 3391 tnt.
1054 3360 1119 3391 Dec·
1150 3369 1180 3400 p.
1202 3362 1273 3390 111.

1213 209 1578 252 ZENOBIUS

1443 292 1562 320 ronae
1594 279 1708 319 1739.
1733 279 1832 328 folio,
1857 290 1951 319 cura
1977 279 2078 318 Petri
2105 282 2145 317 et
2170 279 2399 330 Hieronymi

1444 344 1730 383 Ballerinorum
1765 343 1944 386 fratrum,
1977 343 2043 393 qui
2076 343 2199 380 vitam
2232 342 2400 382 Zenonis

1443 409 1643 454 enarrant,
1674 409 1713 443 et
1743 406 1889 456 scripta
1933 405 2038 444 illius
2081 405 2216 444 critice
2255 403 2397 455 dijudi-

1443 466 1621 518 cant(al

1495 531 1599 582 (316)
1626 529 1830 580 Augustae
1863 527 2157 569 vindelicorum
2195 527 2298 569 1758
2336 529 2400 569 rol.

1442 594 1609 633 Zenonis
1639 593 1875 632 Sermonum
1905 591 2035 630 Editio
2065 591 2309 631 Veronensis
2342 603 2404 632 re-

1441 667 1550 702 cusa,
1575 660 1614 693 et
1638 655 1698 693 10.
1721 654 1853 693 130001
1881 654 1980 693 Can.
2005 654 2149 692 Dionisi
2181 653 2221 692 in
2254 655 2407 694 Verona

1442 717 1558 756 1781.
1584 717 1621 756 lm.
1660 716 1794 756 Italica
1829 716 1964 756 versio
1994 716 2295 756 accuratissima
2317 726 2405 768 pro-

1443 780 1525 818 diit.

1496 844 1633 882 Sermo
1663 840 1709 881 de
1732 842 1770 881 S.
1796 839 1972 880 Arcadio
1997 843 2129 879 exstat
2158 840 2260 891 apud
2296 841 2407 881 Suri-

1443 916 1510 944 um
1541 904 1578 942 d.
1611 905 1660 943 12
1689 905 1776 943 130.
1808 908 1848 942 et
1877 914 1971 942 cura
2002 904 2060 942 J0.
2105 902 2282 941 Bollandi
2313 913 2405 943 cum

1444 966 1550 1006 MSS.
1579 967 1747 1006 collatus
1778 967 1815 1004 in
1838 964 1950 1006 Actis
1974 965 2214 1005 Sanctorum
2245 970 2351 1005 tomo
2377 966 2407 1006 1.

1445 1030 1620 1069 Januarii
1654 1041 1689 1079 p.
1723 1029 1814 1068 723.

1505 1091 1607 1141 (347)
1640 1091 1888 1132 ZENOBIUS
1925 1088 2148 1130 Acciaiuoli
2184 1094 2273 1142 post
2313 1090 2410 1130 Phil.

1449 1153 1681 1193 Beroaldum
1708 1165 1812 1193 anno
1840 1153 1954 1193 1518.
1982 1152 2160 1192 Biblioth.
2200 1152 2411 1192 Vaticanae

1449 1218 1689 1260 Praefectus,
1711 1221 1750 1254 et
1771 1217 1837 1267 qui
1861 1220 1936 1255 aet.
1953 1226 2090 1254 annor.
2111 1214 2162 1254 58
2187 1214 2282 1253 obiit
2302 1214 2340 1253 d.
2359 1214 2411 1254 27

1447 1280 1538 1318 Julii
1567 1280 1683 1319 1519.
1708 1278 1857 1318 Graeca
1880 1277 2073 1329 opuscula
2111 1274 2277 1316 Eusebii
2311 1276 2411 1317 Cae-

1448 1341 1656 1390 sariensis,
1677 1340 1944 1394 Olympz'odori
1965 1344 2003 1380 ec
2028 1341 2058 1379 T
2057 1339 2256 1379 hendoreti
2274 1341 2410 1380 Latine

1451 1406 1581 1453 vertit,
1607 1404 1815 1444 Orationes
1840 1404 1887 1442 de
1912 1402 2203 1452 laudibus‚Urb.
2224 1399 2414 1453 Neapolis

1449 1473 1490 1506 et
1515 1470 1659 1507 Romae
1684 1471 1723 1505 et
1747 1467 1822 1505 alia
1846 1467 2040 1517 vulgavit,
2059 1470 2102 1505 ut
2127 1466 2164 1503 in
2185 1476 2246 1515 op.
2268 1464 2415 1504 Istorioi

1451 1528 1555 1581 (leylt'
1578 1528 1768 1569 Scritcorz·
1786 1528 2007 1568 Fiorentim·
2019 1527 2182 1579 pag.48.
2192 1527 2414 1576 retulimus,

1452 1598 1492 1631 et
1518 1593 1565 1630 ibi
1591 1594 1678 1631 eius
1702 1592 1878 1642 Epistola
1899 1593 1954 1630 Dc
1972 1590 2144 1630 Eusebio
2159 1589 2206 1629 ad
2225 1591 2282 1629 10.
2295 1591 2415 1630 Fran-

1452 1657 1602 1696 ciscum
1629 1658 1761 1694 Picum
1789 1651 2372 1703 1ogenda.videACClAlOL1.
2415 1694 2417 1696 ,

1505 1718 1749 1757 ΖΕΝΟΒΙΠΞ
1779 1718 1928 1765 Strata,
1955 1716 2220 1763 Florentinus‚
2241 1714 2407 1755 Joannis

1451 1780 1706 1819 Grammatici
1736 1779 1855 1823 111105,
1884 1778 2067 1818 liberales
2096 1783 2204 1817 artes
2252 1778 2413 1817 Floren-

1453 1845 1528 1882 tiae
1558 1843 1703 1890 doeuit,
1740 1846 1780 1880 et
1823 1842 1919 1880 Pisis
1963 1851 1985 1879 a
2029 1840 2167 1880 Carolo
2198 1840 2260 1880 IV.
2291 1841 2424 1880 Poeta·

1451 1910 1666 1944 coronatus
1690 1909 1764 1943 est.
1795 1905 1900 1943 Vixit
1921 1904 2024 1942 circa
2054 1914 2087 1941 3.
2116 1900 2231 1942 1355.
2250 1906 2290 1941 et
2319 1903 2410 1942 Ver-

1449 1979 1518 2008 sus
1548 1969 1588 2007 in
1617 1968 1852 2020 Splzaeram,
1894 1977 1965 2005 nec
1998 1977 2074 2004 non
2108 1964 2334 2005 Orationem
2363 1965 2410 2005 cle

1448 2031 1561 2084 fama
1589 2030 1636 2071 ad
1668 2031 1852 2070 Carolum
1897 2030 1959 2068 1V.
2003 2029 2102 2078 Imp.
2133 2028 2304 2080 reliquit.
2344 2027 2405 2068 Ad

1452 2096 1580 2145 ipsum
1612 2097 1773 2132 exstant
1802 2091 2000 2142 Epistulae
2031 2091 2226 2129 Francisoi
2258 2092 2411 2129 Petrar-

1453 2158 1550 2196 chae
1582 2156 1764 2194 versibus
1794 2154 2054 2204 conscriptae.
2094 2151 2273 2192 Moralia
2317 2152 2412 2192 Gre-

1454 2221 1547 2272 gorii
1567 2219 1691 2269 Magni
1719 2219 1755 2256 in
1778 2227 2003 2256 sermonem
2028 2215 2208 2254 Italicum
2235 2219 2414 2255 transtu-

1455 2284 1511 2330 lit,
1543 2283 1735 2333 impressa
1781 2279 1999 2318 Florentiae
2049 2277 2152 2318 1186
2212 2278 2275 2317 fol.
2323 2280 2415 2318 Poo-

1455 2346 1586 2384 ciantii
1603 2343 1928 2393 Catal.Soriptor.
1941 2342 2258 2380 Florentinorum
2277 2340 2416 2392 p.170.

1456 2408 1584 2447 Julius
1596 2408 1711 2457 Niger
1726 2405 1773 2444 de
1791 2406 1979 2456 Scriptor.
1995 2404 2234 2443 Florentinis
2259 2415 2297 2454 p.
2321 2402 2414 2443 537.

1514 2471 1619 2522 (318)
1640 2466 1814 2515 Zenobii,
1831 2468 1896 2518 qui
1914 2466 2081 2506 docente
2099 2466 2166 2505 Ph.
2184 2465 2324 2505 Villani
2341 2470 2417 2504 aet.

1458 2545 1518 2572 30.
1533 2534 1593 2572 19.
1609 2533 1777 2571 oblitan.
1797 2531 1898 2570 1364
1919 2528 2232 2582 EpistolaeCCL.
2245 2531 2411 2568 exstant

1461 2597 1886 2636 inTbesauriMartene
1911 2598 1951 2632 et
1976 2590 2134 2632 Durand
2156 2590 2259 2630 Τ.11.
2276 2588 2415 2641 petit.

1459 2661 1574 2700 1071.
1605 2658 1776 2699 Moralz'a
1793 2662 1925 2697 autem
1948 2655 2098 2707 pluries
2115 2654 2308 2704 impressa
2327 2652 2413 2691 5011.

1458 2724 1498 2763 in
1518 2726 1639 2763 Roma
1660 2721 1776 2762 1714.
1799 2721 1863 2760 21.
1891 2719 1954 2760 25.
1978 2717 2041 2757 30.
2073 2718 2112 2755 10
2138 2715 2162 2755 h
2185 2726 2270 2755 cur.
2291 2713 2409 2754 Card.

1458 2788 1596 2825 ,10s.ttl.
1622 2785 1822 2825 Tommasi
1841 2787 1880 2822 et
1896 2782 2017 2821 Juxto
2034 2778 2258 2828 Fontanini‚
2274 2777 2316 2816 in
2335 2777 2417 2818 Να-

1453 2849 1538 2901 polz·
1562 2849 1675 2888 1716.
1702 2847 1739 2887 [ι.
1766 2858 1802 2885 ν.
1829 2845 1865 2884 [ι.
1892 2849 1931 2883 et
1956 2854 2083 2893 nuper
2107 2839 2323 2880 admodum
2360 2839 2419 2878 di-

1458 2912 1626 2963 ligenter
1650 2914 1816 2949 curante
1843 2908 1884 2947 V.
1902 2907 1951 2946 01.
1977 2904 2276 2945 Bartholomaeo
2301 2902 2413 2942 Sorio

1460 2975 1501 3014 C.
1532 2974 1698 3012 Orator-ii
1725 2972 1975 3022 Presbytero,
2001 2966 2042 3006 in
2068 2967 2219 3007 Verona
2249 2963 2354 3004 1852
2379 2965 2416 3002 10

1462 3038 1482 3075 1
1529 3036 1605 3074 vol.
1650 3035 1686 3073 3.
1716 3034 1947 3074 Versionem
1989 3033 2092 3081 post.
2127 3029 2170 3069 C.
2212 3025 2274 3067 18.
2318 3025 2420 3065 Libri

1460 3099 1554 3140 xlx
1580 3109 1668 3136 esse
1692 3099 1735 3136 B.
1759 3097 1816 3134 10.
1842 3092 1992 3133 'savelli
2018 3103 2037 3131 a
2063 3093 2306 3141 Tossignano
2330 3089 2421 3127 Fer-

1463 3161 1649 3201 rariensis
1660 3158 1856 3210 Episcopi,
1877 3156 1943 3207 qui
1968 3155 2062 3194 obiit
2082 3151 2229 3193 alt-46
2250 3152 2289 3190 P..
2309 3150 2421 3190 Mori-

1463 3225 1556 3275 rigia
1588 3222 1834 3269 auctoritate,
1862 3220 1898 3257 10
1932 3217 2174 3257 praefatione
2210 3213 2320 3252 Tomi
2352 3205 2417 3250 111.

1463 3286 1772 3325 demonstratur.
1790 3281 1884 3321 Vide
1900 3285 1940 3318 et
1958 3291 2019 3330 op.
2036 3276 2171 3318 Storia
2187 3272 2250 3314 del
2267 3275 2311 3313 B.
2328 3268 2420 3312 Gia-

1464 3347 1588 3387 vamzi
1609 3344 1756 3384 Tavelli
1769 3344 1822 3383 da
1843 3341 2078 3393 Tossiqreano
2102 3336 2146 3378 di
2166 3338 2211 3376 F.
2230 3333 2419 3375 Faustino
