2533 4009
435 216 512 256 hot

437 294 546 325 mio,
576 289 613 319 et
643 278 801 328 quidem
834 271 947 312 titulo
976 270 1064 319 ojus
1098 269 1199 306 male
1244 269 1395 306 intelle-

435 355 522 386 cto.
552 343 737 390 originem
771 333 899 372 habet.
931 330 1041 369 Adde
1073 329 1274 370 Oudinum
1300 335 1394 367 tom.

434 410 495 445 111.
530 416 611 454 pag.
643 399 704 435 88-

484 465 607 509 Cujus
649 456 793 497 Sollius
834 451 1084 505 Apollinaris
1137 450 1394 498 SIDONIUS,

434 508 550 564 vulgo
581 518 783 559 Sidonium
813 512 1086 564 Apollinarem
1119 516 1288 555 vocant,
1328 523 1394 560 pa-

432 564 519 623 tria&
536 579 818 626 Lugdunensis
850 587 897 613 ex
931 573 1096 621 Gauiis,
1128 578 1246 611 natus
1281 573 1393 610 circi-

432 654 490 682 ter
509 627 662 682 32:⁷30.
690 641 903 686 Postquam
931 635 1060 674 studia
1085 635 1288 672 literarum
1313 645 1388 671 non

427 703 674 744 mediocriter
705 701 977 740 tractaverat,
1007 696 1124 733 Avito
1155 700 1195 732 et
1239 694 1390 732 Anthe-

427 768 500 804 mio
530 763 722 812 Augustis
764 763 903 809 gratus
949 757 1047 803 fuit,
1093 756 1139 794 ad
1185 755 1389 793 Senatoris

424 826 583 865 Romani
614 831 653 860 et
684 821 874 860 Praefecti
901 818 1012 857 Urbis
1034 817 1269 867 dignitatem
1295 827 1388 853 eve—

423 898 536 933 ctus,
569 884 728 923 tandem
760 893 780 920 a
800 880 888 919 47¹.
906 880 1129 929 Episcopus
1153 878 1388 917 Claromon-

423 955 540 986 tanus
571 948 608 984 in
639 944 858 988 Arvernis,
891 945 1073 979 mortuus
1105 951 1139 977 a.
1173 937 1268 976 488.
1310 937 1388 974 vel.

425 1010 511 1047 489.
545 1009 672 1045 Vitam
703 1004 790 1054 ejus
823 1003 1004 1053 pluribus
1035 1000 1168 1038 verbis
1198 1003 1386 1037 enarrant

423 1072 570 1108 Auctor
599 1076 824 1116 anonymus
839 1077 886 1102 cx
922 1065 997 1102 MS.
1029 1062 1230 1100 Orteliano
1251 1059 1385 1098 editus

423 1132 496 1169 sub
527 1130 644 1168 finem
676 1127 860 1165 editionis
893 1124 1173 1162 Wowerianae
1220 1133 1255 1171 p.
1292 1120 1380 1158 192.

423 1195 531 1230 Joan.
562 1192 738 1235 Savaro⁷
770 1188 835 1238 qui
864 1198 954 1225 eam
985 1186 1202 1223 maximam
1227 1186 1380 1232 partem

423 1265 470 1290 ex
502 1252 660 1301 scriptis
690 1249 862 1288 auctoris
891 1247 1061 1295 collegit.
1092 1244 1202 1283 Adde
1242 1243 1384 1281 Histoi-

423 1327 462 1352 re
488 1314 657 1352 literaire
687 1311 735 1348 de
767 1311 800 1348 la
828 1311 976 1347 Franco
1001 1313 1094 1344 tom.
1117 1307 1162 1344 ll.
1183 1317 1270 1355 pag.
1292 1304 1382 1342 550.

426 1379 462 1412 ν.
492 1374 540 1412 de
570 1373 731 1411 Colonia
763 1371 853 1408 hist.
892 1370 1062 1406 liter-aire
1093 1367 1140 1405 de
1168 1368 1201 1406 la
1220 1366 1318 1404 Ville
1335 1365 1383 1402 de

429 1437 533 1472 Lion.
565 1446 601 1483 p.
634 1433 720 1471 152.
751 1431 950 1469 Labbeum
981 1430 1029 1467 de
1059 1429 1198 1478 Script.
1231 1426 1385 1466 Eccles.

427 1502 545 1533 tomo.
578 1495 624 1532 ll.
654 1505 690 1542 p.
721 1492 811 1530 216.
842 1496 881 1529 et
910 1491 1020 1530 alios.

477 1557 536 1594 Ex
566 1556 723 1605 scriptis
752 1554 839 1604 ejus
870 1556 1089 1602 supersunt
1117 1553 1150 1589 1.
1194 1548 1386 1589 Carmina

426 1618 555 1655 XXIV.
593 1619 630 1654 in
661 1616 810 1665 quibus
849 1619 944 1653 sunt
974 1614 1126 1662 aliquot
1156 1611 1386 1661 l'anegyrici

426 1691 501 1716 non
534 1680 618 1715 sine
648 1677 784 1714 afflatu
819 1676 970 1725 poetico
1002 1673 1196 1723 producti.
1227 1672 1264 1709 2:
1294 1670 1387 1721 Epi-

423 1738 615 1777 stolarum
644 1735 739 1775 libri
765 1736 828 1774 IX.
858 1748 907 1773 ex
951 1735 1096 1785 quibus
1140 1744 1204 1771 res
1253 1736 1387 1782 gestae

425 1801 578 1837 illorum
611 1804 834 1848 temporum
872 1808 947 1835 non
996 1795 1247 1833 mediocriter
1299 1793 1385 1831 illu-

423 1865 612 1898 strantur.
625 1860 801 1897 389νίηο
817 1859 855 1896 in
871 1857 1052 1895 electione
1064 1855 1263 1894 Benedicti
1277 1855 1360 1894 Sim
1370 1876 1379 1881 -

419 1920 532 1971 plicii
552 1950 559 1964 ,
605 1919 907 1957 Bituricensinm
927 1918 1109 1968 Episcopi
1123 1915 1300 1961 habitus,
1326 1916 1379 1954 le-

423 1983 528 2032 gitur
559 1986 645 2031 post
674 1982 881 2031 epistolam
901 1982 966 2018 [x.
992 1980 1076 2018 libri
1096 1980 1174 2017 Vll.
1191 1979 1377 2026 Reliqua,

423 2054 524 2091 quae
556 2043 604 2080 ab
634 2044 716 2092 ipso
761 2042 822 2079 vel
870 2042 1088 2090 promissa,
1133 2041 1194 2077 vel
1239 2039 1377 2077 effecta

425 2109 547 2150 sunt,
579 2103 640 2141 vel
671 2104 789 2140 etiam
822 2102 963 2150 injuria
995 2107 1219 2150 temporum
1254 2101 1379 2149 peric-

434 2169 551 2209 runt,
583 2168 791 2201 recensent
821 2163 1003 2208 Caveus,
1044 2162 1210 2199 Historia
1255 2160 1385 2197 litera—

425 2225 476 2261 ria
507 2225 649 2270 citata,
681 2228 720 2261 et
750 2223 897 2260 Auctor
928 2222 1179 2271 praefationis
1209 2220 1256 2259 ad
1288 2231 1403 2269 ope—.

424 2280 1377 2331 raSirmondi‚quiCaveumaliquotiesemendat.

477 2344 677 2382 liditiones
706 2343 793 2392 ejus
821 2342 1063 2381 adnotarunt
1103 2344 1295 2381 Daumius
1340 2343 1376 2379 in

423 2406 580 2455 Syllabo
612 2404 822 2443 Poetarum
860 2403 1204 2449 Christianorum,
1248 2402 1379 2441 Fabri-

421 2468 506 2503 cius
537 2467 572 2503 in
604 2465 840 2503 Bibliotheca
873 2466 1008 2502 Latina
1032 2468 1071 2502 et
1100 2464 1294 2503 Auctores
1320 2463 1381 2500 Hi-

423 2528 565 2565 storiae
596 2527 788 2564 literariae
818 2527 971 2563 citatae.
1007 2526 1111 2572 Nos,
1137 2536 1261 2574 quum
1303 2534 1378 2561 non

421 2586 634 2625 admodum
667 2587 813 2625 multae
843 2587 952 2629 sint,
984 2597 1051 2624 eas
1082 2586 1220 2635 paucis
1267 2594 1379 2633 repe-

425 2653 570 2686 temus.
602 2649 728 2686 Prima
759 2654 820 2685 est
848 2647 905 2686 ,10.
934 2647 1044 2697 Bapt.
1072 2647 1122 2684 Pii
1153 2657 1245 2684 cum
1274 2636 1380 2682 com-

427 2714 549 2746 ment.
577 2708 727 2746 Mediol.
759 2709 873 2746 1198.
907 2708 971 2745 sol.
1002 2708 1168 2757 repetita
1197 2707 1246 2744 ab
1277 2707 1380 2744 Hen-

428 2771 503 2807 rico
535 2771 634 2807 Petri
667 2769 781 2807 Basil.
815 2769 927 2807 1512.
961 2770 996 2806 [ι.
1026 2769 1256 2818 Sequuntur
1285 2768 1380 2805 Tor—

429 2831 637 2875 naesiana,
668 2829 788 2878 Lugd.
822 2829 936 2867 4032
955 2830 991 2866 8.
1008 2826 1378 2866 Basileensi54597.

428 2891 450 2925 8
493 2889 788 2927 Wowerianam
821 2891 988 2939 priorem
1018 2901 1108 2927 cum
1141 2893 1274 2927 annot.
1313 2890 1377 2926 Pe-

431 2951 477 2985 tri
507 2949 652 2996 Colvii,
688 2949 807 2998 Lugd.
839 2950 900 2986 vel
928 2951 1046 2996 Paris,
1089 2950 1206 2988 1598.
1235 2950 1258 2986 8
1303 2959 1378 2985 non

433 3008 508 3044 vidi
528 3039 536 3047 .
565 3011 728 3048 alteram
760 3015 891 3048 tamen
924 3011 1268 3060 llanoviae‚typis
1290 3009 1381 3051 We-

430 3068 618 3106 cliclianis
650 3071 763 3108 1617.
794 3072 828 3107 8·
860 3083 879 3109 a
923 3071 1179 3109 Geverhardo
1224 3071 1381 3108 Elmen-

436 3127 580 3165 horstio
607 3136 784 3168 curatam
816 3132 998 3169 manibus
1027 3136 1154 3170 teneo.
1180 3131 1275 3169 Inde
1298 3141 1382 3168 ces-

436 3187 534 3222 sabit
564 3191 803 3239 scrupulus,
833 3203 952 3240 quem
997 3192 1068 3230 sibi
1107 3192 1261 3243 fingunt
1304 3195 1382 3229 Au-

438 3247 565 3281 ‹·tores
596 3249 688 3284 llist.
720 3250 911 3298 literariac
942 3264 977 3301 p.
1015 3253 1102 3291 572.
1149 3252 1245 3292 dum
1289 3262 1380 3289 ean-

1255 194 1612 235 SIDONIUS

1464 266 1554 304 dem
1583 265 1796 305 editionem
1825 268 1874 307 ab
1901 270 2098 320 aliquibus
2119 269 2362 309 Francosurti
2383 275 2424 309 et

1470 325 1752 375 Heidelbergae
1778 334 1956 368 curatam
1987 341 2076 369 esse
2106 331 2298 381 legerant.
2339 331 2431 371 Edi—

1470 389 1615 424 tionem
1647 385 1700 424 lo.
1732 387 1946 428 Savaronis
1984 392 2142 430 Parisiis
2185 402 2236 429 ex
2273 392 2427 431 officina

1468 448 1714 486 Plantiniana
1733 477 1741 496 ‚
1759 449 1862 498 apud
1891 451 2129 491 Hadrianum
2148 453 2295 500 Perier,
2313 453 2429 492 ⁴599.

1470 509 1504 546 4.
1535 508 1687 547 dudum
1721 510 1930 559 possideo,
1961 523 2010 551 ex
2049 513 2284 552 bibliotheca
2320 513 2430 555 >Tho·
2471 553 2476 558 ,

1467 581 1554 608 mac
1576 570 1694 619 litigii
1719 583 1768 608 τε
1785 582 1978 621 μαηοιριτε
2010 579 2291 625 comparatam,
2306 586 2425 626 quam

1466 632 1586 681 igitur
1613 641 1759 681 negare
1782 643 1857 670 non
1880 633 2076 672 debebant
2099 635 2293 675 Auctores
2315 635 2428 674 modo

1468 691 1635 729 laudati.
1664 692 1716 729 Et
1747 692 1845 731 haec
1875 694 1958 743 ipsa
1988 693 2105 733 editio
2132 697 2429 735 commentariis

1462 757 1524 790 sat
1554 753 1699 802 spissis
1726 759 1789 790 est
1815 754 2023 793 instructa.
2047 755 2223 796 Alteram
2246 756 2426 806 eiusdem

1462 815 1678 853 Savaronis
1710 814 1853 853 ibidem
1882 815 1998 854 1609.
2026 815 2062 853 4.
2087 814 2318 866 impressam
2345 819 2428 868 ipse

1460 886 1620 925 quoque
1667 875 1776 922 vidi,
1806 880 1847 913 et
1886 887 1978 915 cum
2025 877 2226 926 superiore
2265 878 2427 918 contuli.

1462 936 1688 975 Editionem
1721 947 1816 974 vero
1848 937 1954 976 illius
1985 937 2071 976 sine
2108 937 2429 978 annotationibus

1464 998 1587 1035 fateor
1624 996 1717 1035 mihi
1744 1008 1909 1046 prorsus
1939 1008 2029 1036 esse
2051 999 2237 1049 ignotam.
2252 998 2426 1038 Tandem

1465 1057 1703 1096 Sirmondus
1732 1057 1782 1096 de
1813 1057 1972 1096 Sidonio
1999 1058 2101 1097 bene
2132 1059 2273 1098 mereri
2289 1059 2426 1108 voluit,

1462 1121 1681 1169 ipsumque
1714 1120 1835 1158 Paris.
1870 1119 1989 1159 1611.
2018 1124 2059 1158 et
2088 1119 2204 1159 1652.
2233 1131 2325 1159 cum
2360 1131 2430 1158 an-

1460 1185 1539 1219 not.
1574 1180 1726 1229 edidit,
1757 1191 1861 1230 quas
1890 1182 1929 1218 in
1961 1185 2130 1230 utraque
2159 1191 2324 1231 operum
2348 1181 2428 1220 Sir·a

1459 1241 1591 1280 mondi
1623 1241 1795 1280 editione
1817 1243 2013 1280 invenies.
2037 1241 2168 1280 Editio
2191 1243 2425 1292 ipsius,·sed

1458 1305 1544 1341 sine
1573 1304 1908 1342 annotationibus
1930 1333 1938 1351 ,
1969 1305 2116 1342 inserta
2134 1309 2197 1342 est
2217 1303 2428 1344 Bibliothe-

1458 1376 1527 1404 cae
1559 1366 1625 1403 ΡΡ.
1654 1367 1851 1403 maximae
1881 1370 1909 1403 t.
1940 1365 2004 1404 Vl.
2032 1376 2070 1415 p.
2095 1363 2211 1404 1077.

1513 1428 1748 1477 Sequuntur
1769 1426 1937 1465 Nomina
1968 1437 2121 1473 eorum,
2139 1425 2187 1464 ad
2208 1436 2311 1475 quos
2331 1427 2426 1465 scri·

1461 1492 1549 1536 ptae
1575 1493 1670 1526 sunt
1692 1488 1896 1538 Epistolae
1923 1486 2086 1536 Sidonii,
2107 1497 2158 1526 ex
2182 1486 2329 1536 quibus
2345 1487 2427 1537 ple-

1461 1550 1574 1598 rique
1600 1549 1766 1587 fuerunt
1791 1548 1949 1596 eruditi,
1976 1548 2038 1586 vel
2055 1546 2292 1587 eruditionis
2311 1551 2352 1586 et
2369 1549 2423 1586 rei

1461 1609 1711 1648 Christianae
1746 1610 1934 1648 fautores.

1514 1670 1737 1720 Agricolae,
1769 1670 1801 1707 l.
1830 1670 1866 1708 2.
1899 1670 1943 1708 11.
1980 1669 2042 1708 12.

1517 1731 1729 1781 Agroetio,
1761 1731 1844 1770 VII.
1874 1733 1913 1770 5.

1517 1791 1753 1839 Ambrosio,
1786 1793 1848 1831 Vl.
1879 1794 1915 1830 9.

1511 1853 1641 1903 Apro,
1674 1855 1738 1892 1V.
1766 1854 1833 1893 21.
1861 1854 1905 1892 V.
1940 1853 2002 1892 11.

1509 1915 1738 1964 Aprunculo
1760 1945 1768 1963 ,
1794 1915 1862 1953 IX.
1893 1915 1957 1953 10.

1507 1976 1734 2025 Apollinari,
1760 1976 1820 2013 111.
1854 1976 1913 2014 13.
1945 1974 2007 2013 lV.
2042 1976 2076 2013 4.
2108 1975 2144 2015 6.
2178 1975 2221 2013 V.
2255 1975 2291 2013 3.
2322 1976 2356 2014 5.

1507 2036 1719 2086 Aquilino,
1751 2037 1793 2073 V.
1824 2037 1861 2075 9.

1509 2097 1757 2147 Aruogasti,
1787 2098 1851 2135 IV.
1882 2097 1945 2136 17.

1509 2159 1671 2207 Attalo,
1702 2159 1743 2197 V.
1776 2159 1840 2197 18.

1507 2219 1652 2267 Avito,
1684 2220 1748 2257 111.
1785 2222 1824 2258 1.

1509 2279 1686 2328 Audaci,
1719 2281 1820 2318 Vlll.
1854 2281 1890 2318 7.

1510 2341 1722 2390 Auspicio,
1754 2342 1839 2379 Vll.
1868 2344 1931 2380 10.

1508 2402 1674 2449 Basilio,
1707 2403 1786 2440 Vll.
1819 2404 1855 2440 6.

1507 2462 1805 2511 Burgundioni,
1838 2463 1906 2501 IX.
1941 2463 2006 2500 11.

1511 2523 1734 2569 Calminio,
1767 2524 1808 2562 V.
1842 2524 1907 2562 12.

1511 2585 1755 2633 Campanio‚
1789 2585 1814 2622 l.
1849 2585 1911 2622 10.

1508 2645 1777 2693 Candidiano,
1809 2645 1836 2683 1.
1867 2645 1903 2683 8.
1935 2646 1992 2685 lV.
2024 2647 2063 2684 3.

1509 2707 1725 2755 Censorio,
1757 2708 1821 2745 Vl.
1845 2707 1907 2745 10.

1508 2766 1798 2816 Chariobaudi‚
1830 2768 1910 2806 Vll.
1943 2768 2009 2806 16.

1507 2826 1752 2866 Claudianus
1782 2827 1940 2866 Sidonio
1960 2857 1970 2874 ,
2000 2828 2063 2866 1v.
2097 2829 2132 2867 2.

1509 2887 1752 2936 Claudiano,
1787 2889 1850 2927 IV.
1881 2889 1917 2927 3.
1950 2889 1993 2926 V.
2024 2889 2061 2926 8.
2453 2939 2455 2942 Α

1512 2949 1757 2997 Constantio,
1783 2951 1813 2988 1.
1835 2953 1868 2989 1.
1892 2951 1954 2988 III.
1982 2950 2018 2990 2.
2047 2950 2127 2990 VII.
2154 2952 2213 2989 18.
2246 2951 2344 2993 vul.
2367 2951 2416 2990 16

1513 3011 1757 3058 Consentio,
1791 3011 1891 3050 VIII.
1921 3011 1957 3048 4.

1514 3070 1743 3110 Desiderato
1767 3099 1777 3114 ‚
1810 3072 1856 3109 11.
1888 3071 1925 3108 8.

1510 3132 1751 3178 Dominitio,
1784 3131 1845 3170 IV.
1877 3131 1942 3169 20.

1515 3192 1704 3238 Donidio,
1738 3193 1782 3230 Il.
1815 3193 1880 3230 20.

1513 3253 1733 3299 namnulo,
1766 3253 1828 3291 IV.
1860 3253 1932 3291 25.
