2533 4009
427 203 505 243 432³.
999 238 1003 240 ,

421 277 590 321 vixerit,
623 275 758 323 idque,
783 280 905 320 quum
948 268 1009 305 illa
1054 268 1135 304 vita
1181 276 1381 315 nusquam

423 337 535 375 hodie
563 337 815 384 compareat,
860 341 907 367 ex
955 327 1141 366 versibus
1181 327 1386 376 leoninis,

420 407 585 447 quorum
617 394 816 443 specimen
847 389 974 435 adest,
994 388 1142 439 probat,
1173 388 1241 436 qui
1271 399 1386 427 secu-

422 460 457 496 lo
482 458 567 496 Xll.
594 453 716 491 excoli
748 461 926 500 coepere.
957 449 1068 488 Adde
1099 450 1196 486 llist.
1241 449 1385 488 literai-

420 531 459 557 re
490 517 536 554 di·
567 516 600 552 la
632 516 779 551 Franco
814 517 910 549 tom.
940 512 984 549 V.
1016 523 1051 560 p·
1085 509 1178 549 664.

474 574 734 615 RUPERTL'S
757 604 764 622 ,
789 573 938 611 illustri
970 573 1169 612 Comitum
1200 574 1378 624 prosapia

419 644 527 677 ortus
546 632 564 685 5
583 636 734 685 Auyiae
765 634 896 673 divitis
929 634 1174 680 monachus,
1205 636 1308 673 circa
1343 645 1377 673 a.

423 699 532 739 ¹007.
564 699 697 746 sripsit
727 695 774 734 de
802 695 923 733 ruina
952 695 1186 734 monasterii
1210 695 1379 746 Auyien-

417 763 471 800 sis
500 772 545 799 ex
580 757 788 804 incendio,
836 768 977 808 prosa,
1009 758 1168 807 rythmo
1212 763 1253 795 et
1294 768 1376 796 car-

422 825 540 860 mine.
600 820 674 858 Sed
716 820 814 858 liber
857 819 972 858 hodic.
1008 830 1084 857 non
1130 824 1275 857 exstat.
1319 821 1377 857 Jo.

424 884 547 932 Egon.
601 882 650 920 de
703 882 799 919 viris
852 880 991 920 illustr.
1046 880 1193 930 Augiae
1244 879 1380 918 divitis

418 946 462 983 ll.
505 944 570 982 25.

467 1006 753 1050 RUPERTUS,
773 1005 933 1051 Gallus,
952 1003 1045 1043 Ord.
1065 1001 1377 1042 Carmele‘tarum

413 1070 515 1106 circa
546 1079 581 1106 a.
613 1067 728 1106 4349.
762 1067 930 1117 Scripsit
974 1066 1015 1104 in
1052 1063 1175 1103 libros
1219 1066 1379 1103 Senten—

417 1131 593 1176 tiarum.
631 1129 671 1166 in
702 1126 849 1166 librum
881 1122 1135 1179 Sapientiae,
1172 1126 1379 1166 Canticum

417 1193 674 1231 Canticornm
693 1221 702 1237 ,
728 1189 1019 1237 Ecclesiastem,
1049 1187 1284 1236 Proverbza,
1306 1189 1378 1227 Ec—

416 1253 700 1299 clesz'astz’cum,
721 1253 738 1290 1
745 1254 781 1291 V.
801 1250 1034 1302 Evanyeli'a,
1058 1250 1256 1303 Epz'stolas
1275 1252 1379 1289 Pau-

416 1316 470 1355 li.
491 1315 537 1354 de
563 1318 713 1365 septem
734 1313 908 1366 peccatis
932 1311 1169 1351 mortatzbus
1187 1344 1196 1359 ‚
1230 1311 1277 1350 de
1309 1312 1380 1350 im-

414 1377 658 1416 mortalitate
688 1377 872 1418 animae,
911 1374 957 1413 (Ie
993 1374 1083 1413 ludo
1116 1373 1350 1413 scachorum
1368 1405 1377 1421 ,

414 1440 460 1479 de
481 1439 662 1478 libertate
683 1437 890 1485 credendi,
916 1436 962 1474 de
985 1434 1156 1474 motibus
1179 1435 1379 1473 naturali-

381 1511 387 1517 ·
415 1500 501 1549 bus,
528 1501 574 1540 de
599 1498 814 1551 Effectibus
837 1497 1043 1536 stellarum
1061 1529 1069 1544 ‚
1096 1498 1304 1536 Sermones
1332 1496 1378 1535 cle

414 1568 584 1614 tempore
608 1565 645 1600 et
669 1560 840 1600 Sanctis.
858 1559 1103 1598 Tritbemius
1132 1559 1374 1608 descriptor.

414 1627 565 1664 Eccles.
591 1636 624 1663 c.
647 1625 736 1662 647.
766 1624 868 1661 Petri
901 1622 1007 1660 Lucii
1051 1620 1148 1659 Bibl.
1192 1621 1380 1659 Carmeli-

414 1693 505 1726 tana
537 1699 572 1736 p.
599 1687 661 1724 64.
684 1687 733 1723 75

472 1746 763 1793 RUPERTUS,
798 1744 1017 1793 aubertus,
1051 1747 1112 1784 vel
1138 1747 1255 1784 etiam
1298 1747 1377 1784 Ru-

411 1810 579 1848 ‹Imarvs
598 1841 606 1856 ,
640 1808 772 1847 Abbas
805 1807 1096 1856 Gottwieensss,
1117 1808 1164 1846 ab
1189 1820 1223 1847 a.
1253 1808 1374 1847 1173-

412 1873 527 1911 4199.
555 1872 714 1921 scripsit
741 1870 867 1908 Vitam
897 1872 937 1909 S.
968 1869 1192 1917 Altmannz',
1214 1871 1375 1920 Episco-

413 1936 449 1984 pi
477 1933 744 1977 Pataviensis,
765 1943 883 1981 quam
908 1933 992 1969 sine
1012 1933 1170 1969 nomine
1189 1931 1374 1970 Auctoris

416 1995 548 2035 addito
573 1994 790 2044 publicavit
807 1993 1065 2031 Sebastianus
1081 1992 1373 2042 Tengnagelius

417 2060 454 2095 in
470 2057 680 2095 Veteribus
697 2055 965 2094 Monumentis
991 2066 1059 2104 pro
1083 2055 1271 2103 Gregorio
1293 2055 1374 2092 Vll.

416 2125 551 2158 contra
584 2117 896 2163 Schismaticos3
928 2116 1154 2165 lngolstadii
1183 2116 1297 2155 4612.
1340 2116 1372 2153 4.

417 2181 546 2219 editis.
578 2181 635 2218 Ex
668 2178 822 2217 duobus
853 2178 1063 2216 Codicibus
1095 2177 1200 2216 MSS.
1245 2177 1376 2215 denuo

416 2242 540 2281 edidit
571 2242 835 2289 Hieronymus
865 2240 938 2277 Pez
963 2244 1070 2276 tomo
1100 2239 1128 2277 Ι.
1153 2239 1190 2277 S.
1222 2238 1267 2276 R.
1298 2237 1377 2276 Au-

419 2307 652 2342 striaearum
687 2313 771 2352 pag·
805 2301 891 2340 438.
923 2300 1039 2350 cujus
1068 2300 1203 2339 confer
1231 2300 1374 2339 Obser-

416 2368 596 2404 vationes
622 2364 814 2413 praevias.

471 2425 762 2472 uUPERTUS,
801 2424 934 2462 Abbas
968 2422 1295 2474 Lz'mburyensis,
1333 2425 1371 2461 in

416 2489 583 2528 dioecesi
617 2487 817 2537 Spirensi,
860 2487 1036 2524 natione·
1065 2485 1309 2533 Germanus,
1336 2486 1372 2523 in

415 2550 554 2589 Schola
581 2548 754 2586 Parisina
780 2548 906 2585 literis
926 2547 1118 2585 incubuit.
1141 2548 1248 2585 Vixit
1269 2548 1371 2585 circa

416 2624 450 2650 a.
471 2611 582 2650 1424.
605 2608 770 2659 Scripsit
795 2608 833 2646 in
865 2608 1075 2647 Canticum
1094 2608 1371 2656 Cante'corum,

416 2672 462 2711 (le
491 2673 683 2710 contemtu
713 2677 748 2708 et
779 2669 953 2708 vanitate
983 2668 1101 2720 leuJus
1131 2669 1270 2707 mundi
1281 2699 1287 2717 ,
1327 2668 1373 2707 (le

415 2736 562 2772 Joanne
609 2731 815 2780 Baptista,
863 2730 1157 2769 Revelatz'onum
1201 2742 1369 2770 suarum

418 2793 481 2832 lib.
514 2795 541 2832 Ι.
574 2795 780 2832 Sermones
824 2792 869 2830 cle
913 2792 1083 2831 Sanctis.
1130 2792 1374 2830 Trithemius

417 2857 465 2894 ‹le
496 2857 639 2906 Script.
669 2855 822 2893 Ecclcs.
851 2864 883 2891 c.
908 2854 995 2892 365.
1021 2853 1152 2891 Bulaei
1172 2853 1264 2891 hist.
1282 2854 1374 2892 Uni-

422 2929 524 2955 vcrs.
554 2917 754 2955 Parisinae
786 2920 880 2953 tom.
911 2915 957 2952 ΙΙ.
988 2926 1023 2964 p.
1054 2913 1145 2952 774.

474 2978 736 3017 llUl'ERTUS
755 2978 975 3026 Episcopus
995 2974 1276 3014 olomucensis.
1307 2975 1373 3024 Ej-

423 3051 468 3078 us
490 3037 655 3077 Libellos
684 3037 730 3076 cle
760 3037 846 3086 his,
877 3048 979 3088 quae
1008 3035 1062 3074 ad
1094 3036 1374 3087 poenitentiam

424 3105 458 3136 et
486 3099 766 3150 confessionem
791 3099 1015 3150 pertinent,
1044 3110 1161 3148 cujus
1191 3100 1371 3138 initium:

426 3165 551 3196 sarra
582 3161 801 3211 Scriptura
825 3161 989 3198 continet
1012 3159 1142 3198 decem
1162 3162 1376 3211 praecepta

428 3224 495 3256 etc.
525 3221 598 3256 MS.
626 3226 755 3258 exstat
800 3225 835 3259 in
877 3221 1114 3261 Bibliotheca
1151 3222 1375 3260 monasterii

428 3281 857 3330 'rogornsoonsisffluod
886 3287 1055 3321 testatur
1079 3282 1160 3320 Cel.
1179 3283 1292 3321 Bern.
1314 3284 1378 3319 ΡΘ-

1414 1764 1420 1772 ·
1451 1749 1564 1783 nocte
1582 1773 1590 1792 ,
1608 1748 1652 1783 ut
1672 1743 1832 1794 globum
1853 1745 2025 1794 ignitum
2053 1775 2064 1793 ,

1232 195 1628 234 RUPERTUS

1465 268 1557 305 zius
1588 269 1624 304 in
1648 268 1813 306 Dissert.
1838 271 2033 322 isagogica
2065 274 2111 313 ad
2144 279 2238 314 tom.
2265 276 2298 314 l.
2320 277 2420 317 The-

1463 329 1568 366 sauri
1601 329 1894 370 Anecdotorum
1917 336 2122 373 novissimi
2150 348 2184 386 p.
2208 338 2270 375 lli.

1515 389 1784 429 RUPERTUS
1824 393 1995 442 Russus,
2038 395 2220 446 Anglus‚
2250 396 2343 437 Ord.
2383 400 2422 438 S.

1461 451 1669 489 Francisei
1690 453 1793 489 cirea
1814 463 1845 490 a.
1881 455 1996 493 4280.
2027 458 2196 509 Scripsit
2237 457 2426 498 Declara-

1457 511 1597 550 tz‘onem
1617 511 1656 549 in
1687 511 1874 562 Reyulam
1895 516 1935 554 S.
1966 515 2000 553 F
2002 519 2194 568 rancisci,
2217 518 2264 558 de
2286 518 2423 558 anima

1453 575 1491 610 et
1512 583 1635 624 super
1668 574 1904 613 Sententias.
1925 577 2167 625 Trithemius
2199 579 2248 619 de
2279 580 2421 632 Script.

1452 633 1606 671 EccleS.
1658 646 1694 672 c.
1740 634 1830 673 471».
1868 637 2004 675 Willot
2042 638 2223 680 Athenae
2265 641 2419 682 sodaliti

1453 695 1706 734 Franciscani
1735 707 1772 746 p.
1799 697 1891 736 324.

1506 756 1819 805 RUPERTUS,
1867 760 2040 808 primum
2078 761 2285 813 Decanus,
2333 768 2422 814 post

1451 818 1588 857 Abbas
1628 819 1956 869 Teyernseensis,
1977 822 2081 859 circa
2111 832 2145 860 a.
2176 824 2291 864 ⁴⁴70.
2321 824 2420 875 Ejus

1454 878 1654 931 Epistulae
1676 881 1763 918 XXI
1771 881 1806 918 V.
1833 880 1966 919 editae
1992 886 2088 920 sunt
2114 883 2151 920 in
2187 884 2328 925 Codice
2358 887 2422 926 Di—

1452 941 1659 992 plornatico
1685 942 1784 979 Pezii
1815 946 1855 980 et
1881 943 2047 981 Hueberi
2087 948 2186 993 part.
2223 945 2269 984 11.
2306 957 2342 997 p.
2383 951 2416 988 4.

1452 1003 1687 1052 Sequuntur
1722 1003 1844 1041 etiam
1886 1014 1924 1053 p.
1965 1004 2029 1043 14.
2072 1014 2183 1054 seqq.
2220 1005 2436 1056 Epistulae·

1451 1063 1618 1103 aliorum
1649 1063 1696 1102 ad
1729 1065 1877 1114 ipsum.

1508 1125 1776 1164 RUPERTUS
1793 1156 1802 1173 ‚
1828 1122 2191 1166 Abbas'Tuicicnsis
2216 1157 2224 1176 ,
2261 1129 2419 1168 natione

1457 1187 1710 1236 Germanus,
1742 1187 1962 1226 Monachus
1981 1189 2155 1238 primum
2184 1188 2222 1228 S.
2246 1191 2419 1230 Lauren-

1452 1251 1493 1288 tii
1522 1251 1556 1286 in
1589 1248 1777 1288 suburbio
1801 1248 2005 1288 Leodiensi
2025 1280 2032 1293 .
2054 1249 2196 1288 deinde
2221 1251 2258 1289 in
2285 1262 2419 1290 mona-

1453 1312 1573 1350 sterio
1609 1310 1913 1361 Sigebergensi:
1954 1311 2296 1352 Oostbroekanum
2340 1324 2417 1352 uno

1454 1373 1594 1411 miliari
1617 1372 1665 1411 ab
1691 1371 1907 1422 Ultrajecto
1932 1374 2081 1422 situm,
2112 1373 2222 1412 addit
2238 1374 2418 1413 Valerius

1451 1434 1653 1481 Andreas,
1676 1435 1888 1483 Postquam
1912 1435 1948 1472 in
1967 1435 2184 1484 juventute
2201 1437 2307 1487 poesi
2325 1447 2416 1487 ope-

1451 1508 1533 1535 ram
1560 1500 1804 1543 navaverat,
1831 1495 2022 1546 deinceps
2039 1496 2269 1548 Scripturae
2291 1497 2329 1537 S.
2359 1499 2416 1536 in-

1451 1558 1584 1606 cubit,
1608 1557 1654 1596 ad
1679 1568 1798 1607 quam
1826 1568 1909 1596 rem
1937 1559 2020 1608 ipse
2036 1557 2245 1610 adjuratus
2262 1559 2414 1600 Abbate

1454 1619 1768 1670 sigebergense,
1792 1631 1911 1670 quem
1940 1624 1983 1658 ut
2006 1624 2212 1670 parentem
2258 1632 2416 1661 revere-

1448 1682 1588 1728 batur,
1614 1681 1750 1721 scribit
1786 1681 1857 1720 sibi
1904 1681 2095 1733 Spiritum
2135 1682 2326 1723 Sanctum
2364 1684 2414 1724 de

2102 1748 2310 1795 totumque
2347 1757 2414 1796 pe—

1449 1812 1540 1846 cius
1565 1807 1661 1844 mira
1680 1806 1881 1844 suavitate
1901 1807 2150 1844 circumiisse
2164 1835 2174 1853 ‚
2194 1805 2412 1846 hominem-

1449 1880 1526 1919 que
1557 1872 1685 1906 totum
1717 1867 1787 1904 sibi
1820 1865 2074 1916 possedisse,
2107 1871 2150 1906 ut
2190 1868 2228 1905 in
2275 1868 2411 1907 Decla-

1450 1931 1622 1968 matione
1649 1929 1699 1966 de
1741 1930 1824 1966 vita
1851 1928 2014 1966 liuberti
2052 1922 2186 1967 narrat
2227 1928 2410 1969 Matthias

1448 1991 1629 2039 Agricius
1671 1988 1913 2027 Witlichius.
1943 1990 1985 2027 In
2009 1991 2091 2039 ipso
2123 1993 2257 2028 autem
2292 1991 2407 2030 titulo

1450 2053 1639 2092 editionis
1663 2052 1915 2101 Moguntinae
1939 2054 2073 2089 exstat
2108 2052 2236 2102 imago
2267 2053 2410 2091 Mariae

1449 2115 1623 2165 Virginis
1653 2114 1732 2152 aeri
1752 2113 1873 2150 incisa
1897 2141 1904 2158 ,
1926 2116 1965 2149 et
1989 2111 2064 2150 sub
2099 2112 2238 2151 eadem
2274 2114 2410 2153 brevis

1451 2176 1622 2215 narratio
1652 2175 1830 2223 docens,
1862 2174 2110 2224 liopertum,
2135 2184 2225 2212 cum
2264 2176 2407 2215 tardio-

1450 2238 1479 2276 ri
1512 2238 1669 2288 ingenio
1695 2241 1831 2284 esset,
1857 2237 1895 2274 in
1913 2236 2153 2274 monasterio
2177 2237 2215 2276 S.
2239 2238 2410 2277 Lauren-

1450 2300 1490 2337 tii
1521 2309 1654 2336 coram
1688 2299 1860 2348 imagine
1889 2298 2030 2335 Mariae
2073 2297 2250 2347 lapidea,
2284 2310 2411 2338 reme-

1448 2360 1556 2399 dium
1590 2361 1717 2398 eidem
1756 2361 2004 2409 impetrasse.
2035 2357 2180 2397 Credat
2219 2358 2315 2398 haec
2342 2361 2410 2411 qui

1447 2422 1567 2461 volet.
1602 2420 1682 2459 Nos
1716 2422 1893 2466 scimus,
1934 2419 2036 2458 dona
2075 2419 2247 2470 Spiritus
2278 2419 2410 2460 Sancti

1449 2495 1524 2522 non
1547 2494 1636 2522 esse
1653 2487 1733 2521 tam
1759 2481 1957 2532 plumbea,
1974 2492 2092 2531 quam
2114 2492 2216 2532 quae
2238 2482 2275 2520 iu
2309 2483 2411 2533 Ope—

1448 2545 1557 2584 ribus
1587 2545 1748 2595 Ruperti
1792 2544 2065 2581 inveniuntur.
2105 2542 2300 2594 Quicquid
2329 2545 2409 2593 sit,

1447 2612 1607 2658 propter
1627 2606 1892 2645 eruditionem
1912 2633 1921 2653 ,
1945 2615 2064 2654 quam
2084 2605 2147 2642 illo
2171 2605 2306 2644 seculo
2331 2605 2412 2656 pla—

1447 2680 1496 2706 ne
1521 2668 1767 2718 singularem
1807 2666 2011 2717 possedit,
2049 2677 2070 2704 a
2105 2666 2302 2706 Friderioo
2325 2666 2410 2706 ,ΑΓ-

1447 2729 1700 2780 chiepiscopo
1730 2728 1959 2767 Coloniensi
1999 2727 2175 2766 Tuitium
2218 2733 2410 2775 vocatus,

1449 2791 1581 2840 ibique
1602 2802 1621 2828 a
1646 2790 1762 2829 4⁴20.
1794 2789 1926 2828 Abbas
1955 2789 2202 2827 constitutus
2225 2793 2313 2836 est,
2343 2789 2408 2828 ubi

1448 2851 1609 2890 tandem
1635 2863 1676 2889 a.
1700 2852 1815 2889 4435.
1850 2851 1883 2888 [ι.
1909 2851 1991 2888 Non
2016 2851 2141 2889 Martii
2167 2851 2281 2901 (conf.
2308 2851 2408 2891 Acta

1446 2913 1569 2952 Erud.
1602 2913 1718 2951 4725.
1745 2912 1822 2961 53.)
1854 2912 1933 2949 fato
1964 2922 2035 2950 suo
2066 2913 2228 2951 functus
2258 2917 2331 2951 est.
2353 2913 2408 2951 De

1446 2975 1525 3013 vita
1557 2974 1644 3025 ejus
1672 2973 1806 3011 confer
1834 2973 2060 3011 Orationem
2091 2974 2150 3011 Jo.
2175 2973 2406 3020 Trithemii‚

1446 3041 1486 3074 et
1521 3035 1855 3074 Declamationem
1899 3034 2089 3073 Witlichii
2121 3024 2406 3083 memoratam,

1446 3097 1541 3135 Arn.
1583 3096 1696 3134 Wion
1742 3098 1907 3147 Lignum
1933 3097 2044 3135 Vitae
2081 3097 2124 3135 V.
2153 3096 2216 3134 74.
2241 3095 2406 3136 Galliam

1448 3158 1713 3197 Christianam
1745 3163 1843 3196 tom.
1875 3159 1938 3196 111.
1970 3170 2006 3208 p.
2038 3158 2126 3197 754.

1505 3219 1706 3258 Editiones
1747 3219 1923 3269 Operum
1954 3220 2041 3269 ejus
2082 3222 2242 3258 exstant
2271 3218 2401 3256 variae

1451 3281 1632 3318 Coloniae
1667 3281 1781 3320 1527.
1813 3292 1881 3329 per
1909 3282 2044 3319 Franc.
2077 3279 2294 3319 Pirckman.
2340 3278 2401 3315 fol.
