2533 4009
420 170 496 206 495
966 203 973 204 .

419 239 591 286 Ugliello
615 236 656 270 111
682 230 798 265 Italia
828 231 956 266 sacra,
977 220 1017 256 et
1032 217 1235 254 Hui-dumo
1256 214 1354 251 tom.

416 301 483 336 Vl.
515 296 778 334 conciliorum
808 281 844 333 ρ’.
866 283 939 320 461
964 282 1052 317 Una
1082 277 1259 315 conficta
1278 287 1353 314 ex-

415 363 495 399 stat
526 361 566 394 iu
595 357 724 391 Marcu
754 346 973 393 Hispanica
1015 352 1053 387 p.
1095 334 1187 376 81'3.
1229 349 1351 385 quam

414 420 589 459 fraudem
618 411 777 457 detegit
805 407 944 444 auctor
975 403 1117 441 Petrus
1148 402 1198 438 de
1220 402 1354 437 Marca

410 495 446 529 p.
476 479 552 516 365
582 486 662 522 seq.
708 473 851 510 Sermo
873 468 923 504 ad
961 466 1157 513 popuium
1202 463 1352 498 Roma-

410 551 504 580 num
533 539 674 576 otiosis
704 531 960 570 sermonibus
982 527 1023 564 et
1044 526 1192 562 fabulis
1214 525 1254 559 in
1278 523 1354 558 Ec-

410 605 536 640 clesizr
560 598 789 640 vacantem,
819 592 973 630 ibidem
1004 599 1039 625 a.
1071 589 1162 634 890.
1195 596 1234 621 11.
1267 586 1291 622 2
1314 585 1355 622 et

410 666 513 712 apud
543 660 805 698 Anastasium
837 657 878 691 iu
911 653 1009 689 vita.
1041 649 1189 686 Exstat
1229 649 1356 686 etiam

414 727 537 771 hujus
569 721 776 758 pontificis
809 717 947 766 (teste
978 714 1160 751 Carriere
1201 714 1243 748 in
1282 711 1355 746 Hi-

409 788 534 823 storia
575 781 871 826 Chronologica
913 776 1160 813 Pontificum
1200 771 1355 823 gRom.)

410 848 670 894 Rescriptum
702 845 752 880 ad
782 840 1041 879 Hei-inertum
1070 837 1357 884 Archiepisco-

410 922 504 958 pum
534 908 837 955 Moguntinuin,
868 914 943 951 quo
984 901 1167 950 explodit
1192 908 1356 948 parqu-

408 976 554 1011 tionom
578 981 657 1020 per
677 971 853 1018 serrum
883 967 1063 1005 caudens
1103 965 1164 1002 vel
1205 971 1355 1008 aquam

400 1037 635 1084 ferventem.
654 1034 757 1082 fieri
777 1032 953 1070 solitam.

486 1099 598 1134 Adde
629 1095 814 1141 Prosperi
843 1093 1044 1128 Mandosii
1074 1090 1177 1127 Bibl.
1206 1090 1336 1125 Roma.

406 1171 501 1197 113111
532 1159 646 1196 Ceut.
679 1159 726 1192 V.
760 1157 821 1193 18.
853 1154 951 1191 Lud.
983 1153 1124 1189 Jacobi
1156 1161 1179 1187 a
1210 1151 1249 1187 S.
1282 1150 1359 1187 Ca-

408 1225 490 1260 1010
519 1222 620 1258 Bibl.
652 1219 908 1256 pontificiam
940 1228 977 1263 p.
1011 1217 1102 1253 209.

490 1282 791 1320 STEPHANUS
806 1280 893 1315 VII.
916 1281 967 1316 ab
988 1288 1095 1315 anno
1117 1276 1208 1314 897.
1223 1276 1359 1314 stran-

411 1346 575 1393 gulatur
605 1355 641 1381 3.
683 1343 773 1379 900.
817 1342 1007 1389 Epistola
1047 1340 1100 1377 ad
1138 1340 1358 1376 Fulconem

415 1409 660 1444 Remensem
691 1404 799 1441 estat
827 1404 870 1439 in
900 1402 1246 1440 FlodoardiHist.
1280 1402 1360 1438 Re-

412 1471 545 1506 mensi
579 1469 645 1504 IV.
676 1469 713 1503 4.

496 1530 797 1567 STEPHANUS
840 1529 908 1564 IX.
951 1528 1195 1573 Germanus,
1234 1527 1359 1563 Baro-

414 1595 482 1630 nio
510 1595 552 1629 et
581 1594 674 1629 aliis
705 1593 753 1627 X.
786 1593 964 1638 primum
1004 1589 1140 1626 dictus
1180 1589 1360 1626 Frideri-

414 1666 484 1693 eus
516 1656 636 1702 (inde
665 1656 755 1700 ejus
786 1664 910 1699 supra
951 1651 1105 1689 mentio
1147 1651 1257 1688 facta
1297 1651 1362 1688 est

415 1720 482 1755 lib.
513 1717 580 1752 VI.
612 1728 649 1763 p.
684 1716 798 1763 624.)
831 1716 909 1752 suit
939 1717 1119 1762 primum
1164 1715 1361 1752 Ecclesiae

414 1781 529 1817 Rom.
576 1780 916 1817 Bibliothecarius
962 1778 1004 1814 et
1053 1777 1360 1822 Cancellarius,

417 1843 559 1888 postea
587 1841 811 1877 monachus
839 1841 881 1877 et
911 1841 1050 1877 Abbas
1079 1839 1361 1884 Cassinensis,

416 1904 584 1940 tandem
614 1904 725 1949 Papa
753 1904 803 1940 ab
832 1913 938 1939 anno
972 1901 1087 1938 1057.
1118 1910 1259 1937 mense
1288 1900 1363 1935 Ju-

421 1966 505 2010 nio,
519 1975 646 2011 usque
668 1966 718 2001 ad
738 1974 890 2000 annum
911 1964 1166 2010 sequentem,
1181 1963 1232 1999 29
1246 1961 1362 1997 Mart.

418 2028 648 2073 Episeozam
677 2027 764 2072 ejus
794 2035 920 2064 unam
939 2026 991 2062 ad
1011 2026 1265 2062 Willelmum
1288 2025 1365 2059 Ar-

419 2088 722 2135 chicpiscopum
752 2089 1000 2125 Remensem
1032 2087 1126 2134 post
1154 2087 1364 2132 Papirium

419 2151 649 2187 Mas-sonum
697 2151 827 2187 edidit
876 2150 1075 2187 Baronius
1117 2149 1170 2185 ad
1212 2157 1364 2183 aunum

423 2211 523 2247 1057
570 2222 609 2247 n.
659 2213 722 2249 23.
765 2214 946 2249 alteram
986 2212 1038 2248 ad
1077 2210 1363 2256 pandulphum

419 2274 660 2320 Episcopum
691 2275 969 2310 Marsicanum
1002 2274 1204 2321 Ughellus
1235 2273 1364 2309 Italiae

417 2344 540 2371 sacrae
561 2335 660 2371 tom.
683 2335 750 2371 IX.
771 2337 992 2383 utramque
1006 2337 1237 2373 Harduinus
1259 2336 1364 2372 Con-

414 2399 599 2434 ciliorum
629 2399 740 2434 tomo
772 2398 838 2433 VI.
883 2408 978 2445 pag.
1021 2398 1136 2435 1051.
1185 2399 1365 2436 Tracta-

415 2462 502 2497 tum
543 2462 689 2498 contra
731 2461 926 2498 haeresin
973 2461 1365 2499 Fermeutai·iorum

417 2523 614 2558 memorat
653 2524 897 2570 Anonymus
936 2524 1182 2560 Mellicensis
1222 2533 1256 2559 c.
1299 2523 1362 2560 86.

416 2584 580 2620 Librum
611 2585 813 2631 duplicem
837 2586 884 2622 de
902 2595 1072 2633 corpore
1102 2586 1272 2623 Domini
1291 2586 1365 2622 ad-

418 2656 559 2681 versus
589 2647 752 2683 Graecos
781 2648 925 2684 Petrus
955 2648 1160 2685 Diaconus
1192 2649 1241 2685 de
1263 2649 1365 2685 viris

416 2709 645 2746 illustribus
675 2710 989 2747 Cassinensibus
1016 2720 1049 2746 c.
1084 2709 1144 2746 17.
1167 2711 1236 2747 ubi
1266 2719 1364 2746 con-

418 2770 473 2804 fer
503 2771 812 2807 annotationem
839 2772 899 2807 Jo.
930 2772 1047 2818 Bapt.
1077 2773 1191 2808 Mari.

496 2833 764 2868 STEPHANU
772 2833 796 2867 S
829 2834 978 2879 AbbaS‚
1002 2835 1138 2871 nescio
1159 2837 1268 2881 quis,
1290 2845 1363 2871 au-

418 2896 503 2930 ctor
534 2896 710 2942 Requlae
740 2895 1051 2941 Mouaohorum,
1080 2905 1169 2942 quae
1190 2896 1365 2933 habetur

421 2958 459 2991 in
507 2957 649 2992 Codice
698 2957 949 3002 Regularum
998 2958 1115 2994 Lucae
1161 2959 1364 2995 Holstenii

422 3018 522 3061 pare
553 3020 590 3052 2.
623 3028 717 3063 pag.
750 3019 814 3054 75.

497 3079 810 3125 STEPHANUS,
841 3082 889 3117 de
910 3081 1119 3128 Balgiaco,
1140 3084 1364 3122 AEdueusis

423 3141 1118 3190 slveAuqascocluuensisEpiscopus
1132 3147 1183 3183 ab
1197 3155 1231 3182 a.
1248 3147 1363 3183 1112.

424 3200 472 3234 :ul
505 3201 603 3236 1136
632 3211 708 3247 quo
739 3213 780 3239 se
812 3204 886 3240 1130
907 3205 1114 3250 dignitate
1141 3209 1363 3255 abdicavit,

425 3260 461 3291 ..t
495 3261 532 3294 in
563 3264 804 3299 monasterio
835 3265 1092 3304 Cluniacensi
1115 3270 1222 3306 diem
1246 3281 1366 3309 suum

1248 143 1553 180 STEPHANUS

1443 212 1555 249 obiit.
1587 209 1690 255 Ejus
1720 207 1784 244 est
1813 209 1916 246 liber
1945 208 1995 246 de
2031 207 2305 247 Sacramenta
2334 208 2404 246 At-

1444 274 1570 319 taris,
1599 272 1780 317 primum
1810 279 1835 306 a
1861 271 1922 308 Jo.
1952 271 2002 307 de
2030 269 2238 306 Montalon
2267 270 2402 307 Cano-

1443 337 1532 372 nico
1561 333 1951 381 Augustodunensi,
1995 334 2103 380 apud
2142 334 2267 370 Henr.
2311 331 2405 370 Ste-

1443 398 1625 445 phanum
1655 406 1691 432 a.
1723 394 1841 432 1517.
1871 396 2021 433 editus.
2053 395 2147 443 post
2176 396 2221 431 in
2249 395 2406 433 Biblio-

1441 460 1575 496 thecis
1620 458 1789 495 Patrum
1828 457 1955 495 toties
1995 459 2212 506 repetitus.
2242 458 2404 496 Caveus

1444 534 1481 569 p.
1511 521 1602 559 564.
1633 520 1819 558 Oudinus
1846 520 1960 557 tomo
1982 520 2033 557 11.
2065 532 2103 568 p.
2128 521 2246 559 1101.
2270 520 2405 558 Gallia

1443 585 1682 623 Christiana
1711 584 1824 619 tomo
1855 582 1924 619 IV.
1956 593 1994 630 p.
2026 584 2120 621 389.

1526 645 1850 692 STEPHANUS,
1879 644 1983 695 Aser
2011 646 2197 693 natione,
2227 646 2405 693 presby-

1445 711 1508 748 ter
1537 708 1915 755 Altissiodorensis,
1945 707 2079 745 vitam
2121 708 2161 745 S.
2192 706 2407 744 Amatoris

1444 775 1643 821 prosaico,
1661 772 1699 809 S.
1722 771 1920 808 Germani
1940 780 2037 808 vero
2058 769 2193 818 ligato
2215 779 2405 807 sermone

1445 834 1734 873 conscriberet.
1766 833 1893 870 Extat
1914 834 1966 870 ad
1985 843 2082 871 eum
2102 834 2292 881 Epistola
2322 835 2408 870 Au-

1446 900 1569 944 narii,
1599 907 1694 934 cum
1723 896 1991 942 responsione
2023 895 2226 942 Stephani
2255 894 2405 941 nostri,

1446 962 1487 998 in
1518 960 1633 996 Actis
1665 958 1801 996 Sanct.
1831 957 1933 995 tom.
1986 958 2016 994 1.
2058 958 2159 1004 Maji
2199 968 2299 1005 pag.
2342 957 2408 995 50.

1446 1032 1535 1069 quae
1566 1023 1775 1069 probabile
1804 1021 1914 1067 faeii,
1941 1021 2078 1058 Vitam
2104 1020 2149 1060 S.
2181 1022 2407 1068 Amatoris,

1447 1096 1537 1132 quae
1567 1086 1720 1122 ibidem
1753 1095 1792 1131 p.
1836 1083 1900 1121 52.
1943 1083 2148 1129 occurrit,
2189 1093 2213 1120 a
2247 1085 2408 1120 calamo

1448 1150 1581 1194 ipsius
1610 1147 1871 1195 profluxisse.
1913 1147 2013 1184 Inde
2067 1144 2231 1183 constat
2271 1146 2406 1183 vitam

1451 1213 1490 1247 S.
1521 1212 1717 1249 Germani
1758 1211 1949 1257 equidem
1991 1219 2016 1246 a
2059 1208 2271 1255 Stephano
2310 1217 2409 1245 con-

1451 1274 1663 1321 scriptam,
1686 1275 1760 1311 sed
1785 1275 1850 1311 vel
1881 1272 2105 1320 perditam,
2128 1273 2194 1309 vel
2223 1271 2408 1307 nondum

1449 1338 1622 1384 editam,
1654 1346 1760 1374 esse.
1790 1337 1964 1374 Vossius
1994 1336 2044 1373 de
2084 1334 2297 1372 historicis
2327 1335 2407 1371 La-

1451 1401 1555 1437 sinis
1586 1399 1657 1435 111.
1687 1399 1724 1436 3.
1754 1408 1853 1446 pag.
1885 1398 1963 1437 ’749
1992 1398 2100 1436 Hist.
2130 1397 2317 1436 literaire
2360 1397 2410 1434 de

1449 1466 1489 1500 la
1518 1463 1673 1499 Franee
1701 1462 1803 1498 tom.
1834 1461 1905 1497 111.
1937 1472 1974 1508 p.
2005 1460 2099 1498 361.

1532 1524 1836 1563 STEPHANUS
1866 1525 1914 1563 de
1944 1525 2067 1571 Aliis,
2097 1523 2409 1570 Cremonensis,

1450 1599 1502 1626 ex
1543 1589 1687 1625 ordine
1729 1586 2052 1624 Humiliatorum
2091 1587 2202 1623 01103
2251 1594 2407 1623 3111111111
2481 1630 2483 1633 .

1450 1651 1567 1689 1485.
1599 1650 1767 1697 scripsit
1795 1651 1843 1689 de
1873 1649 2155 1698 hospitalitate
2197 1648 2237 1686 et
2265 1648 2312 1686 de
2343 1648 2414 1685 lto—

1448 1715 1513 1752 ris
1553 1714 1780 1752 canonicis.
1823 1712 1953 1749 Arisii
1993 1711 2198 1748 Cremona
2237 1709 2410 1747 literata

1447 1777 1547 1814 tom.
1577 1777 1607 1812 I.
1641 1786 1738 1823 pag.
1771 1775 1888 1813 1340.

1532 1838 1837 1876 STEPHANUS
1865 1838 2079 1885 misticus,
2100 1846 2223 1883 quem
2243 1834 2412 1872 Pitseus

1450 1903 1634 1949 Append.
1666 1902 1833 1938 Centur.
1875 1900 1944 1936 IV.
1988 1899 2054 1936 38.
2096 1896 2316 1944 memorat,
2346 1897 2412 1934 est

1452 1965 1563 2001 idem
1596 1964 1834 2012 Stephanus
1863 1963 2113 2010 Lauqtouus,
2142 1961 2192 1997 de
2221 1969 2300 2007 quo
2329 1959 2412 1997 Fa-

1455 2027 1607 2063 bricius
1629 2026 1769 2062 noster
1790 2033 1917 2071 supra
1936 2023 2050 2060 tomo
2072 2022 2140 2059 IV.
2162 2033 2199 2070 p.
2224 2021 2316 2061 527.

1536 2089 1654 2124 Alius
1673 2087 1800 2133 hujus
1821 2087 2001 2123 nominis
2022 2086 2112 2122 fuse
2143 2084 2411 2132 consignavit

1467 2152 1602 2188 Vitam
1619 2150 1663 2189 S.
1684 2149 1895 2198 Wilffidi,
1921 2158 2043 2196 quam
2060 2149 2104 2185 in
2125 2148 2416 2195 compendium

1453 2213 1617 2260 redegit
1630 2213 1878 2250 Guilielmus
1899 2212 2292 2249 Malmesburiensis.
2307 2211 2415 2247 Vos-

1457 2278 1543 2313 sius
1583 2277 1634 2313 de
1673 2275 1892 2312 Historicis
1922 2273 2082 2311 Latinis
2136 2272 2208 2308 111.
2239 2282 2279 2319 p.
2321 2270 2414 2310 722.

1535 2337 1805 2384 STEPHANI,
1825 2336 2063 2375 Anicieusis
2076 2335 2286 2383 Episcopi,
2305 2336 2415 2384 Epi-

1451 2401 1600 2439 stolam
1628 2402 1673 2437 111
1701 2401 1941 2447 passionem
1964 2398 2002 2435 S.
2025 2398 2181 2435 Placidi
2207 2397 2413 2446 martyris

1451 2463 1494 2500 et
1523 2465 1725 2500 sociorum
1766 2461 1983 2500 ediderunt
2022 2459 2206 2498 Martene
2247 2461 2290 2509 et
2329 2460 2415 2498 Du-

1451 2527 1554 2564 rand
1584 2525 1753 2563 Collect.
1784 2526 1973 2572 ampliss.
2003 2523 2074 2560 VI.
2105 2534 2143 2570 p.
2174 2522 2267 2561 788.

1534 2587 1862 2634 STEPHANUS,
1904 2586 2251 2633 Archiepiscopus
2292 2586 2415 2624 Ami-

1453 2652 1656 2697 barensis,
1687 2652 1797 2687 circa
1835 2650 1963 2686 finem
2003 2648 2132 2685 seculi
2173 2647 2263 2683 XV.
2311 2647 2416 2694 EJus

1454 2713 1600 2751 Sermo
1631 2715 1678 2751 de
1697 2713 1785 2761 fide
1815 2713 1963 2750 contra
1998 2710 2165 2749 Tureas
2196 2710 2236 2748 et
2265 2709 2313 2748 de
2332 2708 2415 2758 su·—

1453 2778 1554 2814 cura
1583 2777 1852 2814 tribulatione
1881 2774 1995 2811 MSS.
2026 2774 2070 2810 in
2098 2772 2204 2810 Bibl.
2233 2773 2414 2810 Ambro—

1453 2840 1585 2875 siana.
1616 2838 1736 2875 Bern.
1769 2838 1817 2874 de
1859 2835 2122 2874 Montfaueon
2163 2835 2267 2872 Bibl.
2309 2835 2410 2872 Bibl.

1451 2901 1563 2937 MSS.
1584 2911 1621 2946 p.
1645 2900 1734 2937 524.
1756 2901 1872 2936 Prior
1892 2900 2124 2946 impressus
2143 2898 2209 2935 est
2229 2908 2267 2935 a.
2292 2898 2410 2935 1480.

1451 2965 1487 2999 4.
1520 2963 1607 2999 sine
1639 2962 1847 2999 mentione
1878 2962 1973 2998 Ioci.
2008 2960 2183 3008 Scripsit
2206 2959 2335 2997 etiam
2367 2960 2414 2998 iu

1458 3025 1644 3072 Cantica,
1666 3025 1709 3061 et
1727 3024 1832 3062 forte
1854 3025 1984 3062 etiam
2004 3025 2050 3062 in
2071 3024 2287 3062 duodecim
2306 3023 2415 3060 Pro-

1447 3087 1607 3135 phetas.
1637 3089 1742 3125 Vide
1772 3088 1950 3124 eundem
1979 3097 2017 3133 p.
2049 3085 2138 3123 101.
2172 3085 2263 3122 139.
2295 3085 2414 3123 1344.

1454 3151 1558 3187 Vide
1589 3151 1698 3188 infra
1728 3148 2037 3187 STEPHANVS
2073 3148 2358 3187 Pom-elianus.

1537 3212 1840 3251 STEPHANUS
1869 3209 2164 3259 AquaeduuuS,
2190 3211 2282 3248 vide
2303 3209 2413 3247 infra

1457 3275 1596 3312 Eitou.
