2550 4009
803 251 1372 294 MENENGALDUS
2039 254 2089 292 67

85 328 262 369 defuncti
279 327 326 368 A.
345 325 461 368 1073.
488 326 608 366 Certe
632 325 720 376 ejus
742 337 887 365 nomeu
907 325 1049 364 Surius

88 393 238 431 incerta
278 389 508 441 conjectura
547 390 704 439 putavit
748 387 1047 440 praefigendum

85 455 199 494 Vitae
229 463 350 503 quam
376 451 501 490 edidit
525 451 574 490 ad
599 453 686 490 Xll.
709 452 802 490 Julii
833 463 883 490 ex
913 452 1050 488 Manu-

87 526 165 554 scr.
201 514 346 555 Codice
378 514 533 552 nullum
563 515 740 553 auctoris
771 524 914 551 nomen
954 523 1048 563 prae

86 587 131 615 se
161 576 326 615 ferente.
358 575 437 614 Sed
462 576 500 613 in
525 575 638 614 Actis
674 576 913 614 Sanctorum
953 579 1050 612 tom.

87 640 123 679 3.
161 640 240 678 Jul.
282 639 344 677 12.
375 638 438 677 alii
469 638 548 677 duo
578 639 825 688 antiquiores
865 636 1047 686 ejusdem

85 701 290 740 Gualberti
315 702 421 740 vitae
447 702 664 751 scriptores
687 699 931 739 exhibentur
960 699 1049 738 ΑΝ-

84 763 252 803 DREAS
270 762 319 802 de
341 764 516 802 Strumis
534 794 542 813 ,
565 763 690 814 patria
710 763 939 800 Parmensis
960 773 1047 812 pag.

87 825 178 865 343.
199 829 241 864 et
260 824 398 864 ΑΤΤΟ
420 824 553 864 Abbas
579 823 960 873 Vallumbrosanus⁷
982 835 1049 874 po-

86 891 173 926 stea
191 887 416 938 Episcopus
437 886 692 925 pistoriensis
714 897 800 936 pag.
824 886 915 925 365.
936 888 1050 926 Prae-

86 953 198 988 terea
235 948 518 988 HIERONYMI
558 947 834 996 Radiolensis‚
871 949 1049 988 Monachi

85 1010 404 1049 Vallumbrosani
428 1010 516 1048 libri
541 1010 607 1048 ΙΙΙ.
629 1009 678 1048 de
701 1009 904 1048 Gualberti
930 1010 1052 1060 hujus

89 1073 293 1112 miraculis
322 1072 371 1111 ad
399 1073 658 1111 Laurentium
684 1071 875 1110 Medicem
907 1073 974 1122 qui
1005 1073 1050 1111 A.

90 1135 208 1174 4492.
237 1134 332 1173 obiit
361 1145 450 1184 pag.
482 1134 670 1173 382-453.
700 1135 756 1172 De
787 1134 851 1171 illa
882 1135 1051 1173 Suriana

90 1199 225 1235 autem
243 1207 329 1246 pag.
353 1196 443 1233 315.
465 1195 715 1233 indefinitum
735 1195 988 1245 relinquitur,
1009 1200 1054 1234 ut

90 1257 134 1296 fit
159 1258 279 1296 etiam
304 1258 327 1295 a
351 1257 492 1295 Vossio
516 1268 603 1307 pag.
631 1257 720 1295 462.
743 1258 846 1294 sitne
871 1257 959 1306 ejus
983 1269 1054 1296 au-

88 1324 176 1358 ctor
194 1318 437 1358 Menalesius
463 1319 565 1366 iste,
588 1329 636 1356 an
663 1329 759 1356 vero
779 1347 786 1365 ,
807 1323 852 1357 ut
875 1320 1055 1358 Possevi-

90 1393 140 1420 no
165 1383 298 1432 potius
316 1381 451 1420 visum
473 1380 647 1419 Jacobus
668 1381 880 1419 Fornerius
900 1382 967 1431 qui
990 1394 1056 1432 po-

91 1447 177 1482 stea
201 1442 442 1482 Benedictus
469 1444 559 1482 XII.
670 1481 673 1484 ⁴

139 1505 517 1545 MENENGALDUS
547 1505 634 1543 sive
672 1503 1054 1544 MENENGARDUS

86 1569 225 1607 nescio
240 1568 351 1618 quis,
365 1567 483 1617 cujus
501 1567 715 1606 Historiam
725 1567 1053 1605 Ecclesiasticam

88 1630 278 1669 ineditam
305 1633 503 1668 memorat
525 1629 708 1668 Labbeus
733 1640 821 1680 pag.
848 1629 936 1667 386.
955 1629 1052 1667 Bibl.

91 1703 222 1730 novae
246 1693 357 1732 MSS.

139 1753 413 1793 MENGOTUS
438 1754 524 1792 sive
545 1753 879 1793 MEGINGOTUS
917 1752 1052 1802 Traje-

88 1818 267 1863 ctensis‚
292 1826 370 1854 non
395 1816 490 1853 mihi
518 1820 638 1855 notus
675 1817 750 1854 nisi
783 1828 833 1854 ex
873 1815 1043 1854 Udalrici

89 1878 436 1928 Babenbergensis
466 1878 612 1918 Codice
641 1878 973 1929 Epistolariapud
989 1879 1049 1916 Jo.

87 1939 228 1990 Georg.
251 1940 478 1979 Eccardum
502 1945 599 1979 tom.
625 1941 648 1980 2
675 1940 860 1992 Corporis
886 1942 1054 1991 scripto-

86 2014 176 2041 rum
203 2001 321 2041 medii
345 2004 460 2052 aevi,
491 2004 529 2041 in
555 2014 633 2054 qno
658 2015 745 2054 pag.
770 2004 958 2042 313-328.
999 2004 1054 2041 le-

87 2068 240 2116 guntur
259 2076 362 2115 quae
387 2064 451 2103 vel
477 2066 640 2116 scripsit
662 2067 746 2116 ipse
773 2066 837 2104 vel
876 2066 926 2104 ab
965 2066 1053 2103 aliis

87 2128 235 2178 scripta
260 2130 330 2165 aut
354 2128 548 2178 rescripta
573 2128 611 2165 in
630 2139 755 2166 unum
775 2127 895 2165 libelli
912 2138 1053 2178 corpu—

88 2189 249 2228 sculum
273 2189 453 2240 redegit,
484 2189 534 2228 de
554 2201 601 2228 ea
624 2191 887 2240 quaestione,
914 2194 1049 2228 utrum

86 2252 148 2291 fas
171 2253 224 2290 sit
245 2253 427 2291 arctioris
449 2253 557 2291 vitae
595 2254 795 2303 proposito
834 2253 1050 2303 obligatum

83 2315 465 2365 renunciarevatque
489 2314 537 2354 ad
550 2314 718 2353 dimissa
736 2315 892 2353 resilire
908 2344 918 2361 ‚
941 2314 1048 2364 quod

87 2375 267 2414 districte
284 2375 333 2414 ab
356 2387 402 2413 eo
433 2380 622 2427 negatur.

141 2435 310 2476 Michael
330 2437 575 2476 MENOTUS
597 2467 605 2485 ,
626 2437 767 2476 Gallus
797 2439 944 2476 Doctor
983 2439 1053 2476 Pa-

13 2521 17 2524 >
89 2499 271 2537 sisiensis
295 2498 390 2537 Ord.
413 2499 552 2537 Minor.
577 2501 684 2538 circa
714 2500 785 2538 Au.
823 2500 927 2538 4500
963 2499 1053 2537 Lin-

85 2571 170 2611 9ua
191 2571 322 2598 aurea
340 2560 473 2598 dictus
491 2571 587 2599 suae
606 2558 727 2598 aet'ati
746 2590 754 2604 ,
773 2562 809 2597 in
833 2560 950 2609 cujus
970 2572 1051 2598 ser-

90 2621 276 2660 monibus
298 2626 433 2660 tamen
460 2620 627 2671 perinde
652 2625 696 2659 ut
721 2621 998 2659 MAILLARDI
1016 2626 1056 2659 et

87 2683 357 2723 GABRIELIS
378 2682 581 2721 Barlettae
597 2683 709 2733 plura
729 2684 862 2733 inepta
881 2687 922 2721 et
944 2693 1056 2721 sacro

88 2747 174 2786 loco
197 2749 318 2796 atque
358 2749 596 2795 argumento
636 2744 797 2794 indigna
838 2745 1026 2795 leguntur
1042 2776 1052 2793 ,

87 2819 259 2859 quorum
284 2806 476 2845 nonnulla
509 2805 612 2843 ridet
636 2810 677 2843 et
702 2805 869 2844 ridenda
896 2806 1056 2844 lectori-

86 2870 164 2909 bus
188 2870 272 2908 suis
295 2869 481 2919 propinat
506 2869 551 2906 H.
577 2867 810 2918 Stephanus
839 2868 876 2905 in
914 2868 1054 2917 Apolo-

87 2933 149 2983 gia
174 2942 242 2981 pro
267 2929 464 2969 Herodoto
489 2940 574 2980 cap.
603 2931 665 2968 15.
702 2941 791 2980 pag.
835 2930 924 2968 339.
966 2941 1048 2980 seq.

90 3004 176 3044 cap.
201 2992 267 3031 29.
294 2992 359 3030 31.
379 2995 455 3030 etc.
479 2991 580 3030 adde
604 2993 707 3030 Petri
732 2993 891 3042 Roques
914 2994 1056 3042 *Pasto-

97 3066 183 3094 rem
207 3053 499 3104 Evangelicum
538 3064 626 3104 pag.
666 3055 755 3093 133.
793 3057 833 3091 et
870 3053 1053 3093 Andreae

90 3117 222 3156 Riveti
246 3116 374 3167 Opera
398 3120 491 3154 tom.
518 3115 541 3154 ⁶..)
567 3126 654 3166 pag.
677 3116 753 3154 329
788 3120 884 3155 tom.
909 3118 932 3155 3
966 3128 1051 3166 pag.

91 3178 155 3219 37.
181 3179 397 3217 Sermones
422 3176 510 3227 ejus
535 3177 912 3226 Quadragesimales
933 3179 1054 3217 Turo-

92 3243 132 3280 ni
157 3240 277 3280 habiti
312 3238 493 3290 prodiere
531 3239 651 3277 Paris.
693 3239 809 3278 4523.
843 3241 1052 3278 Praeterea

91 3301 181 3353 ejus
204 3305 422 3340 tractatum
449 3300 497 3339 de
521 3299 678 3338 foedere
705 3305 746 3337 et
763 3311 858 3351 pace
878 3301 1052 3339 ineunda

94 3375 164 3416 per
191 3362 358 3402 mediam
390 3363 674 3413 poenitentiam
702 3367 892 3412 tanquam
917 3364 1054 3401 oratri-

1123 335 1210 363 cem
1238 324 1326 362 ibid.
1353 323 1469 364 4526.
1497 323 1650 363 editum
1677 328 1874 363 memorat
1889 323 2081 364 Waddin-

1124 398 1199 435 gus
1225 398 1311 436 pag.
1339 387 1430 425 26¹.

1177 450 1347 487 loannes
1371 448 1418 486 cle
1442 449 1641 498 MEPPIS,
1667 454 1696 487 t.
1716 450 1777 489 IV.
1794 461 1831 501 p.
1855 450 1943 488 389.
1968 450 2057 488 419.

1179 511 1338 550 Marius
1369 511 1657 550 MERCATOR.
1684 513 1784 551 Sura
1804 543 1813 561 ,
1836 513 2037 551 MARIUS.

1177 573 1362 611 Isidorus
1387 572 1676 612 MERCATOR.
1709 586 1746 612 v.
1784 574 2026 614 ismenus,

1180 635 1375 673 Antonius
1406 634 1452 672 (le
1477 635 1717 673 MERCEDF.
1744 666 1751 684 ‚
1775 636 1967 685 Alphonsi
1995 636 2093 674 Ara-

1123 698 1263 748 goniae
1293 697 1410 746 Regis
1436 696 1483 734 ad
1511 697 1732 735 Concilium
1773 698 2086 736 Constantiense

1124 762 1321 811 Legatus‚
1345 758 1462 808 cujus
1486 760 1710 796 Parentatio
1728 760 1763 797 in
1786 761 1970 809 exequiis
2003 760 2093 797 Fer-

1124 821 1283 861 dinandi
1334 822 1451 870 Regis
1490 820 1709 870 Aragoniae
1752 821 1828 859 An.
1867 822 1983 860 1416.
2026 821 2090 859 30.

1124 883 1246 935 April.
1273 883 1406 922 habita
1430 887 1564 921 exstat
1593 882 1697 933 apud
1726 884 1999 921 llermannnm
2042 883 2091 921 ab

1125 945 1248 984 llardt
1273 946 1310 982 in
1342 944 1503 982 historia
1531 944 1636 982 illius
1661 945 1823 983 Concilii
1858 956 1944 994 pag.
1984 945 2086 983 429-

1127 1009 1215 1047 138.
1247 1008 1355 1045 lnter
1379 1007 1452 1044 alia
1478 1007 1625 1056 Regem
1651 1018 1736 1056 pag.
1767 1008 1840 1045 134
1868 1006 2003 1045 laudat
2028 1007 2090 1044 liis

1127 1068 1291 1106 verbis:
1321 1067 1414 1105 Fuit
1454 1067 1733 1117 magytzanimus
1779 1072 1824 1106 ue
1864 1068 2092 1106 Alexander

1124 1130 1300 1182 prudens
1324 1133 1369 1167 ut
1388 1132 1556 1176 Brutus,
1574 1129 1779 1167 animosus
1803 1133 1848 1168 ut
1872 1132 2036 1176 Hector,
2054 1133 2089 1168 et

1125 1192 1243 1245 forczs
1266 1191 1373 1231 velut
1395 1191 1502 1230 alius
1526 1192 1798 1230 Maccabaeas.
1843 1192 1935 1230 Fuit
1967 1191 2092 1231 absti-

1127 1265 1222 1293 nens
1252 1257 1298 1292 ut
1320 1254 1523 1292 Fabricius
1542 1256 1739 1298 ‚constans
1760 1257 1803 1291 ul
1828 1254 2088 1301 Xenocrates,

1129 1315 1343 1354 obliviosus
1369 1315 1616 1365 injuriarum
1637 1319 1683 1353 ut
1710 1316 1853 1354 Julius.
1889 1315 1981 1354 Fuit
2011 1315 2088 1354 cle-

1130 1390 1238 1417 mens
1260 1382 1305 1416 ut
1338 1379 1477 1423 Titus,
1499 1377 1754 1427 justissimus
1786 1381 1831 1415 uc
1860 1377 2057 1427 'l'rajanus
2081 1407 2089 1425 ,

1132 1439 1312 1478 liberalis
1334 1442 1380 1477 ut
1401 1439 1605 1477 secundus
1626 1439 1822 1484 Tiberius,
1838 1439 2090 1488 qetzei’czli'tei*,

1130 1503 1170 1540 in
1206 1500 1387 1540 omnibus
1427 1504 1678 1552 temperatus.
1717 1499 1962 1551 Templorum
2001 1501 2095 1538 DEI

1127 1565 1321 1617 fundator
1364 1567 1401 1602 et
1442 1564 1642 1601 Patronus
1685 1565 1730 1600 ut
1765 1563 2085 1601 Constantinus:

1129 1632 1174 1667 ut
1200 1627 1465 1672 Justinianus,
1497 1624 1779 1675 aequissimus,
1812 1628 1914 1662 totus
1942 1629 2086 1675 θναίιιε

1127 1695 1174 1729 uc
1201 1689 1471 1728 Theodosius:
1497 1686 1737 1725 victoriosus
1769 1690 1814 1724 ut
1854 1688 2087 1735 lleraclius,

1123 1753 1229 1807 felia:
1251 1755 1298 1789 uc
1320 1750 1485 1790 Carolus
1505 1751 1670 1799 Magnus
1689 1762 1695 1786 :
1742 1747 1940 1787 Ecclesiae
1962 1748 2095 1801 delen-

1120 1820 1232 1859 sator
1260 1817 1305 1852 ut
1327 1814 1420 1852 Otto
1441 1842 1450 1858 ,
1475 1814 1509 1848 ec
1538 1822 1617 1861 pro
1649 1808 1841 1862 pestifero
1882 1811 2083 1850 Ecclesiae

1128 1877 1342 1920 schismate
1373 1872 1636 1923 exstirpando
1673 1872 1803 1910 nostri
1836 1873 2088 1913 invictissimi

1133 1938 1325 1982 Caesaris
1351 1935 1620 1986 Sigismundi.
1647 1945 1772 1972 comes
1799 1934 2029 1975 individuus
2046 1941 2083 1975 et

1130 2007 1261 2046 socius
1284 2000 1565 2042 dilectissimus
1587 1998 1823 2051 indefessus.

1182 2071 1355 2107 Jocmnes
1380 2062 1604 2103 MERCIUS
1619 2093 1629 2110 ,
1652 2063 1739 2101 sive
1764 2061 2056 2102 MERCIANUS
2077 2095 2087 2111 ,

1129 2132 1226 2171 Vide
1256 2135 1283 2167 t.
1317 2128 1367 2167 lv
1398 2139 1435 2177 p.
1466 2125 1554 2164 389.

1184 2194 1356 2231 Joamies
1370 2188 1415 2227 de
1426 2184 1701 2234 MERCURIA3
1719 2185 1813 2225 Ord.
1832 2186 2000 2225 Cisterc.
2022 2200 2090 2227 eu-

1123 2257 1191 2306 jus
1215 2263 1373 2294 errores
1393 2250 1570 2289 damnati
1590 2249 1747 2286 Parisiis
1766 2247 1839 2285 An.
1861 2249 1977 2286 1317.
1993 2251 2089 2289 Vide.

1126 2318 1262 2357 Bulaei
1286 2315 1492 2353 historiam
1518 2310 1756 2349 Academiae
1782 2311 1902 2348 Paris.
1919 2316 2013 2349 tom.
2038 2314 2088 2352 IV

1128 2391 1214 2430 pag.
1239 2379 1331 2416 Ε398.
1371 2380 1411 2414 et
1454 2372 1738 2412 Bibliothecam
1785 2373 1946 2411 Patrum
1995 2380 2089 2414 tom.

1127 2441 1270 2480 XXVI.
1296 2439 1389 2477 edit.
1418 2435 1538 2485 Lugd.
1562 2446 1651 2485 pag.
1675 2435 1763 2471 483.

1182 2499 1388 2540 Passionis
1406 2500 1442 2537 S.
1470 2497 1709 2536 MERCURII
1737 2495 1811 2533 sub
1840 2496 1956 2533 Decio
1989 2499 2088 2535 illar-

1127 2565 1229 2612 tyris
1250 2593 1258 2611 ,
1282 2562 1380 2600 Acta
1404 2559 1509 2596 edita
1534 2558 1582 2595 ab
1608 2555 1819 2594 Edmundo
1842 2557 2016 2594 Martene
2057 2564 2084 2596 t.

1128 2625 1178 2662 Vl
1219 2625 1510 2660 monumentor.
1543 2630 1629 2668 pag.
1674 2617 1867 2654 741-750.
1905 2623 1945 2655 et
1986 2620 2083 2657 Acta

1129 2684 1402 2723 translationis
1427 2693 1512 2731 pag.
1539 2679 1728 2718 751-756.

1183 2741 2083 2790 AntoniusMERlCUTlUS‚v.MlNCUCClUS.

1184 2806 1420 2846 Ambrosius
1441 2803 1697 2844 MERLINUS
1731 2803 1928 2848 Camber‚
1954 2814 2078 2852 quem

1129 2871 1292 2910 Merlino
1317 2867 1528 2907 Caledonio
1555 2865 1787 2903 familiarem
1813 2867 1852 2899 et
1899 2864 1935 2900 in
1978 2864 2086 2902 sasti—

1128 2935 1189 2983 gio
1208 2932 1446 2981 cognitionis
1472 2939 1606 2967 rerum
1643 2926 1884 2965 naturalium
1909 2937 2087 2963 eminen-

1131 2999 1211 3033 tem
1257 2993 1395 3032 laudat
1451 2989 1648 3029 Lelandus
1700 2999 1734 3026 c.
1787 2987 1853 3024 27.
1902 2986 2084 3025 Eundem

1128 3068 1211 3107 cap.
1236 3055 1300 3093 ⁶2ss.
1336 3055 1401 3093 ubi
1439 3053 1487 3092 de
1524 3063 1570 3090 eo
1603 3050 1784 3101 pluribus
1815 3048 2002 3095 disserit,
2030 3050 2087 3086 in-

1128 3119 1268 3167 genio,
1307 3121 1391 3154 arte
1430 3119 1471 3152 et
1502 3113 1696 3151 industria
1723 3110 1855 3159 Qrelms
1905 3111 2084 3160 praepol-

1129 3177 1252 3215 luisse
1279 3175 1482 3220 onmibuS,
1525 3178 1565 3210 et
1610 3170 1980 3209 Mathematicarum
2016 3181 2083 3220 pe-

1132 3239 1371 3276 ritissimum
1401 3238 1521 3275 fuisse
1545 3238 1731 3273 testatur.
1757 3231 1962 3269 Claurisse
2007 3236 2084 3269 tra-

1128 3300 1237 3339 ditur
1269 3301 1372 3337 cirea
1399 3298 1441 3336 A.
1467 3298 1552 3335 480.
1579 3300 1619 3333 et
1639 3295 1839 3333 Britannis
1867 3292 2083 3343 praedixis-

1131 3373 1173 3401 se
1198 3361 1397 3400 excidium
1423 3371 1467 3398 ac
1489 3358 1625 3398 clades
1651 3355 1878 3395 inserendas
1912 3366 1982 3404 per
2014 3355 2082 3393 Sa-
