2533 4009
471 218 549 256 302

526 286 562 322 7.
585 285 716 321 :turea
745 272 943 326 Opuscula
971 267 1232 308 Celeberrimi
1248 270 1282 306 J.
1308 268 1348 305 U.
1375 268 1422 305 D.

423 325 426 328 Δ
472 352 508 385 ct
552 341 704 394 Equitis
732 330 1055 375 ‹im-ati‘Domim·
1084 330 1198 388 Petri
1221 332 1423 368 Ravenna-

472 408 548 449 tis,
597 401 688 440 Itali
701 431 708 439 ,
741 398 776 434 in
822 391 1082 432 Vniversitate
1123 389 1428 441 Gripsualdensi

470 471 679 513 utrumque
709 460 779 509 jus
811 452 1019 493 ordinarie
1063 451 1238 503 leyenlis.
1270 452 1307 490 4.
1339 453 1424 489 sino

471 525 670 565 montione
708 519 801 557 atini
833 520 873 553 ct
902 515 988 553 loci.
1021 515 1104 552 Duo
1140 515 1176 551 in
1209 513 1283 551 hoc
1314 512 1427 550 voiu-

473 587 575 624 mine
604 581 888 619 continentur:
920 579 932 614 4
971 576 1133 621 Sermo,
1165 585 1280 625 quem
1319 571 1428 610 habi-

471 651 587 684 turus
617 646 707 680 erat
730 639 776 678 de
803 637 986 677 mandato
1015 637 1122 674 Dom.
1146 635 1314 681 iilartini
1338 633 1430 685 Epi-

470 705 577 756 scopi
618 701 867 743 Caminensis
889 731 898 747 ,
927 700 1012 737 Dec.
1051 700 1154 737 Doct.
1198 698 1236 735 in
1275 695 1430 748 Synodo

467 778 540 818 per
561 766 687 817 ipsum
705 762 907 802 celebrata·
926 774 936 798 :
960 759 1032 799 sed
1040 760 1155 810 justa
1172 770 1299 797 causa
1316 758 1433 807 impc-

473 828 628 874 (liente,
650 837 752 877 quae
769 828 897 862 tamen
915 821 996 860 sibi
1009 825 1069 860 est
1083 820 1278 869 incoqnita
1298 850 1306 866 ‚
1324 817 1433 856 illum

472 887 648 927 recitare
664 898 739 924 non
760 885 898 937 potuit.
916 885 953 925 2.
979 882 1201 921 Solutiones
1221 891 1434 931 aryumen-

475 955 606 988 torum
631 961 685 987 ea:
717 946 868 999 leyibus
897 956 1032 985 secum
1064 943 1227 982 invicem
1251 953 1435 994 puynan-

476 1011 583 1051 tibus
613 1011 919 1061 depromtorum.
948 1009 1005 1046 lix
1036 1007 1164 1057 priore
1187 1005 1308 1042 verba
1339 1003 1435 1042 haec

475 1079 613 1113 notatu
631 1074 746 1123 digna
765 1072 933 1119 decerpo
950 1082 959 1117 ς
976 1079 1077 1119 quae
1096 1072 1298 1105 momenta
1316 1077 1435 1116 quac-

474 1137 564 1175 dam
606 1136 653 1174 ad
694 1136 820 1171 vitam
857 1132 979 1169 nostri
1013 1131 1236 1180 spectantia
1268 1129 1435 1166 docent:

477 1199 639 1247 Gratias
665 1197 836 1247 inqentes
875 1204 950 1243 ayo
993 1191 1072 1231 Deo
1094 1203 1202 1238 me0‚
1239 1189 1335 1241 quia
1364 1201 1440 1227 non

469 1260 654 1311 permisit
674 1270 731 1295 me
756 1254 984 1295 clericalem
1008 1253 1132 1292 vitam
1157 1252 1314 1291 ducere.
1339 1252 1439 1289 Nam

475 1321 660 1373 defuncta
676 1329 809 1358 umore
827 1329 914 1355 mea
931 1317 1067 1366 prima
1082 1312 1304 1353 suadebant
1320 1312 1440 1350 amici

478 1386 515 1420 et
538 1381 784 1433 propinqui,
820 1384 863 1417 ut
897 1378 1063 1417 Curiam
1083 1381 1282 1428 peterem,
1314 1375 1441 1413 dicen-

481 1450 535 1483 tes
551 1475 560 1490 ,
577 1443 682 1496 quod
698 1443 904 1482 evaderem
927 1441 964 1477 in
983 1450 1166 1489 magnum
1184 1438 1332 1477 virum.
1358 1437 1441 1475 Non

479 1506 597 1545 etiam
620 1519 630 1552 ;
661 1504 845 1543 dicebant
867 1503 950 1554 ipsi,
983 1499 1056 1539 tibi
1082 1501 1248 1539 deerunt
1281 1499 1441 1550 Episco-

476 1572 599 1618 patus
618 1599 626 1615 ,
670 1578 745 1604 non
774 1564 993 1609 Abbati'ae,
1028 1574 1102 1600 non
1141 1561 1440 1604 Praelaturae,·

480 1629 586 1680 quod
613 1631 838 1667 constanter
878 1624 1013 1676 facere
1042 1623 1251 1662 recusavi:
1287 1623 1365 1668 Et,·
1395 1626 1441 1660 ut

475 1691 633 1742 penitus
677 1700 801 1728 essem
846 1688 1045 1737 incapax,
1077 1685 1290 1724 secundam
1335 1684 1442 1724 (lumi

480 1763 663 1790 uxorem.
690 1747 905 1788 Noscebam
931 1747 1031 1785 enim
1064 1758 1123 1785 me
1148 1746 1304 1797 ipsum,
1335 1746 1442 1797 quod

479 1813 657 1865 fecissem
677 1843 683 1858 .
706 1816 751 1849 ut
772 1810 906 1861 aliqui
929 1809 1107 1862 faciunt7
1131 1812 1168 1846 et
1187 1807 1291 1860 forte
1314 1809 1438 1859 pejus.

482 1874 609 1914 Malui
631 1873 763 1925 potius
796 1873 834 1910 in
880 1871 1131 1909 matrimonio
1176 1869 1311 1908 vivere
1354 1882 1442 1908 cum

481 1935 623 1988 paucis
654 1932 901 1975 redditibus,
933 1944 1055 1983 quam
1085 1929 1351 1981 amplissimos
1383 1930 1445 1969 be-

484 1997 713 2047 neficiorum
736 1994 915 2033 redditus
928 1992 1144 2045 possidere.
1173 1993 1250 2031 Nec
1271 1996 1446 2043 unquam

486 2071 546 2096 me
573 2058 670 2109 sacti
707 2055 923 2108 poenituit:
955 2058 993 2093 et
1014 2055 1052 2093 si
1073 2053 1242 2101 erravi,
1282 2053 1448 2093 libenter

490 2119 640 2157 erravi.

541 2183 576 2219 8.
605 2179 779 2231 Clypeus
819 2179 997 2217 Doctoris
1051 2176 1160 2216 Petri
1203 2176 1448 2215 Ravennatis

489 2246 626 2280 contra
643 2243 845 2279 Doctorem
866 2241 1008 2293 Cajum
1027 2239 1315 2291 impuqnantem
1333 2249 1450 2276 suum

490 2304 706 2343 consilium,
735 2304 980 2353 lnipressum
1013 2301 1228 2350 Albiburgii
1254 2301 1338 2338 XII.
1365 2299 1448 2338 Kal.

490 2367 611 2412 Julii,
642 2376 746 2403 anno
777 2366 915 2403 MDlli.
948 2365 981 2402 4.
1015 2363 1296 2402 Controversia
1319 2366 1381 2400 est
1401 2361 1450 2399 (lc

492 2428 653 2466 materia
686 2426 828 2465 feudati
853 2455 860 2471 2
882 2431 922 2463 et
946 2426 1154 2464 conclusio
1181 2425 1335 2469 innuit,
1357 2434 1451 2462 con-

491 2490 622 2527 silium
667 2490 768 2527 Petri
802 2489 924 2526 nostri
959 2487 1090 2526 adhuc
1135 2488 1171 2524 in
1218 2486 1449 2524 Pomerania

490 2551 612 2589 fuisso
641 2550 795 2588 datum.
820 2551 862 2588 In
891 2550 969 2588 tino
993 2553 1127 2587 exstat-
1158 2549 1327 2587 Carmen
1362 2547 1450 2585 bro-

489 2623 539 2649 ve
561 2611 607 2650 ad
635 2612 878 2650 Fridericum
896 2611 1122 2650 Electorem
1143 2611 1340 2648 Saxoniae
1357 2620 1366 2657 3
1383 2607 1451 2646 de-

495 2673 584 2710 inde
620 2673 716 2711 hacc
743 2673 887 2711 verba:
915 2673 1056 2711 Sciant
1087 2671 1291 2710 auditores
1316 2670 1395 2708 mei
1416 2672 1454 2707 et

491 2734 612 2773 amici
632 2733 866 2772 charissimi
896 2733 990 2772 Itali
1015 2738 1052 2772 et
1086 2733 1322 2780 Alemanni,
1347 2731 1452 2783 quod

494 2798 570 2835 Deo
595 2796 736 2848 optimo
759 2797 1016 2847 maximoque
1052 2796 1109 2832 ita
1138 2795 1363 2845 disponente
1384 2803 1451 2843 eqo

494 2863 531 2897 et
551 2869 662 2896 uxor
680 2868 768 2895 mea
795 2857 981 2895 Lucretia
1013 2856 1145 2894 omnia
1184 2854 1324 2893 mundi
1359 2854 1455 2893 reli-

493 2920 673 2971 quimus,
709 2922 747 2957 et
775 2917 954 2956 habitum
977 2919 1154 2967 fratrum
1195 2921 1231 2954 et
1264 2927 1453 2961 sororum

496 2980 540 3018 de
560 2980 804 3031 poenitentia
825 2979 966 3019 Sancti
990 2979 1020 3016 F
1023 2977 1199 3017 rancisci
1212 2977 1453 3027 sumpsimus

497 3047 533 3080 et
555 3054 688 3080 eorum
706 3041 887 3092 repulam
899 3040 1056 3094 publice
1077 3045 1112 3078 et
1130 3039 1341 3080 solenniter
1360 3049 1454 3089 pro-

497 3102 594 3151 fessi
616 3116 753 3143 snmus
772 3135 779 3149 .
805 3108 841 3142 et
865 3103 911 3141 ob
938 3104 978 3141 id
1001 3102 1157 3141 labores
1178 3114 1282 3140 meos
1304 3100 1454 3148 injure

503 3164 706 3214 interrupi.
749 3165 1027 3217 Compendium
1067 3165 1169 3203 enim
1208 3164 1246 3201 in
1280 3163 1451 3200 materia

558 3309 571 3326 a
616 3304 782 3334 ius-‚n-iwii
808 3311 882 3336 Acin
907 3312 933 3335 vt
962 3310 1165 3337 1)0‹·inn⁹nta
1190 3305 1446 3336 nessii-matitinis

1259 195 1660 237 RAVENNAS

1499 266 1721 306 Feudorum
1742 270 1778 304 et
1798 267 2066 306 Commentum
2090 277 2210 317 super
2235 268 2381 315 quarto
2404 265 2449 304 li-

1466 372 1477 377 ,
1499 327 1569 367 bro
1594 327 1858 366 Decretalium
1887 328 2116 380 imperfecta
2151 326 2323 378 reliqui,
2348 338 2451 378 quae

1500 390 1542 427 ni
1563 387 1709 441 fallor.
1737 388 1967 428 Lectoribus
1988 389 2262 441 placuissent,
2301 391 2339 426 et
2359 388 2456 440 juri

1501 463 1662 503 operam
1687 449 1873 489 dantibus
1893 462 2076 502 maynam
2099 450 2325 490 attulissent
2345 449 2439 490 utili
2447 473 2453 479 ·

1503 518 1619 552 tatem
1652 518 1729 551 etc.

1555 576 1589 612 9.
1619 572 1730 613 Libri
1753 575 2011 619 Sermonum,
2036 585 2134 624 quos
2161 574 2274 626 festis
2314 573 2454 614 diebus

1503 634 1755 675 auditoribus
1783 635 1869 674 suis
1900 634 2206 685 pronunciavit,
2252 636 2458 676 assidenti-

1507 697 1580 737 bus
1609 695 2084 749 quamquue⁹Friderico
2130 696 2306 737 Electore
2335 702 2373 738 et
2397 699 2462 736 Jo-

1506 760 1630 810 banne
1662 759 1805 797 Fratre
1825 789 1832 807 ,
1856 756 2032 796 Ducibus
2052 758 2257 798 Sam-oniae
2281 759 2462 800 Serenis-

1506 821 1631 860 simis.
1661 823 1850 860 Excusus
1880 820 1978 858 liber
2009 819 2291 870 Wittenburgii
2336 823 2374 859 in
2406 823 2463 860 in-

1507 883 1609 922 cude
1634 883 1867 921 litteratoria
1891 882 2102 921 normanni
2130 882 2326 930 Trebelii,
2351 881 2461 922 Isen-

1509 946 1594 983 naci
1627 945 1740 983 ⁴505.
1771 945 1956 983 Notitiam
1987 942 2076 994 ejus
2105 943 2229 982 debeo
2259 944 2360 984 Bibl.
2385 945 2460 984 Ec-

1509 1007 1752 1044 clesiasticae
1778 1006 1921 1045 Olearii
1951 1010 1979 1043 t.
2010 1005 2044 1044 11
2069 1017 2104 1056 p.
2132 1004 2219 1045 447.

1566 1069 1628 1107 40.
1660 1068 1714 1106 De
1745 1066 2057 1107 Consuetudine:
2085 1069 2121 1105 in
2147 1068 2275 1106 Tract.
2303 1069 2464 1107 Tracta—

1514 1135 1626 1169 tuum
1660 1129 1741 1168 vol.
1773 1130 1818 1168 ΙΙ.
1850 1130 1943 1167 item
1974 1139 2065 1168 cum
2103 1127 2257 1168 Sebast.
2299 1129 2470 1169 Medicas

1513 1196 1553 1230 et
1583 1192 1717 1230 Rochii
1749 1192 1874 1231 Curtii
1906 1191 2035 1229 Tract.
2067 1189 2116 1228 de
2146 1190 2344 1242 Legibus,
2379 1193 2469 1231 Sta-

1514 1256 1612 1292 tutis
1640 1258 1680 1291 et
1709 1252 2035 1298 consuetudine,
2066 1252 2199 1292 Coton.
2232 1252 2350 1293 ⁴54⁴.
2379 1253 2416 1292 8.

1569 1317 1630 1354 44.
1669 1313 1925 1367 Repetitiones
1954 1313 1993 1352 in
2021 1312 2313 1365 frequentiores
2354 1313 2468 1353 Juris

1516 1377 1710 1417 Canonici
1731 1379 1885 1427 partes,
1907 1375 1986 1414 vo'.
2010 1376 2056 1414 ΙΙ.
2082 1375 2222 1414 Venet.
2247 1377 2269 1415 ’4
2281 1374 2369 1414 587.
2401 1376 2469 1415 fol.

1569 1440 1632 1478 42.
1664 1437 1866 1491 Opuscula
1893 1438 2026 1477 varia.
2057 1437 2181 1487 Lugd.
2212 1437 2327 1477 4586.
2358 1438 2422 1477 fol.
2447 1448 2468 1476 a

1517 1513 1580 1540 me
1612 1513 1687 1539 non
1720 1502 1831 1547 visa,
1863 1500 1931 1538 sed
1963 1511 1984 1539 a
2015 1499 2178 1550 Lipenio
2208 1504 2442 1539 memorata.

1572 1564 1631 1602 43.
1663 1561 1898 1612 Sinqularia
1940 1560 2069 1600 Juris.
2113 1561 2190 1599 Frf.
2222 1561 2337 1601 ⁴596.
2375 1573 2471 1610 quo-

1517 1636 1605 1663 rum
1636 1626 1772 1662 notitia
1803 1623 1963 1673 Lipenio
1994 1622 2177 1661 debet-ur.

1572 1688 1632 1725 44.
1666 1685 1913 1737 Disputatio,
1943 1683 1990 1722 de
2018 1695 2182 1735 corpore
2208 1684 2394 1735 suspensi
2427 1685 2470 1724 in

1511 1746 1717 1800 patibulo,
1748 1747 1786 1785 si
1811 1757 2019 1784 remanere
2048 1744 2200 1784 debeat.
2244 1746 2471 1786 Ravennae.

1519 1810 1718 1859 Liponius.
1749 1809 1896 1846 Contra
1928 1808 2034 1847 hunc
2056 1806 2328 1860 Defensionem
2359 1809 2474 1848 Prin-

1519 1871 1649 1921 cipum
1689 1869 1929 1909 Germaniae
1971 1868 2095 1908 edidit
2135 1869 2306 1910 Jacobus
2348 1870 2474 1910 Hoch-

1522 1936 1740 1971 stratanus.
1771 1932 1805 1979 a)

1575 1993 1636 2033 ⁴5.
1668 1993 1728 2031 An
1757 1992 1932 2031 decimae
1960 1993 2040 2032 sint
2058 1994 2156 2045 jure
2185 1993 2353 2033 divino?
2382 1999 2436 2035 et.

1577 2056 1638 2094 46.
1670 2054 1803 2093 Artem
1832 2066 2004 2105 parvam
2034 2059 2229 2094 memorat
2262 2051 2476 2095 ‘Simlerus

1521 2115 1634 2156 Alius
1667 2116 2129 2175 PetrusvaAVENNAa
2159 2116 2208 2155 de
2251 2128 2330 2167 quo
2376 2117 2475 2157 Lud.

1525 2179 1649 2216 Vives
1680 2179 1732 2217 lib
1776 2179 1837 2216 IV.
1865 2177 1914 2215 de.
1938 2179 2094 2217 caussis
2116 2182 2394 2229 corruptarum
2420 2190 2482 2218 ar-

1530 2241 1629 2279 tium
1662 2251 1698 2289 p.
1729 2240 1819 2278 263.
1849 2239 2042 2278 Memoria
2064 2242 2226 2289 patrum
2249 2245 2287 2278 et
2309 2249 2480 2279 avorum

1525 2305 1703 2351 coeptum
1743 2304 1804 2340 est
1849 2301 1888 2338 in
1932 2299 2049 2339 Italia
2079 2299 2272 2339 renovari
2306 2299 2481 2339 studium

1529 2362 1759 2412 linquarum
1784 2373 1860 2413 per
1890 2361 2104 2414 discipulos
2134 2360 2246 2403 Petri
2281 2363 2484 2402 Ravenna-

1527 2424 1604 2471 tis,
1639 2423 1751 2472 Itali,
1778 2428 1815 2462 et
1845 2423 2075 2463 Emanuelis
2107 2421 2398 2474 Chrysolorae:
2425 2423 2484 2463 in-

1526 2491 1585 2524 ter
1615 2497 1712 2537 quos
1742 2486 1919 2525 marctmz·
1943 2485 2112 2525 nominis
2156 2484 2273 2538 fuere
2311 2487 2480 2525 Leonar-

1523 2547 1599 2586 dus
1622 2547 1823 2592 Aretinus,
1846 2547 2085 2586 Franciscus
2105 2545 2352 2598 philelphus,
2380 2547 2483 2586 Lau-

1526 2609 1682 2648 rentius
1717 2608 1851 2654 Valla,
1888 2609 2060 2647 Varinus
2110 2607 2366 2656 Veronensis,
2414 2609 2482 2648 Pe-

1525 2675 1653 2709 rottus
1697 2670 1924 2709 Niclzolaus.
1974 2671 2012 2708 Si
2063 2670 2168 2707 enim
2219 2668 2484 2719 Chrysolorae

1527 2744 1675 2783 suppar
1719 2733 1820 2779 fuit,
1850 2732 1915 2781 qui
1947 2742 1982 2769 a.
2013 2731 2128 2770 4445.
2159 2730 2281 2778 obiit,
2313 2734 2354 2769 et
2383 2731 2416 2770 si
2447 2731 2484 2770 hi

1530 2795 1602 2831 viri
1652 2794 1815 2832 fuerunt
1860 2793 1964 2831 iliius
2009 2790 2218 2841 discipuli,
2249 2803 2325 2830 non
2357 2793 2486 2843 potuit

1532 2855 1595 2893 ille
1626 2857 1767 2893 Petrus
1796 2864 1911 2902 esse,
1947 2865 2067 2904 quem
2099 2853 2183 2892 1000
2211 2853 2339 2903 priore
2381 2864 2490 2893 com—

1534 2917 1867 2962 memoravimus,
1889 2926 1981 2954 eum
2003 2925 2082 2965 quo
2107 2912 2270 2964 proinde
2295 2925 2371 2953 non
2396 2924 2491 2954 con-

1534 2976 1763 3015 fundendus
1807 2981 1891 3014 erat
1935 2988 1955 3015 a
2003 2974 2131 3016 Ceieb.
2181 2975 2413 3014 Heumanno
2451 2978 2487 3014 in

1532 3039 1745 3087 (jonspcct.
1778 3039 1891 3088 reip·
1924 3038 2122 3077 literariae
2149 3035 2245 3075 edit.
2281 3038 2422 3077 tertiae
2450 3050 2486 3089 p.

1537 3100 1626 3138 428.
1660 3101 1725 3138 Vel
1761 3101 1949 3139 memoria
1979 3100 2118 3150 lapsus
2159 3101 2224 3136 est
2270 3098 2421 3147 Vives,
2450 3104 2490 3138 ct

1533 3173 1602 3211 pro
1635 3164 1747 3200 Potio
1792 3162 1923 3201 dicero
1969 3161 2093 3200 voluit
2137 3159 2350 3207 loannem,
2388 3172 2489 3211 quac

1526 3307 1603 3334 ium.
1633 3305 1673 3335 ΙΙ.
1704 3311 1777 3342 pag.
1803 3302 1882 3333 520.
