<?xml version="1.0" encoding="UTF-8"?>
<!DOCTYPE html PUBLIC "-//W3C//DTD XHTML 1.0 Transitional//EN"
    "http://www.w3.org/TR/xhtml1/DTD/xhtml1-transitional.dtd">
<html xmlns="http://www.w3.org/1999/xhtml" xml:lang="en" lang="en">
 <head>
  <title>
</title>
<meta http-equiv="Content-Type" content="text/html;charset=utf-8" />
  <meta name='ocr-system' content='tesseract 3.04.00' />
  <meta name='ocr-capabilities' content='ocr_page ocr_carea ocr_par ocr_line ocrx_word'/>
</head>
<body>
  <div class='ocr_page' id='page_1' title='image "./bibliothecalatin05fabruoft_0016.png"; bbox 0 0 2533 4009; ppageno 0'>
   <div class='ocr_carea' id='block_1_1' title="bbox 444 222 1652 267">
    <p class='ocr_par' dir='ltr' id='par_1_1' title="bbox 444 222 1652 267">
     <span class='ocr_line' id='line_1_1' title="bbox 444 222 1652 267; baseline -0.007 0"><span class='ocrx_word' id='word_1_1' title='bbox 444 230 493 267; x_wconf 86' lang='lat'>10</span> <span class='ocrx_word' id='word_1_2' title='bbox 1202 222 1652 261; x_wconf 70' lang='lat' dir='ltr'>MALACHlAS</span> 
     </span>
    </p>
   </div>
   <div class='ocr_carea' id='block_1_2' title="bbox 438 291 1417 3162">
    <p class='ocr_par' dir='ltr' id='par_1_2' title="bbox 438 291 1417 3162">
     <span class='ocr_line' id='line_1_2' title="bbox 439 291 1394 345; baseline -0.005 -9"><span class='ocrx_word' id='word_1_3' title='bbox 439 300 515 336; x_wconf 89' lang='lat' dir='ltr'>ctis</span> <span class='ocrx_word' id='word_1_4' title='bbox 539 295 783 345; x_wconf 84' lang='lat' dir='ltr'>adscriptum</span> <span class='ocrx_word' id='word_1_5' title='bbox 805 295 825 330; x_wconf 81' lang='lat' dir='ltr'>a</span> <span class='ocrx_word' id='word_1_6' title='bbox 852 293 1058 331; x_wconf 81' lang='lat' dir='ltr'>Clemente</span> <span class='ocrx_word' id='word_1_7' title='bbox 1080 293 1160 330; x_wconf 54' lang='lat' dir='ltr'>llls</span> <span class='ocrx_word' id='word_1_8' title='bbox 1176 291 1246 330; x_wconf 79' lang='lat' dir='ltr'>An.</span> <span class='ocrx_word' id='word_1_9' title='bbox 1281 294 1394 332; x_wconf 88' lang='grc'>4490.</span> 
     </span>
     <span class='ocr_line' id='line_1_3' title="bbox 438 354 1392 407; baseline -0.006 -9"><span class='ocrx_word' id='word_1_10' title='bbox 438 359 642 407; x_wconf 76' lang='lat' dir='ltr'>Reliquiae</span> <span class='ocrx_word' id='word_1_11' title='bbox 666 358 702 394; x_wconf 92' lang='lat' dir='ltr'>in</span> <span class='ocrx_word' id='word_1_12' title='bbox 725 355 949 393; x_wconf 77' lang='lat' dir='ltr'>Hiberniam</span> <span class='ocrx_word' id='word_1_13' title='bbox 972 354 1255 392; x_wconf 76' lang='lat' dir='ltr'>translatae.A.</span> <span class='ocrx_word' id='word_1_14' title='bbox 1279 356 1392 393; x_wconf 81' lang='grc'>4494.</span> 
     </span>
     <span class='ocr_line' id='line_1_4' title="bbox 440 416 1392 464; baseline -0.006 -5"><span class='ocrx_word' id='word_1_15' title='bbox 440 420 499 459; x_wconf 78' lang='lat' dir='ltr'>Ad</span> <span class='ocrx_word' id='word_1_16' title='bbox 539 419 645 458; x_wconf 88' lang='lat' dir='ltr'>hunc</span> <span class='ocrx_word' id='word_1_17' title='bbox 683 416 911 456; x_wconf 74' lang='lat' dir='ltr'>Malachiam</span> <span class='ocrx_word' id='word_1_18' title='bbox 964 416 1164 464; x_wconf 82' lang='lat' dir='ltr'>Epistolae</span> <span class='ocrx_word' id='word_1_19' title='bbox 1203 416 1392 454; x_wconf 89' lang='lat' dir='ltr'>Bernardi</span> 
     </span>
     <span class='ocr_line' id='line_1_5' title="bbox 440 477 1393 526; baseline -0.003 -7"><span class='ocrx_word' id='word_1_20' title='bbox 440 484 528 520; x_wconf 62' lang='lat'>3155.</span> <span class='ocrx_word' id='word_1_21' title='bbox 556 481 644 519; x_wconf 86' lang='grc'>316.</span> <span class='ocrx_word' id='word_1_22' title='bbox 670 478 757 516; x_wconf 86' lang='grc'>317.</span> <span class='ocrx_word' id='word_1_23' title='bbox 788 477 895 526; x_wconf 89' lang='lat' dir='ltr'>(edit.</span> <span class='ocrx_word' id='word_1_24' title='bbox 921 477 1182 515; x_wconf 87' lang='lat' dir='ltr'>Mabillonian.</span> <span class='ocrx_word' id='word_1_25' title='bbox 1215 477 1284 516; x_wconf 83' lang='grc'>344</span> <span class='ocrx_word' id='word_1_26' title='bbox 1317 479 1393 516; x_wconf 77' lang='grc'>356</span> 
     </span>
     <span class='ocr_line' id='line_1_6' title="bbox 441 538 1393 589; baseline -0.004 -8"><span class='ocrx_word' id='word_1_27' title='bbox 441 543 542 589; x_wconf 72' lang='grc'>337.)</span> <span class='ocrx_word' id='word_1_28' title='bbox 583 541 797 589; x_wconf 81' lang='lat' dir='ltr'>Scripsisse.</span> <span class='ocrx_word' id='word_1_29' title='bbox 833 538 958 576; x_wconf 83' lang='lat' dir='ltr'>fertur</span> <span class='ocrx_word' id='word_1_30' title='bbox 988 538 1063 577; x_wconf 88' lang='lat' dir='ltr'>sub</span> <span class='ocrx_word' id='word_1_31' title='bbox 1089 540 1318 577; x_wconf 73' lang='lat' dir='ltr'>Innocentio</span> <span class='ocrx_word' id='word_1_32' title='bbox 1348 540 1393 578; x_wconf 93' lang='lat'>11.</span> 
     </span>
     <span class='ocr_line' id='line_1_7' title="bbox 440 598 1394 659; baseline -0.002 -18"><span class='ocrx_word' id='word_1_33' title='bbox 440 602 690 659; x_wconf 57' lang='lat' dir='ltr'>Prophetiam</span> <span class='ocrx_word' id='word_1_34' title='bbox 707 599 752 638; x_wconf 78' lang='lat' dir='ltr'>(le</span> <span class='ocrx_word' id='word_1_35' title='bbox 771 598 922 651; x_wconf 84' lang='lat' dir='ltr'>futuris</span> <span class='ocrx_word' id='word_1_36' title='bbox 941 599 1192 650; x_wconf 78' lang='lat' dir='ltr'>Pontificibus</span> <span class='ocrx_word' id='word_1_37' title='bbox 1209 600 1394 640; x_wconf 82' lang='lat' dir='ltr'>Romanis</span> 
     </span>
     <span class='ocr_line' id='line_1_8' title="bbox 441 660 1394 715; baseline -0.004 -13"><span class='ocrx_word' id='word_1_38' title='bbox 441 665 578 715; x_wconf 87' lang='lat' dir='ltr'>quales</span> <span class='ocrx_word' id='word_1_39' title='bbox 597 674 716 711; x_wconf 89' lang='lat' dir='ltr'>supra</span> <span class='ocrx_word' id='word_1_40' title='bbox 734 663 949 700; x_wconf 77' lang='lat' dir='ltr'>memoravi</span> <span class='ocrx_word' id='word_1_41' title='bbox 970 660 1209 700; x_wconf 77' lang='lat' dir='ltr'>JOACHIMI</span> <span class='ocrx_word' id='word_1_42' title='bbox 1232 662 1394 700; x_wconf 86' lang='lat' dir='ltr'>Abbatis</span> 
     </span>
     <span class='ocr_line' id='line_1_9' title="bbox 442 722 1397 773; baseline -0.003 -10"><span class='ocrx_word' id='word_1_43' title='bbox 442 731 479 763; x_wconf 89' lang='lat' dir='ltr'>et</span> <span class='ocrx_word' id='word_1_44' title='bbox 498 724 719 763; x_wconf 75' lang='lat' dir='ltr'>ANSELMI</span> <span class='ocrx_word' id='word_1_45' title='bbox 741 724 960 769; x_wconf 86' lang='lat' dir='ltr'>Marsicani,</span> <span class='ocrx_word' id='word_1_46' title='bbox 987 729 1026 761; x_wconf 91' lang='lat' dir='ltr'>et</span> <span class='ocrx_word' id='word_1_47' title='bbox 1050 724 1179 773; x_wconf 89' lang='lat' dir='ltr'>qualis</span> <span class='ocrx_word' id='word_1_48' title='bbox 1200 724 1248 762; x_wconf 90' lang='lat' dir='ltr'>ab</span> <span class='ocrx_word' id='word_1_49' title='bbox 1264 722 1397 762; x_wconf 81' lang='lat' dir='ltr'><em>Arabe</em></span> 
     </span>
     <span class='ocr_line' id='line_1_10' title="bbox 442 784 1397 837; baseline -0.003 -13"><span class='ocrx_word' id='word_1_50' title='bbox 442 786 612 837; x_wconf 87' lang='lat' dir='ltr'>quodam</span> <span class='ocrx_word' id='word_1_51' title='bbox 635 785 683 823; x_wconf 87' lang='lat' dir='ltr'>de</span> <span class='ocrx_word' id='word_1_52' title='bbox 704 784 960 823; x_wconf 79' lang='lat' dir='ltr'>Pontificibus</span> <span class='ocrx_word' id='word_1_53' title='bbox 989 785 1080 822; x_wconf 86' lang='lat' dir='ltr'>inde</span> <span class='ocrx_word' id='word_1_54' title='bbox 1119 785 1264 823; x_wconf 83' lang='lat' dir='ltr'>futuris</span> <span class='ocrx_word' id='word_1_55' title='bbox 1301 796 1397 835; x_wconf 84' lang='lat' dir='ltr'>qua-</span> 
     </span>
     <span class='ocr_line' id='line_1_11' title="bbox 444 845 1398 897; baseline -0.004 -11"><span class='ocrx_word' id='word_1_56' title='bbox 444 849 622 897; x_wconf 74' lang='lat' dir='ltr'>draginta</span> <span class='ocrx_word' id='word_1_57' title='bbox 649 858 711 885; x_wconf 89' lang='lat' dir='ltr'>an.</span> <span class='ocrx_word' id='word_1_58' title='bbox 737 847 851 885; x_wconf 83' lang='grc'>4444.</span> <span class='ocrx_word' id='word_1_59' title='bbox 874 847 1103 896; x_wconf 69' lang='lat' dir='ltr'>Imperatori</span> <span class='ocrx_word' id='word_1_60' title='bbox 1145 845 1398 895; x_wconf 67' lang='lat' dir='ltr'>sigismundo</span> 
     </span>
     <span class='ocr_line' id='line_1_12' title="bbox 444 908 1400 954; baseline -0.005 -7"><span class='ocrx_word' id='word_1_61' title='bbox 444 910 572 947; x_wconf 87' lang='lat' dir='ltr'>oblata</span> <span class='ocrx_word' id='word_1_62' title='bbox 606 909 730 947; x_wconf 83' lang='lat' dir='ltr'>fertur</span> <span class='ocrx_word' id='word_1_63' title='bbox 755 910 791 945; x_wconf 91' lang='lat' dir='ltr'>in</span> <span class='ocrx_word' id='word_1_64' title='bbox 815 908 988 947; x_wconf 85' lang='lat' dir='ltr'>Concilio</span> <span class='ocrx_word' id='word_1_65' title='bbox 1010 908 1318 954; x_wconf 84' lang='lat' dir='ltr'>Constantiensi,</span> <span class='ocrx_word' id='word_1_66' title='bbox 1342 911 1400 943; x_wconf 89' lang='lat' dir='ltr'>at-</span> 
     </span>
     <span class='ocr_line' id='line_1_13' title="bbox 445 967 1398 1020; baseline -0.005 -12"><span class='ocrx_word' id='word_1_67' title='bbox 445 982 522 1020; x_wconf 83' lang='lat' dir='ltr'>que</span> <span class='ocrx_word' id='word_1_68' title='bbox 548 982 675 1020; x_wconf 89' lang='lat' dir='ltr'>nnper</span> <span class='ocrx_word' id='word_1_69' title='bbox 698 968 911 1007; x_wconf 84' lang='lat' dir='ltr'>admodum</span> <span class='ocrx_word' id='word_1_70' title='bbox 939 980 1028 1005; x_wconf 84' lang='lat' dir='ltr'>cum</span> <span class='ocrx_word' id='word_1_71' title='bbox 1056 968 1165 1005; x_wconf 91' lang='lat' dir='ltr'>Bulla</span> <span class='ocrx_word' id='word_1_72' title='bbox 1196 967 1398 1004; x_wconf 75' lang='lat' dir='ltr'>Benedicti</span> 
     </span>
     <span class='ocr_line' id='line_1_14' title="bbox 444 1028 1402 1070; baseline -0.007 0"><span class='ocrx_word' id='word_1_73' title='bbox 444 1033 549 1070; x_wconf 81' lang='lat' dir='ltr'>Xlll.</span> <span class='ocrx_word' id='word_1_74' title='bbox 577 1031 624 1069; x_wconf 89' lang='lat' dir='ltr'>de</span> <span class='ocrx_word' id='word_1_75' title='bbox 650 1029 829 1068; x_wconf 84' lang='lat' dir='ltr'>habendo</span> <span class='ocrx_word' id='word_1_76' title='bbox 848 1041 911 1066; x_wconf 90' lang='lat' dir='ltr'>an.</span> <span class='ocrx_word' id='word_1_77' title='bbox 937 1028 1052 1066; x_wconf 74' lang='grc'>4725.</span> <span class='ocrx_word' id='word_1_78' title='bbox 1078 1028 1253 1065; x_wconf 85' lang='lat' dir='ltr'>Concilio</span> <span class='ocrx_word' id='word_1_79' title='bbox 1278 1029 1402 1064; x_wconf 78' lang='lat' dir='ltr'>Bene-</span> 
     </span>
     <span class='ocr_line' id='line_1_15' title="bbox 442 1088 1401 1140; baseline -0.002 -12"><span class='ocrx_word' id='word_1_80' title='bbox 442 1099 631 1140; x_wconf 84' lang='lat' dir='ltr'>ventano,</span> <span class='ocrx_word' id='word_1_81' title='bbox 654 1092 888 1129; x_wconf 78' lang='lat' dir='ltr'>Germanice</span> <span class='ocrx_word' id='word_1_82' title='bbox 919 1090 1037 1126; x_wconf 86' lang='lat' dir='ltr'>etiam</span> <span class='ocrx_word' id='word_1_83' title='bbox 1067 1099 1184 1126; x_wconf 85' lang='lat' dir='ltr'>versa</span> <span class='ocrx_word' id='word_1_84' title='bbox 1209 1100 1271 1126; x_wconf 89' lang='lat' dir='ltr'>an.</span> <span class='ocrx_word' id='word_1_85' title='bbox 1299 1088 1401 1126; x_wconf 76' lang='grc'>4725</span> 
     </span>
     <span class='ocr_line' id='line_1_16' title="bbox 451 1149 1404 1199; baseline -0.007 -7"><span class='ocrx_word' id='word_1_86' title='bbox 451 1157 487 1191; x_wconf 93' lang='grc'>8.</span> <span class='ocrx_word' id='word_1_87' title='bbox 514 1155 641 1192; x_wconf 84' lang='lat' dir='ltr'>lucem</span> <span class='ocrx_word' id='word_1_88' title='bbox 666 1152 777 1189; x_wconf 84' lang='lat' dir='ltr'>vidit.</span> <span class='ocrx_word' id='word_1_89' title='bbox 808 1150 1021 1188; x_wconf 75' lang='lat' dir='ltr'>Malachiae</span> <span class='ocrx_word' id='word_1_90' title='bbox 1045 1149 1238 1187; x_wconf 88' lang='lat' dir='ltr'>divinatio</span> <span class='ocrx_word' id='word_1_91' title='bbox 1268 1150 1404 1199; x_wconf 89' lang='lat' dir='ltr'>incipit</span> 
     </span>
     <span class='ocr_line' id='line_1_17' title="bbox 449 1210 1402 1253; baseline -0.005 0"><span class='ocrx_word' id='word_1_92' title='bbox 449 1218 469 1253; x_wconf 81' lang='lat' dir='ltr'>a</span> <span class='ocrx_word' id='word_1_93' title='bbox 495 1215 717 1253; x_wconf 81' lang='lat' dir='ltr'>Caelestino</span> <span class='ocrx_word' id='word_1_94' title='bbox 744 1213 788 1249; x_wconf 89' lang='lat' dir='ltr'>ll.</span> <span class='ocrx_word' id='word_1_95' title='bbox 814 1216 854 1249; x_wconf 86' lang='lat' dir='ltr'>et</span> <span class='ocrx_word' id='word_1_96' title='bbox 884 1223 959 1250; x_wconf 91' lang='lat' dir='ltr'>non</span> <span class='ocrx_word' id='word_1_97' title='bbox 981 1210 1095 1248; x_wconf 91' lang='lat' dir='ltr'>modo</span> <span class='ocrx_word' id='word_1_98' title='bbox 1120 1210 1166 1248; x_wconf 88' lang='lat' dir='ltr'>ad</span> <span class='ocrx_word' id='word_1_99' title='bbox 1191 1210 1402 1248; x_wconf 83' lang='lat' dir='ltr'>Pontifices</span> 
     </span>
     <span class='ocr_line' id='line_1_18' title="bbox 445 1271 1404 1322; baseline -0.004 -10"><span class='ocrx_word' id='word_1_100' title='bbox 445 1280 602 1313; x_wconf 86' lang='lat' dir='ltr'>nostrae</span> <span class='ocrx_word' id='word_1_101' title='bbox 628 1274 770 1311; x_wconf 86' lang='lat' dir='ltr'>aetatis</span> <span class='ocrx_word' id='word_1_102' title='bbox 791 1271 1055 1322; x_wconf 71' lang='lat' dir='ltr'>progreditur,</span> <span class='ocrx_word' id='word_1_103' title='bbox 1078 1271 1147 1309; x_wconf 89' lang='lat' dir='ltr'>sed</span> <span class='ocrx_word' id='word_1_104' title='bbox 1174 1276 1262 1321; x_wconf 88' lang='lat' dir='ltr'>post</span> <span class='ocrx_word' id='word_1_105' title='bbox 1293 1282 1404 1321; x_wconf 86' lang='lat' dir='ltr'>prae-</span> 
     </span>
     <span class='ocr_line' id='line_1_19' title="bbox 444 1332 1404 1382; baseline -0.005 -8"><span class='ocrx_word' id='word_1_106' title='bbox 444 1341 599 1374; x_wconf 87' lang='lat' dir='ltr'>sentem</span> <span class='ocrx_word' id='word_1_107' title='bbox 628 1335 861 1374; x_wconf 77' lang='lat' dir='ltr'>Clementem</span> <span class='ocrx_word' id='word_1_108' title='bbox 882 1333 966 1372; x_wconf 85' lang='lat' dir='ltr'>XII.</span> <span class='ocrx_word' id='word_1_109' title='bbox 992 1344 1111 1382; x_wconf 88' lang='lat' dir='ltr'>quem</span> <span class='ocrx_word' id='word_1_110' title='bbox 1146 1333 1280 1370; x_wconf 89' lang='lat' dir='ltr'>verbis</span> <span class='ocrx_word' id='word_1_111' title='bbox 1331 1332 1404 1370; x_wconf 86' lang='lat' dir='ltr'>Co-</span> 
     </span>
     <span class='ocr_line' id='line_1_20' title="bbox 445 1395 1402 1444; baseline -0.004 -9"><span class='ocrx_word' id='word_1_112' title='bbox 445 1397 581 1436; x_wconf 81' lang='lat' dir='ltr'>lumna</span> <span class='ocrx_word' id='word_1_113' title='bbox 606 1395 794 1444; x_wconf 67' lang='lat' dir='ltr'>eaecelsa,</span> <span class='ocrx_word' id='word_1_114' title='bbox 836 1396 961 1433; x_wconf 82' lang='lat' dir='ltr'>voluit</span> <span class='ocrx_word' id='word_1_115' title='bbox 986 1399 1148 1442; x_wconf 69' lang='lat' dir='ltr'>notare,</span> <span class='ocrx_word' id='word_1_116' title='bbox 1185 1398 1402 1444; x_wconf 79' lang='lat' dir='ltr'>supersunt</span> 
     </span>
     <span class='ocr_line' id='line_1_21' title="bbox 441 1455 1402 1506; baseline -0.005 -8"><span class='ocrx_word' id='word_1_117' title='bbox 441 1460 573 1498; x_wconf 85' lang='lat' dir='ltr'>adhuc</span> <span class='ocrx_word' id='word_1_118' title='bbox 597 1459 783 1496; x_wconf 86' lang='lat' dir='ltr'>vaticinia</span> <span class='ocrx_word' id='word_1_119' title='bbox 808 1458 893 1494; x_wconf 88' lang='lat' dir='ltr'>sive.</span> <span class='ocrx_word' id='word_1_120' title='bbox 918 1457 1142 1506; x_wconf 74' lang='lat' dir='ltr'>aenigmata</span> <span class='ocrx_word' id='word_1_121' title='bbox 1167 1455 1215 1493; x_wconf 89' lang='lat' dir='ltr'>de</span> <span class='ocrx_word' id='word_1_122' title='bbox 1231 1456 1318 1494; x_wconf 80' lang='lat' dir='ltr'>aliis</span> <span class='ocrx_word' id='word_1_123' title='bbox 1344 1455 1402 1493; x_wconf 83' lang='lat' dir='ltr'>fu-</span> 
     </span>
     <span class='ocr_line' id='line_1_22' title="bbox 441 1515 1399 1567; baseline -0.005 -9"><span class='ocrx_word' id='word_1_124' title='bbox 441 1522 562 1560; x_wconf 82' lang='lat' dir='ltr'>turis:</span> <span class='ocrx_word' id='word_1_125' title='bbox 596 1522 629 1567; x_wconf 87' lang='grc'>4)</span> <span class='ocrx_word' id='word_1_126' title='bbox 652 1517 811 1556; x_wconf 69' lang='grc' dir='ltr'><em>Ληίηηιὶ</em></span> <span class='ocrx_word' id='word_1_127' title='bbox 832 1517 983 1556; x_wconf 76' lang='lat' dir='ltr'>rurale.</span> <span class='ocrx_word' id='word_1_128' title='bbox 1007 1520 1046 1566; x_wconf 84' lang='grc'>2)</span> <span class='ocrx_word' id='word_1_129' title='bbox 1073 1520 1175 1556; x_wconf 80' lang='lat' dir='ltr'>Rosa</span> <span class='ocrx_word' id='word_1_130' title='bbox 1201 1515 1399 1556; x_wconf 65' lang='lat' dir='ltr'>Umbriae.</span> 
     </span>
     <span class='ocr_line' id='line_1_23' title="bbox 445 1577 1400 1630; baseline -0.006 -9"><span class='ocrx_word' id='word_1_131' title='bbox 445 1584 481 1630; x_wconf 89' lang='lat'>3)</span> <span class='ocrx_word' id='word_1_132' title='bbox 506 1583 629 1619; x_wconf 66' lang='lat' dir='ltr'>Ursus</span> <span class='ocrx_word' id='word_1_133' title='bbox 650 1580 780 1619; x_wconf 70' lang='lat' dir='ltr'>velooe.</span> <span class='ocrx_word' id='word_1_134' title='bbox 808 1581 841 1627; x_wconf 89' lang='grc'>4)</span> <span class='ocrx_word' id='word_1_135' title='bbox 871 1579 1111 1629; x_wconf 68' lang='lat' dir='ltr'>Pereyrinus</span> <span class='ocrx_word' id='word_1_136' title='bbox 1137 1577 1400 1628; x_wconf 75' lang='lat' dir='ltr'>Apostolicus.</span> 
     </span>
     <span class='ocr_line' id='line_1_24' title="bbox 445 1638 1400 1693; baseline -0.005 -13"><span class='ocrx_word' id='word_1_137' title='bbox 445 1646 480 1691; x_wconf 55' lang='grc' dir='ltr'>ἔπ’)</span> <span class='ocrx_word' id='word_1_138' title='bbox 506 1642 651 1693; x_wconf 75' lang='lat' dir='ltr'>Aquila</span> <span class='ocrx_word' id='word_1_139' title='bbox 680 1653 830 1691; x_wconf 57' lang='lat' dir='ltr'>rapax.</span> <span class='ocrx_word' id='word_1_140' title='bbox 857 1642 891 1687; x_wconf 73' lang='lat'>6)</span> <span class='ocrx_word' id='word_1_141' title='bbox 934 1640 1055 1679; x_wconf 79' lang='lat' dir='ltr'>Canis</span> <span class='ocrx_word' id='word_1_142' title='bbox 1086 1644 1123 1677; x_wconf 77' lang='lat' dir='ltr'>et</span> <span class='ocrx_word' id='word_1_143' title='bbox 1157 1639 1329 1678; x_wconf 71' lang='lat' dir='ltr'>coluber.</span> <span class='ocrx_word' id='word_1_144' title='bbox 1362 1638 1400 1685; x_wconf 73' lang='lat'>7)</span> 
     </span>
     <span class='ocr_line' id='line_1_25' title="bbox 451 1700 1402 1753; baseline -0.006 -10"><span class='ocrx_word' id='word_1_145' title='bbox 451 1705 520 1743; x_wconf 76' lang='lat' dir='ltr'>l&#39;ir</span> <span class='ocrx_word' id='word_1_146' title='bbox 545 1704 767 1753; x_wconf 71' lang='lat' dir='ltr'>reliqiosus.</span> <span class='ocrx_word' id='word_1_147' title='bbox 794 1704 829 1749; x_wconf 82' lang='grc'>8)</span> <span class='ocrx_word' id='word_1_148' title='bbox 866 1703 922 1739; x_wconf 87' lang='lat' dir='ltr'>De</span> <span class='ocrx_word' id='word_1_149' title='bbox 953 1700 1101 1739; x_wconf 72' lang='lat' dir='ltr'>balneis</span> <span class='ocrx_word' id='word_1_150' title='bbox 1139 1701 1342 1739; x_wconf 76' lang='lat' dir='ltr'>Etruriae.</span> <span class='ocrx_word' id='word_1_151' title='bbox 1368 1702 1402 1747; x_wconf 82' lang='grc'>9)</span> 
     </span>
     <span class='ocr_line' id='line_1_26' title="bbox 448 1761 1402 1810; baseline -0.006 -4"><span class='ocrx_word' id='word_1_152' title='bbox 448 1768 567 1806; x_wconf 72' lang='lat' dir='ltr'>Crzme</span> <span class='ocrx_word' id='word_1_153' title='bbox 590 1765 636 1803; x_wconf 77' lang='lat' dir='ltr'>(le</span> <span class='ocrx_word' id='word_1_154' title='bbox 663 1766 802 1804; x_wconf 78' lang='lat' dir='ltr'>cruce.</span> <span class='ocrx_word' id='word_1_155' title='bbox 831 1765 890 1810; x_wconf 96' lang='grc'>40)</span> <span class='ocrx_word' id='word_1_156' title='bbox 935 1765 1082 1801; x_wconf 80' lang='lat' dir='ltr'>Lumen</span> <span class='ocrx_word' id='word_1_157' title='bbox 1106 1762 1146 1800; x_wconf 83' lang='lat' dir='ltr'>in</span> <span class='ocrx_word' id='word_1_158' title='bbox 1188 1761 1313 1801; x_wconf 82' lang='lat' dir='ltr'>Coelo,</span> <span class='ocrx_word' id='word_1_159' title='bbox 1344 1763 1402 1805; x_wconf 87' lang='grc'>44)</span> 
     </span>
     <span class='ocr_line' id='line_1_27' title="bbox 446 1824 1403 1876; baseline 0 -14"><span class='ocrx_word' id='word_1_160' title='bbox 446 1828 553 1876; x_wconf 65' lang='grc' dir='ltr'><em>Ιῃηῖε</em></span> <span class='ocrx_word' id='word_1_161' title='bbox 577 1825 734 1864; x_wconf 79' lang='lat' dir='ltr'>ardens.</span> <span class='ocrx_word' id='word_1_162' title='bbox 771 1826 831 1872; x_wconf 89' lang='grc'>42)</span> <span class='ocrx_word' id='word_1_163' title='bbox 864 1824 1025 1874; x_wconf 68' lang='grc' dir='ltr'>Ιίεἷίίῃτό</span> <span class='ocrx_word' id='word_1_164' title='bbox 1058 1824 1307 1875; x_wconf 74' lang='lat' dir='ltr'>depopulata.</span> <span class='ocrx_word' id='word_1_165' title='bbox 1343 1824 1403 1872; x_wconf 90' lang='grc'>43)</span> 
     </span>
     <span class='ocr_line' id='line_1_28' title="bbox 448 1884 1403 1936; baseline -0.003 -11"><span class='ocrx_word' id='word_1_166' title='bbox 448 1886 563 1925; x_wconf 79' lang='lat' dir='ltr'>Fides</span> <span class='ocrx_word' id='word_1_167' title='bbox 588 1884 796 1936; x_wconf 76' lang='lat' dir='ltr'>intrepida.</span> <span class='ocrx_word' id='word_1_168' title='bbox 832 1885 892 1931; x_wconf 83' lang='grc'>44)</span> <span class='ocrx_word' id='word_1_169' title='bbox 929 1885 1074 1922; x_wconf 78' lang='lat' dir='ltr'>Pastor</span> <span class='ocrx_word' id='word_1_170' title='bbox 1105 1884 1307 1934; x_wconf 66' lang='lat' dir='ltr'>anyelicus</span> <span class='ocrx_word' id='word_1_171' title='bbox 1343 1884 1403 1932; x_wconf 77' lang='grc'>45)</span> 
     </span>
     <span class='ocr_line' id='line_1_29' title="bbox 447 1945 1404 1997; baseline -0.003 -12"><span class='ocrx_word' id='word_1_172' title='bbox 447 1950 591 1985; x_wconf 79' lang='lat' dir='ltr'>Pastor</span> <span class='ocrx_word' id='word_1_173' title='bbox 630 1950 668 1985; x_wconf 83' lang='lat' dir='ltr'>et</span> <span class='ocrx_word' id='word_1_174' title='bbox 703 1950 837 1983; x_wconf 77' lang='lat' dir='ltr'>nauta.</span> <span class='ocrx_word' id='word_1_175' title='bbox 864 1947 922 1994; x_wconf 85' lang='grc'>46)</span> <span class='ocrx_word' id='word_1_176' title='bbox 964 1945 1054 1985; x_wconf 77' lang='lat' dir='ltr'>Flos</span> <span class='ocrx_word' id='word_1_177' title='bbox 1081 1946 1237 1997; x_wconf 76' lang='lat' dir='ltr'>florum.</span> <span class='ocrx_word' id='word_1_178' title='bbox 1268 1946 1326 1994; x_wconf 89' lang='grc'>47)</span> <span class='ocrx_word' id='word_1_179' title='bbox 1349 1946 1404 1982; x_wconf 84' lang='lat' dir='ltr'>De</span> 
     </span>
     <span class='ocr_line' id='line_1_30' title="bbox 447 2005 1407 2056; baseline -0.003 -10"><span class='ocrx_word' id='word_1_180' title='bbox 447 2008 652 2047; x_wconf 77' lang='lat' dir='ltr'>medietate</span> <span class='ocrx_word' id='word_1_181' title='bbox 674 2009 819 2046; x_wconf 77' lang='lat' dir='ltr'>Lunae.</span> <span class='ocrx_word' id='word_1_182' title='bbox 848 2010 910 2056; x_wconf 92' lang='grc'>48)</span> <span class='ocrx_word' id='word_1_183' title='bbox 937 2009 991 2045; x_wconf 89' lang='lat' dir='ltr'>De</span> <span class='ocrx_word' id='word_1_184' title='bbox 1027 2005 1160 2046; x_wconf 78' lang='lat' dir='ltr'>labore</span> <span class='ocrx_word' id='word_1_185' title='bbox 1199 2007 1313 2046; x_wconf 81' lang='lat' dir='ltr'>Solis.</span> <span class='ocrx_word' id='word_1_186' title='bbox 1350 2008 1407 2053; x_wconf 84' lang='grc'>49)</span> 
     </span>
     <span class='ocr_line' id='line_1_31' title="bbox 453 2069 1407 2120; baseline -0.003 -12"><span class='ocrx_word' id='word_1_187' title='bbox 453 2070 590 2109; x_wconf 80' lang='lat' dir='ltr'>Gloria</span> <span class='ocrx_word' id='word_1_188' title='bbox 615 2069 753 2108; x_wconf 81' lang='lat' dir='ltr'>olivae.</span> <span class='ocrx_word' id='word_1_189' title='bbox 780 2070 841 2118; x_wconf 87' lang='grc'>20)</span> <span class='ocrx_word' id='word_1_190' title='bbox 868 2070 914 2106; x_wconf 86' lang='lat' dir='ltr'>In</span> <span class='ocrx_word' id='word_1_191' title='bbox 931 2071 1204 2120; x_wconf 76' lang='lat' dir='ltr'>perseeutione</span> <span class='ocrx_word' id='word_1_192' title='bbox 1221 2072 1407 2107; x_wconf 73' lang='lat' dir='ltr'>eoetremci</span> 
     </span>
     <span class='ocr_line' id='line_1_32' title="bbox 449 2129 1405 2171; baseline -0.003 0"><span class='ocrx_word' id='word_1_193' title='bbox 449 2137 488 2171; x_wconf 69' lang='lat' dir='ltr'>S.</span> <span class='ocrx_word' id='word_1_194' title='bbox 521 2134 564 2171; x_wconf 77' lang='lat' dir='ltr'>R.</span> <span class='ocrx_word' id='word_1_195' title='bbox 598 2131 774 2169; x_wconf 74' lang='lat' dir='ltr'>Ecclesia</span> <span class='ocrx_word' id='word_1_196' title='bbox 811 2129 979 2169; x_wconf 79' lang='lat' dir='ltr'>sedebit:</span> <span class='ocrx_word' id='word_1_197' title='bbox 1020 2132 1162 2168; x_wconf 81' lang='lat' dir='ltr'>Petrus</span> <span class='ocrx_word' id='word_1_198' title='bbox 1205 2133 1405 2170; x_wconf 73' lang='lat' dir='ltr'>Romanus</span> 
     </span>
     <span class='ocr_line' id='line_1_33' title="bbox 452 2190 1402 2244; baseline 0 -15"><span class='ocrx_word' id='word_1_199' title='bbox 452 2193 523 2244; x_wconf 79' lang='lat' dir='ltr'>qui</span> <span class='ocrx_word' id='word_1_200' title='bbox 538 2196 678 2243; x_wconf 76' lang='lat' dir='ltr'>pascet</span> <span class='ocrx_word' id='word_1_201' title='bbox 700 2203 788 2231; x_wconf 80' lang='lat' dir='ltr'>oves</span> <span class='ocrx_word' id='word_1_202' title='bbox 818 2192 858 2229; x_wconf 87' lang='lat' dir='ltr'>in</span> <span class='ocrx_word' id='word_1_203' title='bbox 882 2191 1016 2230; x_wconf 79' lang='lat' dir='ltr'>multis</span> <span class='ocrx_word' id='word_1_204' title='bbox 1055 2190 1402 2230; x_wconf 77' lang='lat' dir='ltr'>tribulationibus:</span> 
     </span>
     <span class='ocr_line' id='line_1_34' title="bbox 453 2252 1407 2307; baseline -0.002 -15"><span class='ocrx_word' id='word_1_205' title='bbox 453 2254 602 2305; x_wconf 76' lang='lat' dir='ltr'>quibus</span> <span class='ocrx_word' id='word_1_206' title='bbox 623 2255 838 2307; x_wconf 69' lang='lat' dir='ltr'>transactis</span> <span class='ocrx_word' id='word_1_207' title='bbox 861 2254 1003 2293; x_wconf 72' lang='lat' dir='ltr'>civitas</span> <span class='ocrx_word' id='word_1_208' title='bbox 1023 2252 1232 2305; x_wconf 73' lang='lat' dir='ltr'>septicollis</span> <span class='ocrx_word' id='word_1_209' title='bbox 1272 2253 1407 2291; x_wconf 78' lang='lat' dir='ltr'>dirue-</span> 
     </span>
     <span class='ocr_line' id='line_1_35' title="bbox 453 2313 1407 2366; baseline -0.002 -12"><span class='ocrx_word' id='word_1_210' title='bbox 453 2321 520 2355; x_wconf 80' lang='lat' dir='ltr'>tur</span> <span class='ocrx_word' id='word_1_211' title='bbox 544 2320 581 2354; x_wconf 90' lang='lat' dir='ltr'>et</span> <span class='ocrx_word' id='word_1_212' title='bbox 601 2315 737 2353; x_wconf 77' lang='lat' dir='ltr'>Judeoe</span> <span class='ocrx_word' id='word_1_213' title='bbox 757 2315 981 2354; x_wconf 75' lang='lat' dir='ltr'>tremendus</span> <span class='ocrx_word' id='word_1_214' title='bbox 993 2314 1193 2366; x_wconf 67' lang='grc' dir='ltr'>ιῘαείῖεαζηί</span> <span class='ocrx_word' id='word_1_215' title='bbox 1217 2313 1407 2365; x_wconf 78' lang='lat' dir='ltr'>populum</span> 
     </span>
     <span class='ocr_line' id='line_1_36' title="bbox 453 2376 1409 2417; baseline -0.004 0"><span class='ocrx_word' id='word_1_216' title='bbox 453 2389 580 2417; x_wconf 74' lang='lat' dir='ltr'>suum.</span> <span class='ocrx_word' id='word_1_217' title='bbox 608 2379 763 2416; x_wconf 83' lang='lat' dir='ltr'>Primus</span> <span class='ocrx_word' id='word_1_218' title='bbox 795 2377 891 2415; x_wconf 92' lang='lat' dir='ltr'>haec</span> <span class='ocrx_word' id='word_1_219' title='bbox 920 2379 1091 2415; x_wconf 81' lang='lat' dir='ltr'>vaticina</span> <span class='ocrx_word' id='word_1_220' title='bbox 1122 2376 1267 2415; x_wconf 87' lang='lat' dir='ltr'>additis</span> <span class='ocrx_word' id='word_1_221' title='bbox 1306 2377 1409 2413; x_wconf 88' lang='lat' dir='ltr'>notis</span> 
     </span>
     <span class='ocr_line' id='line_1_37' title="bbox 454 2436 1406 2488; baseline -0.003 -11"><span class='ocrx_word' id='word_1_222' title='bbox 454 2439 668 2477; x_wconf 71' lang='lat' dir='ltr'>francisci</span> <span class='ocrx_word' id='word_1_223' title='bbox 683 2436 876 2488; x_wconf 81' lang='lat' dir='ltr'>Alphonsi</span> <span class='ocrx_word' id='word_1_224' title='bbox 899 2437 1121 2484; x_wconf 62' lang='lat' dir='ltr'>ciacconii,</span> <span class='ocrx_word' id='word_1_225' title='bbox 1146 2437 1240 2476; x_wconf 89' lang='lat' dir='ltr'>Ord.</span> <span class='ocrx_word' id='word_1_226' title='bbox 1272 2436 1406 2475; x_wconf 85' lang='lat' dir='ltr'>Praed.</span> 
     </span>
     <span class='ocr_line' id='line_1_38' title="bbox 455 2497 1409 2549; baseline -0.003 -10"><span class='ocrx_word' id='word_1_227' title='bbox 455 2501 502 2539; x_wconf 89' lang='lat' dir='ltr'>ad</span> <span class='ocrx_word' id='word_1_228' title='bbox 522 2502 770 2539; x_wconf 79' lang='lat' dir='ltr'>Clementem</span> <span class='ocrx_word' id='word_1_229' title='bbox 798 2500 896 2538; x_wconf 71' lang='lat' dir='ltr'>Vlll⁴</span> <span class='ocrx_word' id='word_1_230' title='bbox 920 2510 1047 2549; x_wconf 83' lang='lat' dir='ltr'>usque</span> <span class='ocrx_word' id='word_1_231' title='bbox 1071 2499 1194 2537; x_wconf 78' lang='lat' dir='ltr'>edidit</span> <span class='ocrx_word' id='word_1_232' title='bbox 1209 2497 1409 2536; x_wconf 82' lang='lat' dir='ltr'>Arnolclus</span> 
     </span>
     <span class='ocr_line' id='line_1_39' title="bbox 466 2560 1407 2612; baseline -0.006 -10"><span class='ocrx_word' id='word_1_233' title='bbox 466 2562 580 2602; x_wconf 83' lang='lat' dir='ltr'>Wion</span> <span class='ocrx_word' id='word_1_234' title='bbox 604 2567 697 2600; x_wconf 89' lang='lat' dir='ltr'>tom.</span> <span class='ocrx_word' id='word_1_235' title='bbox 726 2564 760 2600; x_wconf 92' lang='grc'>4.</span> <span class='ocrx_word' id='word_1_236' title='bbox 777 2562 869 2612; x_wconf 78' lang='lat' dir='ltr'>ligni</span> <span class='ocrx_word' id='word_1_237' title='bbox 894 2562 1004 2599; x_wconf 80' lang='lat' dir='ltr'>Vitae</span> <span class='ocrx_word' id='word_1_238' title='bbox 1030 2573 1114 2611; x_wconf 80' lang='lat' dir='ltr'>pag.</span> <span class='ocrx_word' id='word_1_239' title='bbox 1141 2560 1216 2599; x_wconf 89' lang='grc'>307</span> <span class='ocrx_word' id='word_1_240' title='bbox 1239 2560 1407 2599; x_wconf 77' lang='lat' dir='ltr'>3¹ll.lib.</span> 
     </span>
     <span class='ocr_line' id='line_1_40' title="bbox 458 2620 1409 2673; baseline -0.005 -11"><span class='ocrx_word' id='word_1_241' title='bbox 458 2627 495 2662; x_wconf 83' lang='grc'>2.</span> <span class='ocrx_word' id='word_1_242' title='bbox 515 2635 588 2673; x_wconf 85' lang='lat' dir='ltr'>cap</span> <span class='ocrx_word' id='word_1_243' title='bbox 620 2624 682 2660; x_wconf 81' lang='grc'>20.</span> <span class='ocrx_word' id='word_1_244' title='bbox 705 2624 844 2660; x_wconf 82' lang='lat' dir='ltr'>Venet.</span> <span class='ocrx_word' id='word_1_245' title='bbox 872 2623 975 2662; x_wconf 78' lang='lat'>4595</span> <span class='ocrx_word' id='word_1_246' title='bbox 1001 2624 1034 2660; x_wconf 92' lang='grc'>4.</span> <span class='ocrx_word' id='word_1_247' title='bbox 1058 2622 1241 2660; x_wconf 85' lang='lat' dir='ltr'>Prodiere</span> <span class='ocrx_word' id='word_1_248' title='bbox 1266 2620 1409 2660; x_wconf 89' lang='lat' dir='ltr'>deinde</span> 
     </span>
     <span class='ocr_line' id='line_1_41' title="bbox 456 2682 1412 2735; baseline -0.005 -11"><span class='ocrx_word' id='word_1_249' title='bbox 456 2698 549 2725; x_wconf 89' lang='lat' dir='ltr'>cum</span> <span class='ocrx_word' id='word_1_250' title='bbox 586 2686 909 2724; x_wconf 83' lang='lat' dir='ltr'>annotationibus</span> <span class='ocrx_word' id='word_1_251' title='bbox 959 2684 1193 2735; x_wconf 76' lang='lat' dir='ltr'>Hieronymi</span> <span class='ocrx_word' id='word_1_252' title='bbox 1227 2682 1412 2721; x_wconf 83' lang='lat' dir='ltr'>Joannim</span> 
     </span>
     <span class='ocr_line' id='line_1_42' title="bbox 459 2744 1408 2794; baseline -0.006 -7"><span class='ocrx_word' id='word_1_253' title='bbox 459 2749 552 2787; x_wconf 87' lang='lat' dir='ltr'>Ord·</span> <span class='ocrx_word' id='word_1_254' title='bbox 578 2747 715 2786; x_wconf 88' lang='lat' dir='ltr'>Praed.</span> <span class='ocrx_word' id='word_1_255' title='bbox 742 2749 877 2786; x_wconf 77' lang='lat' dir='ltr'>Latine</span> <span class='ocrx_word' id='word_1_256' title='bbox 908 2753 948 2784; x_wconf 90' lang='lat' dir='ltr'>et</span> <span class='ocrx_word' id='word_1_257' title='bbox 970 2748 1122 2794; x_wconf 80' lang='lat' dir='ltr'>italice⁷</span> <span class='ocrx_word' id='word_1_258' title='bbox 1148 2745 1238 2784; x_wconf 87' lang='lat' dir='ltr'>ibid.</span> <span class='ocrx_word' id='word_1_259' title='bbox 1265 2745 1368 2783; x_wconf 77' lang='grc'>4605</span> <span class='ocrx_word' id='word_1_260' title='bbox 1387 2744 1408 2781; x_wconf 89' lang='grc'>4</span> 
     </span>
     <span class='ocr_line' id='line_1_43' title="bbox 461 2806 1410 2860; baseline -0.005 -13"><span class='ocrx_word' id='word_1_261' title='bbox 461 2812 619 2860; x_wconf 86' lang='lat' dir='ltr'>saepius</span> <span class='ocrx_word' id='word_1_262' title='bbox 649 2810 766 2846; x_wconf 86' lang='lat' dir='ltr'>etiam</span> <span class='ocrx_word' id='word_1_263' title='bbox 800 2820 938 2846; x_wconf 84' lang='lat' dir='ltr'>recusa</span> <span class='ocrx_word' id='word_1_264' title='bbox 964 2810 1108 2846; x_wconf 85' lang='lat' dir='ltr'>Romae</span> <span class='ocrx_word' id='word_1_265' title='bbox 1138 2812 1182 2845; x_wconf 90' lang='lat' dir='ltr'>ut</span> <span class='ocrx_word' id='word_1_266' title='bbox 1206 2818 1267 2844; x_wconf 89' lang='lat' dir='ltr'>an.</span> <span class='ocrx_word' id='word_1_267' title='bbox 1296 2806 1410 2844; x_wconf 88' lang='grc'>4689.</span> 
     </span>
     <span class='ocr_line' id='line_1_44' title="bbox 459 2865 1413 2921; baseline -0.01 -8"><span class='ocrx_word' id='word_1_268' title='bbox 459 2879 578 2921; x_wconf 83' lang='lat' dir='ltr'>atque</span> <span class='ocrx_word' id='word_1_269' title='bbox 603 2871 705 2917; x_wconf 83' lang='lat' dir='ltr'>alibi,</span> <span class='ocrx_word' id='word_1_270' title='bbox 728 2874 770 2907; x_wconf 90' lang='lat' dir='ltr'>ut</span> <span class='ocrx_word' id='word_1_271' title='bbox 793 2872 828 2906; x_wconf 92' lang='lat' dir='ltr'>in</span> <span class='ocrx_word' id='word_1_272' title='bbox 860 2868 1023 2906; x_wconf 79' lang='lat' dir='ltr'>leomae</span> <span class='ocrx_word' id='word_1_273' title='bbox 1045 2865 1329 2917; x_wconf 73' lang='lat' dir='ltr'>Messinylzami</span> <span class='ocrx_word' id='word_1_274' title='bbox 1344 2867 1413 2904; x_wconf 80' lang='lat' dir='ltr'>tlo-</span> 
     </span>
     <span class='ocr_line' id='line_1_45' title="bbox 463 2927 1411 2983; baseline -0.011 -10"><span class='ocrx_word' id='word_1_275' title='bbox 463 2936 596 2983; x_wconf 74' lang='lat' dir='ltr'>rilegio</span> <span class='ocrx_word' id='word_1_276' title='bbox 635 2934 870 2970; x_wconf 76' lang='lat' dir='ltr'>Sanctorum</span> <span class='ocrx_word' id='word_1_277' title='bbox 906 2930 1115 2967; x_wconf 80' lang='lat' dir='ltr'>Hiberniae</span> <span class='ocrx_word' id='word_1_278' title='bbox 1155 2940 1240 2978; x_wconf 74' lang='lat' dir='ltr'>pag.</span> <span class='ocrx_word' id='word_1_279' title='bbox 1271 2927 1346 2965; x_wconf 88' lang='lat'>376</span> <span class='ocrx_word' id='word_1_280' title='bbox 1373 2928 1411 2963; x_wconf 94' lang='lat' dir='ltr'>in</span> 
     </span>
     <span class='ocr_line' id='line_1_46' title="bbox 462 2988 1414 3042; baseline -0.011 -8"><span class='ocrx_word' id='word_1_281' title='bbox 462 2996 615 3034; x_wconf 88' lang='lat' dir='ltr'>llenrici</span> <span class='ocrx_word' id='word_1_282' title='bbox 641 2993 889 3042; x_wconf 69' lang='lat' dir='ltr'>anelgrave</span> <span class='ocrx_word' id='word_1_283' title='bbox 911 2991 1081 3029; x_wconf 84' lang='lat' dir='ltr'>Coclesti</span> <span class='ocrx_word' id='word_1_284' title='bbox 1111 2988 1308 3039; x_wconf 77' lang='lat' dir='ltr'>pantheo,</span> <span class='ocrx_word' id='word_1_285' title='bbox 1332 2999 1414 3025; x_wconf 89' lang='lat' dir='ltr'>em-</span> 
     </span>
     <span class='ocr_line' id='line_1_47' title="bbox 462 3048 1413 3103; baseline -0.011 -10"><span class='ocrx_word' id='word_1_286' title='bbox 462 3057 633 3093; x_wconf 82' lang='lat' dir='ltr'>blemate</span> <span class='ocrx_word' id='word_1_287' title='bbox 661 3055 702 3091; x_wconf 90' lang='lat' dir='ltr'>V.</span> <span class='ocrx_word' id='word_1_288' title='bbox 726 3053 761 3103; x_wconf 63' lang='lat' dir='ltr'>g.</span> <span class='ocrx_word' id='word_1_289' title='bbox 785 3055 818 3090; x_wconf 94' lang='grc'>4.</span> <span class='ocrx_word' id='word_1_290' title='bbox 844 3057 884 3089; x_wconf 90' lang='lat' dir='ltr'>et</span> <span class='ocrx_word' id='word_1_291' title='bbox 919 3053 955 3089; x_wconf 92' lang='lat' dir='ltr'>in</span> <span class='ocrx_word' id='word_1_292' title='bbox 1000 3050 1192 3089; x_wconf 75' lang='lat' dir='ltr'>(labrielis</span> <span class='ocrx_word' id='word_1_293' title='bbox 1239 3048 1413 3087; x_wconf 90' lang='lat' dir='ltr'>Bucelini</span> 
     </span>
     <span class='ocr_line' id='line_1_48' title="bbox 464 3110 1417 3162; baseline -0.008 -9"><span class='ocrx_word' id='word_1_294' title='bbox 464 3117 624 3153; x_wconf 88' lang='lat' dir='ltr'>historia</span> <span class='ocrx_word' id='word_1_295' title='bbox 645 3114 871 3153; x_wconf 88' lang='lat' dir='ltr'>universali:</span> <span class='ocrx_word' id='word_1_296' title='bbox 890 3114 1008 3151; x_wconf 88' lang='lat' dir='ltr'>etiam</span> <span class='ocrx_word' id='word_1_297' title='bbox 1025 3114 1060 3150; x_wconf 91' lang='lat' dir='ltr'>in</span> <span class='ocrx_word' id='word_1_298' title='bbox 1079 3112 1202 3162; x_wconf 84' lang='lat' dir='ltr'>prima</span> <span class='ocrx_word' id='word_1_299' title='bbox 1212 3110 1417 3148; x_wconf 89' lang='lat' dir='ltr'>continua-</span> 
     </span>
    </p>
   </div>
   <div class='ocr_carea' id='block_1_3' title="bbox 522 3261 1213 3349">
    <p class='ocr_par' dir='ltr' id='par_1_3' title="bbox 522 3261 1213 3349">
     <span class='ocr_line' id='line_1_49' title="bbox 523 3261 1185 3301; baseline 0 -10"><span class='ocrx_word' id='word_1_300' title='bbox 523 3271 554 3291; x_wconf 69' lang='grc' dir='ltr'>ει,</span> <span class='ocrx_word' id='word_1_301' title='bbox 581 3265 659 3292; x_wconf 70' lang='lat' dir='ltr'>Acta</span> <span class='ocrx_word' id='word_1_302' title='bbox 683 3262 783 3293; x_wconf 69' lang='lat' dir='ltr'>lii-ud.</span> <span class='ocrx_word' id='word_1_303' title='bbox 811 3263 900 3292; x_wconf 81' lang='grc'>1691.</span> <span class='ocrx_word' id='word_1_304' title='bbox 930 3270 1003 3301; x_wconf 78' lang='lat' dir='ltr'>pag.</span> <span class='ocrx_word' id='word_1_305' title='bbox 1028 3261 1084 3292; x_wconf 75' lang='grc'>144</span> <span class='ocrx_word' id='word_1_306' title='bbox 1110 3261 1185 3291; x_wconf 73' lang='lat'>51².</span> 
     </span>
     <span class='ocr_line' id='line_1_50' title="bbox 522 3309 1213 3349; baseline -0.003 -8"><span class='ocrx_word' id='word_1_307' title='bbox 522 3313 555 3347; x_wconf 44' lang='lat' dir='ltr'>l»)</span> <span class='ocrx_word' id='word_1_308' title='bbox 581 3311 714 3341; x_wconf 76' lang='lat' dir='ltr'>Journal</span> <span class='ocrx_word' id='word_1_309' title='bbox 740 3311 796 3342; x_wconf 79' lang='lat' dir='ltr'>des</span> <span class='ocrx_word' id='word_1_310' title='bbox 821 3312 894 3342; x_wconf 70' lang='lat' dir='ltr'>Sav.</span> <span class='ocrx_word' id='word_1_311' title='bbox 924 3311 1010 3342; x_wconf 63' lang='grc'>11393,</span> <span class='ocrx_word' id='word_1_312' title='bbox 1036 3319 1112 3349; x_wconf 77' lang='lat' dir='ltr'>pag,</span> <span class='ocrx_word' id='word_1_313' title='bbox 1140 3309 1213 3342; x_wconf 71' lang='lat'>600.</span> 
     </span>
    </p>
   </div>
   <div class='ocr_carea' id='block_1_4' title="bbox 1470 293 2439 2851">
    <p class='ocr_par' dir='ltr' id='par_1_4' title="bbox 1471 293 2424 516">
     <span class='ocr_line' id='line_1_51' title="bbox 1472 293 2417 346; baseline 0.004 -14"><span class='ocrx_word' id='word_1_314' title='bbox 1472 295 1578 332; x_wconf 86' lang='lat' dir='ltr'>tlone</span> <span class='ocrx_word' id='word_1_315' title='bbox 1603 295 1783 344; x_wconf 82' lang='lat' dir='ltr'>Europae</span> <span class='ocrx_word' id='word_1_316' title='bbox 1820 293 1932 333; x_wconf 89' lang='lat' dir='ltr'>hodie</span> <span class='ocrx_word' id='word_1_317' title='bbox 1965 296 2216 344; x_wconf 83' lang='lat' dir='ltr'>imperantis,</span> <span class='ocrx_word' id='word_1_318' title='bbox 2244 304 2346 346; x_wconf 83' lang='lat' dir='ltr'>qua&#39;e</span> <span class='ocrx_word' id='word_1_319' title='bbox 2374 299 2417 336; x_wconf 89' lang='lat' dir='ltr'>B·</span> 
     </span>
     <span class='ocr_line' id='line_1_52' title="bbox 1472 355 2424 397; baseline 0.004 -4"><span class='ocrx_word' id='word_1_320' title='bbox 1472 358 1585 394; x_wconf 89' lang='lat' dir='ltr'>Petro</span> <span class='ocrx_word' id='word_1_321' title='bbox 1603 355 1809 393; x_wconf 80' lang='lat' dir='ltr'>Amborsio</span> <span class='ocrx_word' id='word_1_322' title='bbox 1833 355 2060 394; x_wconf 88' lang='lat' dir='ltr'>Lehmanno</span> <span class='ocrx_word' id='word_1_323' title='bbox 2079 361 2245 395; x_wconf 76' lang='lat' dir='ltr'>cni-ante</span> <span class='ocrx_word' id='word_1_324' title='bbox 2260 358 2424 397; x_wconf 87' lang='lat' dir='ltr'>Germa—</span> 
     </span>
     <span class='ocr_line' id='line_1_53' title="bbox 1473 415 2423 469; baseline 0.003 -15"><span class='ocrx_word' id='word_1_325' title='bbox 1473 418 1559 455; x_wconf 86' lang='lat' dir='ltr'>nice</span> <span class='ocrx_word' id='word_1_326' title='bbox 1582 416 1724 467; x_wconf 87' lang='lat' dir='ltr'>prodiit</span> <span class='ocrx_word' id='word_1_327' title='bbox 1749 415 1887 454; x_wconf 87' lang='lat' dir='ltr'>Hamb.</span> <span class='ocrx_word' id='word_1_328' title='bbox 1915 415 2015 455; x_wconf 81' lang='grc'>1697</span> <span class='ocrx_word' id='word_1_329' title='bbox 2036 417 2104 456; x_wconf 91' lang='grc'>424</span> <span class='ocrx_word' id='word_1_330' title='bbox 2134 428 2223 467; x_wconf 85' lang='lat' dir='ltr'>pag.</span> <span class='ocrx_word' id='word_1_331' title='bbox 2248 419 2324 458; x_wconf 95' lang='grc'>423</span> <span class='ocrx_word' id='word_1_332' title='bbox 2340 430 2423 469; x_wconf 85' lang='lat' dir='ltr'>seq.</span> 
     </span>
     <span class='ocr_line' id='line_1_54' title="bbox 1471 478 1985 516; baseline 0 -1"><span class='ocrx_word' id='word_1_333' title='bbox 1471 483 1511 515; x_wconf 89' lang='lat' dir='ltr'>et</span> <span class='ocrx_word' id='word_1_334' title='bbox 1535 479 1669 516; x_wconf 88' lang='lat' dir='ltr'>Italice</span> <span class='ocrx_word' id='word_1_335' title='bbox 1701 478 1838 516; x_wconf 87' lang='lat' dir='ltr'>Venet.</span> <span class='ocrx_word' id='word_1_336' title='bbox 1871 478 1985 516; x_wconf 76' lang='grc'>4589.</span> 
     </span>
    </p>

    <p class='ocr_par' dir='ltr' id='par_1_5' title="bbox 1470 538 2438 2303">
     <span class='ocr_line' id='line_1_55' title="bbox 1524 538 2427 587; baseline 0.001 -9"><span class='ocrx_word' id='word_1_337' title='bbox 1524 540 1726 585; x_wconf 88' lang='lat' dir='ltr'>Quantum</span> <span class='ocrx_word' id='word_1_338' title='bbox 1758 538 1820 577; x_wconf 89' lang='lat' dir='ltr'>his</span> <span class='ocrx_word' id='word_1_339' title='bbox 1844 538 2097 577; x_wconf 88' lang='lat' dir='ltr'>tribuendum</span> <span class='ocrx_word' id='word_1_340' title='bbox 2121 541 2172 577; x_wconf 87' lang='lat' dir='ltr'>sit</span> <span class='ocrx_word' id='word_1_341' title='bbox 2193 539 2295 587; x_wconf 83' lang='lat' dir='ltr'>fidei,</span> <span class='ocrx_word' id='word_1_342' title='bbox 2311 540 2427 579; x_wconf 85' lang='lat' dir='ltr'>doce-</span> 
     </span>
     <span class='ocr_line' id='line_1_56' title="bbox 1470 599 2425 645; baseline 0.003 -8"><span class='ocrx_word' id='word_1_343' title='bbox 1470 601 1570 645; x_wconf 81' lang='lat' dir='ltr'>bunt</span> <span class='ocrx_word' id='word_1_344' title='bbox 1602 599 1794 639; x_wconf 80' lang='lat' dir='ltr'>Claudius</span> <span class='ocrx_word' id='word_1_345' title='bbox 1840 599 2080 638; x_wconf 83' lang='lat' dir='ltr'>Franciscus</span> <span class='ocrx_word' id='word_1_346' title='bbox 2120 600 2425 640; x_wconf 83' lang='lat' dir='ltr'>Menestrierius</span> 
     </span>
     <span class='ocr_line' id='line_1_57' title="bbox 1471 661 2424 710; baseline 0.002 -12"><span class='ocrx_word' id='word_1_347' title='bbox 1471 662 1510 699; x_wconf 88' lang='lat' dir='ltr'>S.</span> <span class='ocrx_word' id='word_1_348' title='bbox 1533 663 1564 699; x_wconf 92' lang='lat' dir='ltr'>J.</span> <span class='ocrx_word' id='word_1_349' title='bbox 1592 663 1627 698; x_wconf 92' lang='lat' dir='ltr'>in</span> <span class='ocrx_word' id='word_1_350' title='bbox 1649 662 1778 699; x_wconf 85' lang='lat' dir='ltr'>libello</span> <span class='ocrx_word' id='word_1_351' title='bbox 1795 661 1900 699; x_wconf 83' lang='lat' dir='ltr'>edito</span> <span class='ocrx_word' id='word_1_352' title='bbox 1923 662 2082 699; x_wconf 83' lang='lat' dir='ltr'>Parisiis</span> <span class='ocrx_word' id='word_1_353' title='bbox 2107 662 2221 699; x_wconf 87' lang='grc'>4689.</span> <span class='ocrx_word' id='word_1_354' title='bbox 2247 663 2281 699; x_wconf 85' lang='grc'>4.</span> <span class='ocrx_word' id='word_1_355' title='bbox 2306 662 2339 710; x_wconf 88' lang='lat' dir='ltr'>a)</span> <span class='ocrx_word' id='word_1_356' title='bbox 2361 663 2424 700; x_wconf 89' lang='lat' dir='ltr'>cui</span> 
     </span>
     <span class='ocr_line' id='line_1_58' title="bbox 1475 721 2429 774; baseline 0.002 -16"><span class='ocrx_word' id='word_1_357' title='bbox 1475 722 1641 760; x_wconf 87' lang='lat' dir='ltr'>titulus:</span> <span class='ocrx_word' id='word_1_358' title='bbox 1666 721 1887 773; x_wconf 78' lang='lat' dir='ltr'>refutatz&#39;on</span> <span class='ocrx_word' id='word_1_359' title='bbox 1920 721 1987 759; x_wconf 79' lang='lat' dir='ltr'>(les</span> <span class='ocrx_word' id='word_1_360' title='bbox 2024 721 2249 771; x_wconf 75' lang='lat' dir='ltr'>prophetias</span> <span class='ocrx_word' id='word_1_361' title='bbox 2274 721 2429 774; x_wconf 80' lang='lat' dir='ltr'>fausse-</span> 
     </span>
     <span class='ocr_line' id='line_1_59' title="bbox 1473 780 2429 822; baseline 0.003 -3"><span class='ocrx_word' id='word_1_362' title='bbox 1473 786 1578 820; x_wconf 82' lang='lat' dir='ltr'>ment</span> <span class='ocrx_word' id='word_1_363' title='bbox 1598 781 1815 821; x_wconf 81' lang='lat' dir='ltr'>attribue&#39;es</span> <span class='ocrx_word' id='word_1_364' title='bbox 1835 783 1862 820; x_wconf 79' lang='grc' dir='ltr'><em>ὰ</em></span> <span class='ocrx_word' id='word_1_365' title='bbox 1891 784 1929 822; x_wconf 90' lang='lat' dir='ltr'>S.</span> <span class='ocrx_word' id='word_1_366' title='bbox 1965 780 2159 821; x_wconf 81' lang='lat' dir='ltr'>Malachie</span> <span class='ocrx_word' id='word_1_367' title='bbox 2178 794 2252 822; x_wconf 84' lang='lat' dir='ltr'>sur</span> <span class='ocrx_word' id='word_1_368' title='bbox 2276 782 2330 822; x_wconf 85' lang='lat' dir='ltr'>les</span> <span class='ocrx_word' id='word_1_369' title='bbox 2354 782 2429 822; x_wconf 87' lang='lat' dir='ltr'>ele-</span> 
     </span>
     <span class='ocr_line' id='line_1_60' title="bbox 1474 843 2429 893; baseline 0.001 -12"><span class='ocrx_word' id='word_1_370' title='bbox 1474 843 1596 881; x_wconf 80' lang='lat' dir='ltr'>ctions</span> <span class='ocrx_word' id='word_1_371' title='bbox 1627 843 1694 880; x_wconf 77' lang='lat' dir='ltr'>cles</span> <span class='ocrx_word' id='word_1_372' title='bbox 1722 845 1873 893; x_wconf 83' lang='lat' dir='ltr'>Papes:</span> <span class='ocrx_word' id='word_1_373' title='bbox 1910 844 2146 881; x_wconf 83' lang='lat' dir='ltr'>Germanice</span> <span class='ocrx_word' id='word_1_374' title='bbox 2184 855 2300 884; x_wconf 87' lang='lat' dir='ltr'>verso</span> <span class='ocrx_word' id='word_1_375' title='bbox 2331 847 2352 883; x_wconf 84' lang='lat' dir='ltr'>a</span> <span class='ocrx_word' id='word_1_376' title='bbox 2376 845 2429 884; x_wconf 87' lang='lat' dir='ltr'>M.</span> 
     </span>
     <span class='ocr_line' id='line_1_61' title="bbox 1477 895 2429 961; baseline 0.002 -19"><span class='ocrx_word' id='word_1_377' title='bbox 1477 903 1702 942; x_wconf 79' lang='lat' dir='ltr'>Christiano</span> <span class='ocrx_word' id='word_1_378' title='bbox 1730 903 1940 961; x_wconf 69' lang='lat' dir='ltr'>Waqnero,</span> <span class='ocrx_word' id='word_1_379' title='bbox 1965 895 2019 956; x_wconf 66' lang='grc' dir='ltr'>τῷ</span> <span class='ocrx_word' id='word_1_380' title='bbox 2039 903 2257 956; x_wconf 46' lang='lat' dir='ltr'>eunapii-0¹19</span> <span class='ocrx_word' id='word_1_381' title='bbox 2278 907 2429 957; x_wconf 84' lang='lat' dir='ltr'>Lipsiae</span> 
     </span>
     <span class='ocr_line' id='line_1_62' title="bbox 1478 964 2432 1015; baseline 0.003 -13"><span class='ocrx_word' id='word_1_382' title='bbox 1478 965 1571 1002; x_wconf 89' lang='grc'>4694</span> <span class='ocrx_word' id='word_1_383' title='bbox 1606 966 1640 1000; x_wconf 95' lang='grc'>4.</span> <span class='ocrx_word' id='word_1_384' title='bbox 1666 969 1786 1013; x_wconf 87' lang='lat' dir='ltr'>atque</span> <span class='ocrx_word' id='word_1_385' title='bbox 1811 964 1976 1003; x_wconf 84' lang='lat' dir='ltr'>defenso</span> <span class='ocrx_word' id='word_1_386' title='bbox 2002 966 2038 1002; x_wconf 90' lang='lat' dir='ltr'>in</span> <span class='ocrx_word' id='word_1_387' title='bbox 2066 965 2311 1015; x_wconf 86' lang='lat' dir='ltr'>philosophia</span> <span class='ocrx_word' id='word_1_388' title='bbox 2336 968 2432 1005; x_wconf 89' lang='lat' dir='ltr'>ima-</span> 
     </span>
     <span class='ocr_line' id='line_1_63' title="bbox 1476 1025 2431 1075; baseline 0.006 -14"><span class='ocrx_word' id='word_1_389' title='bbox 1476 1026 1613 1073; x_wconf 68' lang='lat' dir='ltr'>ginum</span> <span class='ocrx_word' id='word_1_390' title='bbox 1640 1025 1675 1072; x_wconf 87' lang='lat' dir='ltr'>b)</span> <span class='ocrx_word' id='word_1_391' title='bbox 1700 1026 2055 1075; x_wconf 79' lang='lat' dir='ltr'>aenigmaticorum</span> <span class='ocrx_word' id='word_1_392' title='bbox 2081 1027 2201 1064; x_wconf 79' lang='lat' dir='ltr'>Paris,</span> <span class='ocrx_word' id='word_1_393' title='bbox 2229 1026 2341 1065; x_wconf 80' lang='grc'>4694.</span> <span class='ocrx_word' id='word_1_394' title='bbox 2369 1029 2431 1067; x_wconf 90' lang='grc'>42.</span> 
     </span>
     <span class='ocr_line' id='line_1_64' title="bbox 1476 1085 2433 1135; baseline 0.003 -12"><span class='ocrx_word' id='word_1_395' title='bbox 1476 1091 1612 1124; x_wconf 87' lang='lat' dir='ltr'>contra</span> <span class='ocrx_word' id='word_1_396' title='bbox 1642 1085 1806 1124; x_wconf 82' lang='lat' dir='ltr'>Joannis</span> <span class='ocrx_word' id='word_1_397' title='bbox 1832 1086 2045 1135; x_wconf 82' lang='lat' dir='ltr'>Germani,</span> <span class='ocrx_word' id='word_1_398' title='bbox 2067 1087 2347 1126; x_wconf 89' lang='lat' dir='ltr'>Cisterciensis</span> <span class='ocrx_word' id='word_1_399' title='bbox 2366 1088 2433 1126; x_wconf 90' lang='lat' dir='ltr'>ad-</span> 
     </span>
     <span class='ocr_line' id='line_1_65' title="bbox 1478 1147 2435 1198; baseline 0.003 -14"><span class='ocrx_word' id='word_1_400' title='bbox 1478 1147 1650 1185; x_wconf 83' lang='lat' dir='ltr'>ditiones</span> <span class='ocrx_word' id='word_1_401' title='bbox 1674 1147 1801 1186; x_wconf 86' lang='lat' dir='ltr'>editas</span> <span class='ocrx_word' id='word_1_402' title='bbox 1830 1148 1988 1198; x_wconf 70' lang='lat' dir='ltr'>Neapoli</span> <span class='ocrx_word' id='word_1_403' title='bbox 2016 1148 2118 1187; x_wconf 84' lang='grc'>4675</span> <span class='ocrx_word' id='word_1_404' title='bbox 2141 1149 2175 1186; x_wconf 93' lang='grc'>4.</span> <span class='ocrx_word' id='word_1_405' title='bbox 2202 1149 2345 1187; x_wconf 82' lang='lat' dir='ltr'>Petrus</span> <span class='ocrx_word' id='word_1_406' title='bbox 2366 1150 2435 1188; x_wconf 90' lang='lat' dir='ltr'>Pe-</span> 
     </span>
     <span class='ocr_line' id='line_1_66' title="bbox 1480 1208 2434 1261; baseline 0.002 -15"><span class='ocrx_word' id='word_1_407' title='bbox 1480 1208 1573 1246; x_wconf 83' lang='lat' dir='ltr'>titus</span> <span class='ocrx_word' id='word_1_408' title='bbox 1597 1209 1661 1246; x_wconf 92' lang='lat' dir='ltr'>lib.</span> <span class='ocrx_word' id='word_1_409' title='bbox 1693 1211 1727 1247; x_wconf 88' lang='lat'>3.</span> <span class='ocrx_word' id='word_1_410' title='bbox 1753 1209 1802 1247; x_wconf 86' lang='lat' dir='ltr'>de</span> <span class='ocrx_word' id='word_1_411' title='bbox 1827 1209 1975 1259; x_wconf 81' lang='lat' dir='ltr'>Sibylla</span> <span class='ocrx_word' id='word_1_412' title='bbox 1996 1220 2030 1248; x_wconf 86' lang='lat' dir='ltr'>c.</span> <span class='ocrx_word' id='word_1_413' title='bbox 2058 1210 2119 1248; x_wconf 91' lang='grc'>40.</span> <span class='ocrx_word' id='word_1_414' title='bbox 2142 1221 2229 1260; x_wconf 81' lang='lat' dir='ltr'>pag.</span> <span class='ocrx_word' id='word_1_415' title='bbox 2251 1210 2327 1248; x_wconf 89' lang='grc'>347</span> <span class='ocrx_word' id='word_1_416' title='bbox 2347 1221 2434 1261; x_wconf 86' lang='lat' dir='ltr'>seq.</span> 
     </span>
     <span class='ocr_line' id='line_1_67' title="bbox 1479 1269 2434 1322; baseline 0.003 -15"><span class='ocrx_word' id='word_1_417' title='bbox 1479 1269 1620 1308; x_wconf 82' lang='lat' dir='ltr'>Daniel</span> <span class='ocrx_word' id='word_1_418' title='bbox 1642 1269 1934 1321; x_wconf 72' lang='lat' dir='ltr'>Papebroclzius</span> <span class='ocrx_word' id='word_1_419' title='bbox 1957 1272 1994 1308; x_wconf 91' lang='lat' dir='ltr'>in</span> <span class='ocrx_word' id='word_1_420' title='bbox 2019 1271 2232 1322; x_wconf 87' lang='lat' dir='ltr'>propylaeo</span> <span class='ocrx_word' id='word_1_421' title='bbox 2256 1271 2303 1310; x_wconf 91' lang='lat' dir='ltr'>ad</span> <span class='ocrx_word' id='word_1_422' title='bbox 2336 1271 2434 1310; x_wconf 87' lang='lat' dir='ltr'>Acta</span> 
     </span>
     <span class='ocr_line' id='line_1_68' title="bbox 1481 1331 2437 1382; baseline 0.001 -13"><span class='ocrx_word' id='word_1_423' title='bbox 1481 1332 1719 1370; x_wconf 80' lang='lat' dir='ltr'>Sanctorum</span> <span class='ocrx_word' id='word_1_424' title='bbox 1747 1331 1832 1381; x_wconf 89' lang='lat' dir='ltr'>Maji</span> <span class='ocrx_word' id='word_1_425' title='bbox 1861 1331 2437 1382; x_wconf 68' lang='lat' dir='ltr'>pag.lal6SamuelAndreae</span> 
     </span>
     <span class='ocr_line' id='line_1_69' title="bbox 1478 1392 2430 1432; baseline 0.001 -2"><span class='ocrx_word' id='word_1_426' title='bbox 1478 1392 1574 1430; x_wconf 86' lang='lat' dir='ltr'>diss.</span> <span class='ocrx_word' id='word_1_427' title='bbox 1599 1392 1647 1431; x_wconf 87' lang='lat' dir='ltr'>de</span> <span class='ocrx_word' id='word_1_428' title='bbox 1685 1393 2009 1431; x_wconf 81' lang='lat' dir='ltr'>successionibus</span> <span class='ocrx_word' id='word_1_429' title='bbox 2044 1394 2154 1431; x_wconf 84' lang='lat' dir='ltr'>Rom.</span> <span class='ocrx_word' id='word_1_430' title='bbox 2195 1393 2430 1432; x_wconf 84' lang='lat' dir='ltr'>Pontificum</span> 
     </span>
     <span class='ocr_line' id='line_1_70' title="bbox 1479 1454 2438 1504; baseline 0 -12"><span class='ocrx_word' id='word_1_431' title='bbox 1479 1454 1700 1493; x_wconf 87' lang='lat' dir='ltr'>secundum</span> <span class='ocrx_word' id='word_1_432' title='bbox 1721 1455 2018 1504; x_wconf 86' lang='lat' dir='ltr'>praenotionem</span> <span class='ocrx_word' id='word_1_433' title='bbox 2038 1454 2251 1493; x_wconf 86' lang='lat' dir='ltr'>Malachiae</span> <span class='ocrx_word' id='word_1_434' title='bbox 2268 1454 2438 1493; x_wconf 80' lang='lat' dir='ltr'>Hiberna</span> 
     </span>
     <span class='ocr_line' id='line_1_71' title="bbox 1478 1514 2437 1565; baseline 0 -11"><span class='ocrx_word' id='word_1_435' title='bbox 1478 1515 1732 1565; x_wconf 83' lang='lat' dir='ltr'>adscriptam.</span> <span class='ocrx_word' id='word_1_436' title='bbox 1755 1517 1953 1565; x_wconf 80' lang='lat' dir='ltr'>Marpurg.</span> <span class='ocrx_word' id='word_1_437' title='bbox 1974 1515 2078 1554; x_wconf 87' lang='grc'>4677</span> <span class='ocrx_word' id='word_1_438' title='bbox 2100 1516 2134 1554; x_wconf 89' lang='grc'>4.</span> <span class='ocrx_word' id='word_1_439' title='bbox 2156 1516 2256 1554; x_wconf 85' lang='lat' dir='ltr'>Dan.</span> <span class='ocrx_word' id='word_1_440' title='bbox 2290 1514 2437 1554; x_wconf 82' lang='lat' dir='ltr'>Guilel-</span> 
     </span>
     <span class='ocr_line' id='line_1_72' title="bbox 1478 1576 2437 1627; baseline 0 -13"><span class='ocrx_word' id='word_1_441' title='bbox 1478 1588 1567 1615; x_wconf 83' lang='lat' dir='ltr'>mus</span> <span class='ocrx_word' id='word_1_442' title='bbox 1583 1576 1773 1616; x_wconf 82' lang='lat' dir='ltr'>Mollerus</span> <span class='ocrx_word' id='word_1_443' title='bbox 1798 1578 1834 1614; x_wconf 92' lang='lat' dir='ltr'>in</span> <span class='ocrx_word' id='word_1_444' title='bbox 1857 1577 1952 1615; x_wconf 86' lang='lat' dir='ltr'>diss.</span> <span class='ocrx_word' id='word_1_445' title='bbox 1971 1578 2019 1615; x_wconf 88' lang='lat' dir='ltr'>de</span> <span class='ocrx_word' id='word_1_446' title='bbox 2036 1577 2223 1617; x_wconf 87' lang='lat' dir='ltr'>Malachia</span> <span class='ocrx_word' id='word_1_447' title='bbox 2242 1577 2437 1627; x_wconf 84' lang='lat' dir='ltr'>Propheta</span> 
     </span>
     <span class='ocr_line' id='line_1_73' title="bbox 1478 1636 2437 1687; baseline 0 -12"><span class='ocrx_word' id='word_1_448' title='bbox 1478 1638 1681 1676; x_wconf 81' lang='lat' dir='ltr'>Pontificio</span> <span class='ocrx_word' id='word_1_449' title='bbox 1702 1669 1710 1687; x_wconf 87' lang='lat'>‚</span> <span class='ocrx_word' id='word_1_450' title='bbox 1735 1638 1902 1676; x_wconf 79' lang='lat' dir='ltr'>Altdors.</span> <span class='ocrx_word' id='word_1_451' title='bbox 1939 1638 2041 1677; x_wconf 91' lang='grc'>4706</span> <span class='ocrx_word' id='word_1_452' title='bbox 2069 1638 2102 1675; x_wconf 84' lang='grc'>4.</span> <span class='ocrx_word' id='word_1_453' title='bbox 2142 1636 2311 1676; x_wconf 82' lang='lat' dir='ltr'>Michael</span> <span class='ocrx_word' id='word_1_454' title='bbox 2338 1637 2437 1676; x_wconf 90' lang='lat' dir='ltr'>Gor-</span> 
     </span>
     <span class='ocr_line' id='line_1_74' title="bbox 1476 1698 2436 1749; baseline -0.001 -12"><span class='ocrx_word' id='word_1_455' title='bbox 1476 1700 1616 1749; x_wconf 73' lang='lat' dir='ltr'>yenz&#39;us</span> <span class='ocrx_word' id='word_1_456' title='bbox 1656 1701 1693 1737; x_wconf 92' lang='lat' dir='ltr'>in</span> <span class='ocrx_word' id='word_1_457' title='bbox 1724 1700 2071 1739; x_wconf 87' lang='lat' dir='ltr'>observationibus</span> <span class='ocrx_word' id='word_1_458' title='bbox 2109 1699 2226 1737; x_wconf 86' lang='lat' dir='ltr'>editis</span> <span class='ocrx_word' id='word_1_459' title='bbox 2261 1698 2436 1746; x_wconf 86' lang='lat' dir='ltr'>Gallice,</span> 
     </span>
     <span class='ocr_line' id='line_1_75' title="bbox 1479 1759 2435 1800; baseline -0.001 -1"><span class='ocrx_word' id='word_1_460' title='bbox 1479 1760 1645 1799; x_wconf 81' lang='lat' dir='ltr'>Abbatis</span> <span class='ocrx_word' id='word_1_461' title='bbox 1671 1761 1788 1798; x_wconf 89' lang='lat' dir='ltr'>villae</span> <span class='ocrx_word' id='word_1_462' title='bbox 1812 1761 1926 1799; x_wconf 78' lang='grc'>4659.</span> <span class='ocrx_word' id='word_1_463' title='bbox 1955 1762 1989 1798; x_wconf 93' lang='grc'>4.</span> <span class='ocrx_word' id='word_1_464' title='bbox 2022 1765 2062 1799; x_wconf 90' lang='lat' dir='ltr'>et</span> <span class='ocrx_word' id='word_1_465' title='bbox 2086 1759 2308 1798; x_wconf 77' lang='lat' dir='ltr'>Theodorus</span> <span class='ocrx_word' id='word_1_466' title='bbox 2333 1760 2435 1800; x_wconf 84' lang='lat' dir='ltr'>Cru-</span> 
     </span>
     <span class='ocr_line' id='line_1_76' title="bbox 1476 1823 2438 1872; baseline 0 -13"><span class='ocrx_word' id='word_1_467' title='bbox 1476 1833 1624 1871; x_wconf 77' lang='lat' dir='ltr'>9erus‚</span> <span class='ocrx_word' id='word_1_468' title='bbox 1650 1823 1766 1872; x_wconf 72' lang='lat' dir='ltr'>Lycei</span> <span class='ocrx_word' id='word_1_469' title='bbox 1792 1823 2074 1861; x_wconf 85' lang='lat' dir='ltr'>Luccaviensis</span> <span class='ocrx_word' id='word_1_470' title='bbox 2095 1823 2236 1860; x_wconf 87' lang='lat' dir='ltr'>Rector</span> <span class='ocrx_word' id='word_1_471' title='bbox 2269 1823 2306 1859; x_wconf 92' lang='lat' dir='ltr'>in</span> <span class='ocrx_word' id='word_1_472' title='bbox 2330 1832 2438 1860; x_wconf 87' lang='lat' dir='ltr'>com-</span> 
     </span>
     <span class='ocr_line' id='line_1_77' title="bbox 1481 1882 2432 1922; baseline -0.001 -1"><span class='ocrx_word' id='word_1_473' title='bbox 1481 1884 1724 1921; x_wconf 90' lang='lat' dir='ltr'>mentatione</span> <span class='ocrx_word' id='word_1_474' title='bbox 1754 1883 1940 1921; x_wconf 87' lang='lat' dir='ltr'>historica</span> <span class='ocrx_word' id='word_1_475' title='bbox 1969 1882 2018 1922; x_wconf 90' lang='lat' dir='ltr'>dc</span> <span class='ocrx_word' id='word_1_476' title='bbox 2056 1884 2310 1922; x_wconf 84' lang='lat' dir='ltr'>successione</span> <span class='ocrx_word' id='word_1_477' title='bbox 2339 1893 2432 1920; x_wconf 89' lang='lat' dir='ltr'>con—</span> 
     </span>
     <span class='ocr_line' id='line_1_78' title="bbox 1476 1943 2435 1983; baseline -0.001 -1"><span class='ocrx_word' id='word_1_478' title='bbox 1476 1946 1588 1983; x_wconf 87' lang='lat' dir='ltr'>tinua</span> <span class='ocrx_word' id='word_1_479' title='bbox 1637 1945 1870 1983; x_wconf 81' lang='lat' dir='ltr'>Pontificum</span> <span class='ocrx_word' id='word_1_480' title='bbox 1897 1945 2163 1983; x_wconf 87' lang='lat' dir='ltr'>Romanorum</span> <span class='ocrx_word' id='word_1_481' title='bbox 2211 1943 2435 1982; x_wconf 83' lang='lat' dir='ltr'>secundum</span> 
     </span>
     <span class='ocr_line' id='line_1_79' title="bbox 1482 2003 2436 2056; baseline -0.003 -11"><span class='ocrx_word' id='word_1_482' title='bbox 1482 2007 1668 2045; x_wconf 88' lang='lat' dir='ltr'>vaticinia</span> <span class='ocrx_word' id='word_1_483' title='bbox 1710 2006 1949 2056; x_wconf 82' lang='lat' dir='ltr'>Malachiae,</span> <span class='ocrx_word' id='word_1_484' title='bbox 1993 2008 2015 2045; x_wconf 78' lang='lat' dir='ltr'>a</span> <span class='ocrx_word' id='word_1_485' title='bbox 2057 2006 2187 2045; x_wconf 88' lang='lat' dir='ltr'>dubiis</span> <span class='ocrx_word' id='word_1_486' title='bbox 2228 2003 2436 2043; x_wconf 76' lang='lat' dir='ltr'>Francisei</span> 
     </span>
     <span class='ocr_line' id='line_1_80' title="bbox 1484 2065 2436 2117; baseline -0.004 -11"><span class='ocrx_word' id='word_1_487' title='bbox 1484 2067 1677 2107; x_wconf 81' lang='lat' dir='ltr'>Carriere</span> <span class='ocrx_word' id='word_1_488' title='bbox 1706 2069 1758 2117; x_wconf 92' lang='lat' dir='ltr'>(in</span> <span class='ocrx_word' id='word_1_489' title='bbox 1783 2067 1949 2117; x_wconf 82' lang='lat' dir='ltr'>digestis</span> <span class='ocrx_word' id='word_1_490' title='bbox 1970 2067 2252 2116; x_wconf 82' lang='lat' dir='ltr'>Chronologiae</span> <span class='ocrx_word' id='word_1_491' title='bbox 2277 2065 2436 2104; x_wconf 87' lang='lat' dir='ltr'>Pontifi-</span> 
     </span>
     <span class='ocr_line' id='line_1_81' title="bbox 1479 2127 2431 2178; baseline -0.004 -10"><span class='ocrx_word' id='word_1_492' title='bbox 1479 2132 1562 2168; x_wconf 88' lang='lat' dir='ltr'>ciae</span> <span class='ocrx_word' id='word_1_493' title='bbox 1608 2140 1738 2178; x_wconf 86' lang='lat' dir='ltr'>usque</span> <span class='ocrx_word' id='word_1_494' title='bbox 1777 2127 1823 2167; x_wconf 92' lang='lat' dir='ltr'>ad</span> <span class='ocrx_word' id='word_1_495' title='bbox 1863 2128 2134 2167; x_wconf 87' lang='lat' dir='ltr'>Alexandrum</span> <span class='ocrx_word' id='word_1_496' title='bbox 2173 2128 2252 2166; x_wconf 86' lang='lat' dir='ltr'>Vll.</span> <span class='ocrx_word' id='word_1_497' title='bbox 2295 2127 2431 2166; x_wconf 89' lang='lat' dir='ltr'>Colon.</span> 
     </span>
     <span class='ocr_line' id='line_1_82' title="bbox 1481 2188 2434 2239; baseline -0.005 -9"><span class='ocrx_word' id='word_1_498' title='bbox 1481 2192 1610 2239; x_wconf 90' lang='grc'>4649.)</span> <span class='ocrx_word' id='word_1_499' title='bbox 1657 2189 1903 2230; x_wconf 80' lang='lat' dir='ltr'>Menetrierii</span> <span class='ocrx_word' id='word_1_500' title='bbox 1943 2194 1984 2228; x_wconf 87' lang='lat' dir='ltr'>et</span> <span class='ocrx_word' id='word_1_501' title='bbox 2025 2190 2190 2228; x_wconf 86' lang='lat' dir='ltr'>aliorum</span> <span class='ocrx_word' id='word_1_502' title='bbox 2222 2188 2434 2226; x_wconf 88' lang='lat' dir='ltr'>vindicata.</span> 
     </span>
     <span class='ocr_line' id='line_1_83' title="bbox 1481 2252 1915 2303; baseline -0.007 -12"><span class='ocrx_word' id='word_1_503' title='bbox 1481 2253 1718 2303; x_wconf 61' lang='lat' dir='ltr'>NVitteberg.</span> <span class='ocrx_word' id='word_1_504' title='bbox 1747 2252 1849 2291; x_wconf 90' lang='grc'>4723</span> <span class='ocrx_word' id='word_1_505' title='bbox 1882 2252 1915 2289; x_wconf 90' lang='grc'>4.</span> 
     </span>
    </p>

    <p class='ocr_par' dir='ltr' id='par_1_6' title="bbox 1481 2309 2439 2851">
     <span class='ocr_line' id='line_1_84' title="bbox 1535 2309 2434 2352; baseline -0.006 0"><span class='ocrx_word' id='word_1_506' title='bbox 1535 2315 1701 2352; x_wconf 83' lang='lat' dir='ltr'>Caetera</span> <span class='ocrx_word' id='word_1_507' title='bbox 1716 2313 1929 2352; x_wconf 86' lang='lat' dir='ltr'>Malachiae</span> <span class='ocrx_word' id='word_1_508' title='bbox 1946 2312 2038 2351; x_wconf 86' lang='lat' dir='ltr'>huic</span> <span class='ocrx_word' id='word_1_509' title='bbox 2057 2312 2206 2351; x_wconf 88' lang='lat' dir='ltr'>tributa</span> <span class='ocrx_word' id='word_1_510' title='bbox 2231 2315 2326 2350; x_wconf 83' lang='lat' dir='ltr'>sunt</span> <span class='ocrx_word' id='word_1_511' title='bbox 2351 2309 2434 2348; x_wconf 83' lang='lat' dir='ltr'>Vita</span> 
     </span>
     <span class='ocr_line' id='line_1_85' title="bbox 1483 2373 2434 2425; baseline -0.004 -11"><span class='ocrx_word' id='word_1_512' title='bbox 1483 2377 1522 2415; x_wconf 89' lang='lat' dir='ltr'>S.</span> <span class='ocrx_word' id='word_1_513' title='bbox 1573 2373 1804 2423; x_wconf 74' lang='lat' dir='ltr'>Cuthberti,</span> <span class='ocrx_word' id='word_1_514' title='bbox 1843 2379 1933 2425; x_wconf 84' lang='lat' dir='ltr'>post</span> <span class='ocrx_word' id='word_1_515' title='bbox 1969 2373 2205 2413; x_wconf 89' lang='lat' dir='ltr'>Monachum</span> <span class='ocrx_word' id='word_1_516' title='bbox 2240 2383 2434 2411; x_wconf 85' lang='lat' dir='ltr'>coaevum</span> 
     </span>
     <span class='ocr_line' id='line_1_86' title="bbox 1482 2432 2435 2485; baseline -0.003 -11"><span class='ocrx_word' id='word_1_517' title='bbox 1482 2436 1846 2475; x_wconf 86' lang='lat' dir='ltr'>Lindisfarnensem</span> <span class='ocrx_word' id='word_1_518' title='bbox 1879 2439 1920 2473; x_wconf 90' lang='lat' dir='ltr'>et</span> <span class='ocrx_word' id='word_1_519' title='bbox 1963 2435 2111 2474; x_wconf 88' lang='lat' dir='ltr'>Bedam</span> <span class='ocrx_word' id='word_1_520' title='bbox 2149 2435 2182 2484; x_wconf 90' lang='lat' dir='ltr'>a)</span> <span class='ocrx_word' id='word_1_521' title='bbox 2211 2434 2358 2485; x_wconf 87' lang='lat' dir='ltr'>scripta</span> <span class='ocrx_word' id='word_1_522' title='bbox 2386 2432 2435 2471; x_wconf 89' lang='lat' dir='ltr'>ad</span> 
     </span>
     <span class='ocr_line' id='line_1_87' title="bbox 1481 2493 2437 2548; baseline -0.004 -11"><span class='ocrx_word' id='word_1_523' title='bbox 1481 2498 1672 2537; x_wconf 87' lang='lat' dir='ltr'>Davidem</span> <span class='ocrx_word' id='word_1_524' title='bbox 1704 2499 1849 2548; x_wconf 77' lang='lat' dir='ltr'>Regem</span> <span class='ocrx_word' id='word_1_525' title='bbox 1883 2497 2064 2548; x_wconf 84' lang='lat' dir='ltr'>Scotiae⁷</span> <span class='ocrx_word' id='word_1_526' title='bbox 2095 2496 2165 2535; x_wconf 89' lang='lat' dir='ltr'>sed</span> <span class='ocrx_word' id='word_1_527' title='bbox 2195 2506 2269 2534; x_wconf 88' lang='lat' dir='ltr'>nec</span> <span class='ocrx_word' id='word_1_528' title='bbox 2297 2496 2336 2533; x_wconf 92' lang='lat' dir='ltr'>in</span> <span class='ocrx_word' id='word_1_529' title='bbox 2360 2493 2437 2534; x_wconf 84' lang='lat' dir='ltr'>Ac-</span> 
     </span>
     <span class='ocr_line' id='line_1_88' title="bbox 1483 2555 2437 2608; baseline -0.006 -10"><span class='ocrx_word' id='word_1_530' title='bbox 1483 2562 1534 2598; x_wconf 92' lang='lat' dir='ltr'>tis</span> <span class='ocrx_word' id='word_1_531' title='bbox 1559 2560 1736 2599; x_wconf 14' lang='lat' dir='ltr'>Sanctior.</span> <span class='ocrx_word' id='word_1_532' title='bbox 1764 2565 1859 2598; x_wconf 85' lang='lat' dir='ltr'>tom.</span> <span class='ocrx_word' id='word_1_533' title='bbox 1885 2560 1919 2597; x_wconf 91' lang='lat'>3.</span> <span class='ocrx_word' id='word_1_534' title='bbox 1945 2560 2070 2598; x_wconf 89' lang='lat' dir='ltr'>Martii</span> <span class='ocrx_word' id='word_1_535' title='bbox 2100 2559 2149 2597; x_wconf 93' lang='grc'>20</span> <span class='ocrx_word' id='word_1_536' title='bbox 2181 2568 2311 2608; x_wconf 86' lang='lat' dir='ltr'>neque</span> <span class='ocrx_word' id='word_1_537' title='bbox 2346 2555 2437 2594; x_wconf 91' lang='lat' dir='ltr'>alibi</span> 
     </span>
     <span class='ocr_line' id='line_1_89' title="bbox 1484 2616 2437 2672; baseline -0.006 -11"><span class='ocrx_word' id='word_1_538' title='bbox 1484 2622 1587 2672; x_wconf 90' lang='lat' dir='ltr'>quod</span> <span class='ocrx_word' id='word_1_539' title='bbox 1620 2623 1741 2660; x_wconf 87' lang='lat' dir='ltr'>sciam</span> <span class='ocrx_word' id='word_1_540' title='bbox 1774 2623 1882 2672; x_wconf 83' lang='lat' dir='ltr'>typis</span> <span class='ocrx_word' id='word_1_541' title='bbox 1912 2621 2124 2670; x_wconf 88' lang='lat' dir='ltr'>exscripta.</span> <span class='ocrx_word' id='word_1_542' title='bbox 2162 2617 2362 2671; x_wconf 78' lang='lat' dir='ltr'>Epistulae</span> <span class='ocrx_word' id='word_1_543' title='bbox 2388 2616 2437 2656; x_wconf 87' lang='lat' dir='ltr'>ad</span> 
     </span>
     <span class='ocr_line' id='line_1_90' title="bbox 1484 2677 2436 2731; baseline -0.006 -9"><span class='ocrx_word' id='word_1_544' title='bbox 1484 2685 1524 2722; x_wconf 75' lang='lat' dir='ltr'>S.</span> <span class='ocrx_word' id='word_1_545' title='bbox 1574 2682 1820 2722; x_wconf 88' lang='lat' dir='ltr'>Bernardum</span> <span class='ocrx_word' id='word_1_546' title='bbox 1870 2682 2047 2731; x_wconf 87' lang='lat' dir='ltr'>aliosque</span> <span class='ocrx_word' id='word_1_547' title='bbox 2069 2711 2080 2729; x_wconf 83' lang='lat'><em>,</em></span> <span class='ocrx_word' id='word_1_548' title='bbox 2132 2677 2436 2719; x_wconf 77' lang='lat' dir='ltr'>constitutiones</span> 
     </span>
     <span class='ocr_line' id='line_1_91' title="bbox 1486 2737 2439 2792; baseline -0.006 -9"><span class='ocrx_word' id='word_1_549' title='bbox 1486 2754 1747 2792; x_wconf 75' lang='lat' dir='ltr'>communes,</span> <span class='ocrx_word' id='word_1_550' title='bbox 1776 2754 1822 2781; x_wconf 91' lang='lat' dir='ltr'>ac</span> <span class='ocrx_word' id='word_1_551' title='bbox 1864 2741 1910 2780; x_wconf 85' lang='lat' dir='ltr'>de</span> <span class='ocrx_word' id='word_1_552' title='bbox 1953 2740 2104 2792; x_wconf 71' lang='lat' dir='ltr'>leyibus</span> <span class='ocrx_word' id='word_1_553' title='bbox 2147 2737 2360 2778; x_wconf 83' lang='lat' dir='ltr'>coelibatus</span> <span class='ocrx_word' id='word_1_554' title='bbox 2398 2744 2439 2778; x_wconf 86' lang='lat' dir='ltr'>et</span> 
     </span>
     <span class='ocr_line' id='line_1_92' title="bbox 1486 2800 2439 2851; baseline -0.006 -7"><span class='ocrx_word' id='word_1_555' title='bbox 1486 2807 1685 2845; x_wconf 89' lang='lat' dir='ltr'>Novarum</span> <span class='ocrx_word' id='word_1_556' title='bbox 1708 2802 1967 2840; x_wconf 76' lang='lat' dir='ltr'>traditionum</span> <span class='ocrx_word' id='word_1_557' title='bbox 1992 2802 2101 2840; x_wconf 88' lang='lat' dir='ltr'>liber.</span> <span class='ocrx_word' id='word_1_558' title='bbox 2131 2801 2267 2851; x_wconf 88' lang='lat' dir='ltr'>Neque</span> <span class='ocrx_word' id='word_1_559' title='bbox 2298 2800 2439 2839; x_wconf 87' lang='lat' dir='ltr'>horum</span> 
     </span>
    </p>
   </div>
   <div class='ocr_carea' id='block_1_5' title="bbox 1452 2862 2442 2914">
    <p class='ocr_par' dir='ltr' id='par_1_7' title="bbox 1452 2862 2442 2914">
     <span class='ocr_line' id='line_1_93' title="bbox 1452 2862 2442 2914; baseline -0.002 -12"><span class='ocrx_word' id='word_1_560' title='bbox 1452 2886 1458 2891; x_wconf 91' lang='lat'><strong>·</strong></span> <span class='ocrx_word' id='word_1_561' title='bbox 1488 2866 1701 2914; x_wconf 88' lang='lat' dir='ltr'>quicquam</span> <span class='ocrx_word' id='word_1_562' title='bbox 1732 2863 1883 2901; x_wconf 88' lang='lat' dir='ltr'>editum</span> <span class='ocrx_word' id='word_1_563' title='bbox 1925 2863 2125 2912; x_wconf 87' lang='lat' dir='ltr'>comperi,</span> <span class='ocrx_word' id='word_1_564' title='bbox 2155 2862 2248 2900; x_wconf 89' lang='lat' dir='ltr'>licet</span> <span class='ocrx_word' id='word_1_565' title='bbox 2292 2873 2442 2900; x_wconf 90' lang='lat' dir='ltr'>memo-</span> 
     </span>
    </p>
   </div>
   <div class='ocr_carea' id='block_1_6' title="bbox 1488 2923 2445 3097">
    <p class='ocr_par' dir='ltr' id='par_1_8' title="bbox 1488 2923 2445 3097">
     <span class='ocr_line' id='line_1_94' title="bbox 1488 2923 2442 2974; baseline -0.003 -10"><span class='ocrx_word' id='word_1_566' title='bbox 1488 2930 1626 2964; x_wconf 88' lang='lat' dir='ltr'>rantur</span> <span class='ocrx_word' id='word_1_567' title='bbox 1651 2926 1672 2962; x_wconf 68' lang='grc' dir='ltr'>ἐι</span> <span class='ocrx_word' id='word_1_568' title='bbox 1693 2925 1809 2963; x_wconf 89' lang='lat' dir='ltr'>Balco</span> <span class='ocrx_word' id='word_1_569' title='bbox 1833 2925 1933 2962; x_wconf 88' lang='lat' dir='ltr'>XIV.</span> <span class='ocrx_word' id='word_1_570' title='bbox 1961 2924 2023 2963; x_wconf 72' lang='lat'>85.</span> <span class='ocrx_word' id='word_1_571' title='bbox 2044 2929 2164 2974; x_wconf 86' lang='lat' dir='ltr'>atque</span> <span class='ocrx_word' id='word_1_572' title='bbox 2189 2923 2280 2962; x_wconf 88' lang='lat' dir='ltr'>inde</span> <span class='ocrx_word' id='word_1_573' title='bbox 2301 2935 2324 2962; x_wconf 87' lang='lat' dir='ltr'>a</span> <span class='ocrx_word' id='word_1_574' title='bbox 2350 2923 2442 2961; x_wconf 89' lang='lat' dir='ltr'>Wa-</span> 
     </span>
     <span class='ocr_line' id='line_1_95' title="bbox 1489 2983 2443 3035; baseline -0.003 -11"><span class='ocrx_word' id='word_1_575' title='bbox 1489 2997 1604 3033; x_wconf 82' lang='lat' dir='ltr'>raeo,</span> <span class='ocrx_word' id='word_1_576' title='bbox 1630 2986 1796 3035; x_wconf 88' lang='lat' dir='ltr'>aliisque</span> <span class='ocrx_word' id='word_1_577' title='bbox 1826 2990 1867 3023; x_wconf 90' lang='lat' dir='ltr'>et</span> <span class='ocrx_word' id='word_1_578' title='bbox 1896 2986 1919 3022; x_wconf 80' lang='lat' dir='ltr'>a</span> <span class='ocrx_word' id='word_1_579' title='bbox 1949 2985 2105 3023; x_wconf 89' lang='lat' dir='ltr'>Vischio</span> <span class='ocrx_word' id='word_1_580' title='bbox 2135 2996 2221 3035; x_wconf 81' lang='lat' dir='ltr'>pag.</span> <span class='ocrx_word' id='word_1_581' title='bbox 2253 2983 2342 3022; x_wconf 89' lang='grc'>336.</span> <span class='ocrx_word' id='word_1_582' title='bbox 2381 2984 2443 3022; x_wconf 87' lang='lat' dir='ltr'>Bi-</span> 
     </span>
     <span class='ocr_line' id='line_1_96' title="bbox 1490 3047 2445 3097; baseline -0.003 -12"><span class='ocrx_word' id='word_1_583' title='bbox 1490 3047 1708 3085; x_wconf 86' lang='lat' dir='ltr'>bliothecae</span> <span class='ocrx_word' id='word_1_584' title='bbox 1733 3047 2030 3095; x_wconf 82' lang='lat' dir='ltr'>Cisterciensis,</span> <span class='ocrx_word' id='word_1_585' title='bbox 2053 3048 2118 3097; x_wconf 92' lang='lat' dir='ltr'>qui</span> <span class='ocrx_word' id='word_1_586' title='bbox 2140 3047 2259 3084; x_wconf 89' lang='lat' dir='ltr'>etiam</span> <span class='ocrx_word' id='word_1_587' title='bbox 2283 3057 2333 3084; x_wconf 85' lang='lat' dir='ltr'>ex</span> <span class='ocrx_word' id='word_1_588' title='bbox 2357 3056 2445 3096; x_wconf 82' lang='lat' dir='ltr'>per-</span> 
     </span>
    </p>
   </div>
   <div class='ocr_carea' id='block_1_7' title="bbox 1492 3095 2527 3147">
    <p class='ocr_par' dir='ltr' id='par_1_9' title="bbox 1492 3095 2527 3147">
     <span class='ocr_line' id='line_1_97' title="bbox 1492 3095 2527 3147; baseline 0.001 -4"><span class='ocrx_word' id='word_1_589' title='bbox 1492 3112 1651 3146; x_wconf 77' lang='lat' dir='ltr'>vetusto</span> <span class='ocrx_word' id='word_1_590' title='bbox 1676 3107 1817 3147; x_wconf 84' lang='lat' dir='ltr'>Codice</span> <span class='ocrx_word' id='word_1_591' title='bbox 1855 3108 2079 3147; x_wconf 85' lang='lat' dir='ltr'>Monasterii</span> <span class='ocrx_word' id='word_1_592' title='bbox 2102 3107 2339 3147; x_wconf 87' lang='lat' dir='ltr'>Elnonensis</span> <span class='ocrx_word' id='word_1_593' title='bbox 2363 3105 2446 3144; x_wconf 86' lang='lat' dir='ltr'>lau·</span> <span class='ocrx_word' id='word_1_594' title='bbox 2521 3095 2527 3109; x_wconf 82' lang='lat'><strong><em>‘</em></strong></span> 
     </span>
    </p>
   </div>
   <div class='ocr_carea' id='block_1_8' title="bbox 1549 3255 2055 3296">
    <p class='ocr_par' dir='ltr' id='par_1_10' title="bbox 1549 3255 2055 3296">
     <span class='ocr_line' id='line_1_98' title="bbox 1549 3255 2055 3296; baseline 0 -9"><span class='ocrx_word' id='word_1_595' title='bbox 1549 3257 1581 3296; x_wconf 77' lang='lat' dir='ltr'>a)</span> <span class='ocrx_word' id='word_1_596' title='bbox 1606 3260 1708 3296; x_wconf 84' lang='lat' dir='ltr'>Supra</span> <span class='ocrx_word' id='word_1_597' title='bbox 1733 3261 1811 3287; x_wconf 79' lang='lat' dir='ltr'>torn.</span> <span class='ocrx_word' id='word_1_598' title='bbox 1839 3255 1851 3285; x_wconf 92' lang='lat' dir='ltr'>·l</span> <span class='ocrx_word' id='word_1_599' title='bbox 1882 3264 1955 3295; x_wconf 82' lang='lat' dir='ltr'>pag.</span> <span class='ocrx_word' id='word_1_600' title='bbox 1981 3255 2055 3287; x_wconf 72' lang='lat'>504.</span> 
     </span>
    </p>
   </div>
  </div>
 </body>
</html>
