2533 4009
1865 141 1947 196 lv*-
2055 88 2264 162 Η“’“““ι

1859 205 1870 232 0
1918 158 2152 250 *dees
2173 175 2261 258 ιῗῖ

814 416 1116 454 REVERENDO
1142 419 1311 464 ATQUE
1338 421 1462 458 OMNl
1491 419 1721 458 vtRTtJTts
1748 420 1809 457 ET
1837 419 2157 459 Ettunt'rtoNts

1253 485 1417 523 LAUDE
1447 485 1727 523 DlGNlSSlMO

1372 591 1611 641 VIRO

853 708 1372 775 JOANNI
1449 709 2107 785 ALBERT1‚

1064 835 1313 873 lii-clesiastac
1340 837 1581 873 llarlcmcnsi
1610 835 1918 873 celebratissimi)

1439 963 1474 998 S.
1501 963 1544 998 D.

1037 1038 1133 1086 ΔΟ.
1175 1037 1537 1088 ALBERTUS
1577 1038 1942 1089 FABRICIUS

590 1148 705 1217 Non
737 1177 963 1222 dememini,
999 1177 1068 1213 Vir
1096 1178 1250 1226 egregie
1269 1205 1279 1219 ,
1309 1178 1358 1213 ab
1387 1176 1517 1226 aliquo
1541 1184 1716 1225 tempore
1746 1177 1784 1213 in
1814 1190 1955 1226 magno
1987 1190 2074 1215 aere
2097 1179 2182 1215 Tuo
2203 1192 2264 1216 me
2292 1192 2384 1227 esse,

589 1239 656 1284 qui
687 1240 889 1286 superiore
918 1252 1020 1276 anno
1051 1240 1221 1275 mactasti
1252 1253 1311 1276 me
1341 1253 1501 1276 munere
1530 1248 1566 1276 et
1590 1239 1874 1286 jucundissimo
1903 1247 1939 1276 et
1967 1241 2247 1278 honestissimo.
2277 1243 2374 1278 Nam

589 1300 900 1337 honestissimum
932 1303 1087 1349 quidem
1118 1303 1218 1339 duco
1234 1303 1322 1350 jure
1344 1303 1479 1339 merito
1497 1330 1506 1347 ‚
1526 1315 1603 1350 quo
1626 1302 1782 1350 publice
1802 1302 1915 1338 edere
1939 1303 2028 1339 Tibi
2047 1304 2188 1352 placuit
2211 1311 2286 1341 tam
2318 1304 2379 1340 in-

592 1363 769 1410 signitam
801 1362 1124 1412 significationem
1155 1365 1445 1400 benevolentiae
1490 1364 1526 1400 in
1566 1377 1625 1399 me
1667 1366 1798 1408 Tuae,
1829 1371 1942 1412 atque
1973 1365 2009 1400 in
2041 1378 2082 1401 ea
2112 1365 2221 1414 ipsa,
2250 1378 2378 1402 meum

590 1425 754 1472 jungere
785 1426 933 1461 Nomen
965 1427 1124 1462 Nomini
1153 1427 1375 1463 Venerandi
1406 1426 1526 1463 nostri
1557 1427 1775 1471 WOLFII,
1805 1426 1913 1473 cujus
1941 1434 1983 1462 ut
2007 1427 2187 1463 virtutem
2206 1455 2216 1473 ,
2245 1428 2381 1464 merita

596 1487 633 1520 in
657 1487 863 1523 Ecclesiam
894 1495 930 1523 et
960 1489 1104 1524 litteras
1136 1490 1266 1525 mirari
1296 1502 1338 1525 ac
1362 1489 1580 1537 suspicere,
1611 1489 1661 1524 ita
1692 1501 1864 1524 amorem
1894 1501 1937 1525 ac
1966 1489 2276 1526 benevolentiam
2307 1490 2380 1526 ob—

585 1557 781 1585 servanter
811 1552 937 1586 colere
967 1564 1165 1598 nunquam
1196 1552 1396 1596 desinam,
1421 1552 1544 1587 donec
1574 1551 1711 1586 vivam.
1732 1551 1971 1587 Jucundiore
1995 1559 2120 1588 autem
2143 1552 2378 1597 donatione,

591 1625 679 1647 curn
709 1614 821 1649 arrha
851 1614 921 1649 hac
952 1614 1073 1649 nobili
1113 1614 1305 1650 amicitiae
1349 1616 1455 1650 Tuae
1497 1613 1671 1648 decorari
1715 1626 1834 1661 ecqua
1863 1614 1936 1650 alia
1965 1614 1985 1649 a
2015 1615 2068 1650 Te
2095 1614 2233 1663 potui,
2262 1627 2379 1663 quarn

588 1687 685 1722 quae
714 1677 810 1711 sacri
841 1676 942 1711 Novi
972 1677 1206 1712 Testamenti
1238 1677 1376 1712 tabulis
1394 1704 1403 1721 ,
1434 1675 1668 1723 Graecisque
1697 1676 1832 1711 litteris
1863 1675 2098 1712 illustrandis
2122 1684 2197 1713 tam
2221 1677 2384 1714 feliciter

588 1738 608 1772 a
638 1739 691 1772 Te
722 1738 900 1785 impensa.
922 1752 1040 1787 opera
1058 1767 1068 1784 ,
1098 1752 1175 1774 non
1207 1747 1330 1787 potest
1360 1740 1379 1775 a
1405 1752 1463 1775 me
1491 1739 1638 1774 consuli
1671 1739 1752 1774 sine
1780 1738 1906 1774 fructu
1926 1767 1936 1784 ‚
1966 1752 2009 1775 ac
2037 1739 2119 1775 sine
2143 1752 2279 1789 magna
2308 1752 2378 1775 vo·-

588 1796 769 1846 luptate?
797 1800 878 1847 Ego
908 1814 1022 1846 sane,
1067 1814 1112 1837 ex
1155 1814 1232 1849 quo
1277 1801 1577 1837 Observationes
1618 1802 1718 1836 Tuas
1767 1801 2024 1851 Pliilologicas
2054 1802 2093 1837 in
2125 1815 2254 1838 sacros
2283 1803 2382 1838 Novi

588 1861 770 1898 Foederis
802 1863 923 1898 libros
953 1863 1102 1908 evolvi,
1132 1872 1168 1899 et
1197 1872 1346 1900 acutam
1372 1862 1509 1910 judicii
1539 1864 1615 1898 vim
1642 1871 1756 1911 atque
1781 1864 1970 1900 eruditam
2001 1864 2224 1900 modestiam
2256 1866 2379 1900 Tuam

588 1937 676 1959 cum
713 1924 912 1973 ingeniosa
943 1926 1146 1974 diligentia
1189 1926 1461 1972 conjunctam,
1503 1925 1648 1971 pariter
1688 1937 1771 1961 sum
1802 1925 2202 1974 admiratus31taque
2236 1933 2273 1962 et
2300 1927 2373 1962 hoc

587 2000 731 2023 novum
760 1989 888 2023 Tuum
919 1988 1087 2024 studium
1118 1989 1312 2037 glossariis
1341 1990 1458 2025 sacris
1501 1986 1520 2020 ii
1556 1988 1610 2023 Te
1650 1987 1864 2035 impensum
1896 1989 2009 2036 plane
2038 1989 2152 2025 video
2182 2000 2261 2024 esse
2291 1988 2375 2034 eju-

589 2049 739 2095 smodi,
770 2050 878 2098 quod
908 2063 1101 2087 sacrarum
1133 2053 1445 2099 Graecarumque
1471 2048 1682 2086 litterarum
1708 2049 1889 2085 studiosis
1909 2063 1985 2085 non
2011 2049 2255 2086 inficiandam
2281 2050 2378 2085 alla-

589 2119 719 2148 turum
751 2113 798 2148 sit
829 2113 1057 2157 utilitatem,
1089 2114 1393 2162 effecturumque
1418 2120 1458 2148 ut
1482 2113 1602 2159 majus
1626 2113 1789 2147 alterum
1828 2125 1924 2160 opus
1967 2120 2002 2147 ct
2043 2111 2240 2148 difficilius
2267 2111 2374 2159 quod

589 2176 638 2210 ab
662 2175 792 2223 aliquo
816 2175 965 2211 moliris
989 2183 1161 2224 tempore
1178 2205 1188 2222 ‚
1223 2183 1259 2212 et
1292 2177 1330 2211 in
1363 2188 1439 2223 quo
1471 2174 1551 2222 jam
1584 2174 1749 2210 desudas
1768 2202 1777 2219 ‚
1803 2181 1908 2210 tauto
1929 2173 2108 2222 cupidius
2132 2174 2153 2209 a
2172 2175 2227 2209 Te
2247 2185 2380 2209 ornnes

588 2247 819 2287 exspectent.
840 2240 905 2274 Est
926 2239 1023 2275 illud
1047 2252 1171 2284 nova,
1192 2238 1392 2275 emendata
1410 2246 1446 2273 et
1463 2236 1755 2285 diligentissime
1773 2237 1960 2272 illustrata
1981 2235 2154 2285 glossarii
2174 2235 2384 2284 Hesychia-

590 2301 629 2335 ni
655 2300 777 2336 editio
797 2328 806 2344 ‚
835 2300 872 2336 in
898 2314 976 2349 quo
998 2329 1008 2345 ‚
1045 2302 1226 2338 thesauro
1266 2314 1345 2337 non
1369 2300 1470 2336 libro
1486 2326 1496 2344 ,
1521 2305 1655 2334 notum
1688 2305 1743 2333 est
1766 2311 1864 2346 quac
1888 2311 1981 2346 opes
2006 2298 2190 2334 Graeciae
2210 2299 2377 2342 lateant,

591 2376 688 2410 quae
713 2364 777 2398 lux
802 2363 919 2399 sacris
944 2364 1057 2399 etiam
1089 2363 1346 2412 scriptoribus
1367 2362 1468 2398 Novi
1493 2361 1724 2397 Testamenti
1745 2368 1781 2396 et
1801 2361 1920 2396 LXX.
1943 2359 2226 2408 Interpretibus
2251 2359 2290 2394 in
2314 2359 2382 2394 illo

589 2425 781 2460 afferatur.
813 2427 896 2461 Hoc
926 2426 1044 2474 igitur
1073 2439 1256 2475 magnum
1286 2438 1385 2474 opus
1414 2433 1450 2461 et
1478 2423 1639 2472 dignum
1662 2419 1899 2474 ἐσσομένοισι
1921 2420 2089 2461 maiam
2110 2422 2382 2470 praeclaraque

593 2499 691 2535 quae
720 2487 856 2522 affecta
886 2487 1002 2523 habes
1033 2489 1104 2524 alia
1123 2515 1133 2532 ,
1163 2497 1204 2523 ut
1228 2488 1424 2535 auspicato
1470 2493 1507 2522 et
1549 2486 1665 2522 rebus
1694 2486 1800 2522 laetis
1829 2485 2003 2521 absoluta
2047 2484 2207 2528 videas,
2238 2491 2281 2519 ut
2309 2483 2377 2519 diu

591 2549 687 2584 bene
716 2562 852 2598 pergas
881 2549 928 2586 de
958 2550 1070 2586 bonis
1100 2550 1235 2586 litteris
1263 2548 1507 2598 promereri,
1538 2547 1684 2595 diuque
1713 2547 1893 2584 laudibus
1922 2547 2014 2583 Tuis
2047 2558 2228 2596 praesens
2261 2545 2383 2582 inter-

594 2612 668 2655 sis,
701 2612 751 2646 ita
782 2624 902 2647 voveo
933 2625 977 2647 ex
1006 2614 1162 2657 auimo,
1192 2621 1234 2648 ut
1263 2614 1316 2648 Te
1346 2623 1476 2659 rogem
1496 2637 1506 2655 ,
1535 2610 1633 2658 grati
1677 2610 1794 2646 animi
1842 2609 1918 2645 mei
1946 2610 2086 2659 pignus
2114 2609 2383 2657 qualecunque

590 2673 663 2708 hoc
693 2673 881 2720 accipias,
915 2687 956 2710 ac
987 2688 1059 2722 pro
1090 2674 1307 2723 gratissimo
1337 2672 1718 2720 luculentissimoque
1746 2685 1906 2708 munere
1935 2673 2047 2717 Tuo,
2078 2670 2202 2706 tenuis
2237 2669 2382 2705 redho—

593 2732 759 2767 stimenti
785 2733 869 2767 loco
901 2746 1080 2781 praesens
1109 2735 1296 2769 Volumen
1317 2761 1327 2779 ‚
1356 2733 1532 2782 proxima
1563 2734 1657 2769 mihi
1687 2743 1819 2770 natum
1849 2734 1996 2769 foetura
2015 2761 2025 2779 ,
2053 2731 2213 2780 patiaris
2242 2730 2331 2766 Tibi
2361 2730 2382 2766 a

592 2806 651 2829 mc
681 2793 842 2838 offerri,
874 2795 1075 2843 amorique
1104 2797 1190 2831 Tuo
1220 2809 1339 2844 porro
1367 2795 1510 2830 habere
1538 2809 1598 2835 mc
1629 2795 1941 2830 commendatum
1972 2807 2049 2830 non
2080 2793 2247 2829 desinas.
2275 2792 2380 2828 Scri-

592 2857 649 2904 psi
676 2856 811 2891 llamb.
846 2857 908 2893 Vl.
939 2858 1019 2892 Cal.
1050 2858 1219 2905 Aprilis,
1244 2857 1347 2892 Anni
1378 2857 1585 2892 Christiani
1611 2870 1671 2892 (311)
1705 2870 1741 2892 ω
1772 2869 1819 2891 cc
1849 2869 1978 2892 xxxvt.

787 2983 799 3003 k

994 3072 1107 3123 Ἰδὼν
1135 3079 1185 3122 τὸ
1215 3076 1385 3138 τέρμα,
1409 3077 1486 3132 τὴν
1511 3074 1645 3140 χάριν
1672 3072 1791 3122 δώσω
1823 3082 1978 3125 ΘΕΩῖ.
