2533 4009
439 270 490 308 32
1019 242 1023 244 ’
1300 267 1584 308 minius

441 342 594 391 primus
614 352 634 378 e
657 340 854 378 Manuscr.
879 337 1066 375 Vaticano
1092 337 1240 380 edidit.
1265 344 1305 376 et
1329 350 1395 377 no-

443 405 495 440 tis
516 401 682 441 eruditis
701 399 915 438 illustravit
931 397 1096 438 Gabriel
1110 398 1394 450 Gerberonms,

442 465 516 503 sub
540 461 729 514 Rquerii,
755 461 940 511 Theologi
967 463 1116 500 Franco
1142 463 1396 502 Germanila-

440 532 532 564 tens
559 526 742 570 nomine.
774 524 971 562 Bruxellis
997 524 1114 563 4673.
1146 526 1207 564 ⁴2.
1240 537 1287 563 ex
1319 537 1395 576 qua

438 588 608 626 editione
630 597 721 625 cum
743 586 970 623 Cerberonii
990 589 1096 624 notis
1117 599 1285 626 recusus
1300 589 1397 626 Mer-

438 655 547 688 cator
571 635 647 686 xest
679 650 714 685 in
757 653 862 686 torno
897 649 1058 688 XXVII.
1097 649 1194 687 Bibl.
1236 651 1393 688 Patrum

440 708 559 758 Lugd.
591 719 677 758 pag.
710 708 797 746 4⁶29.
831 707 926 746 Vide
963 713 1002 746 et
1039 708 1212 747 Concilia
1255 709 1395 748 Labbei

437 776 532 808 tom.
557 770 594 807 2.
615 781 702 820 pag.
729 771 843 809 4542.
872 770 954 808 Sub
974 770 1075 808 idem
1100 776 1263 821 tempus
1283 771 1396 821 longe

437 833 548 883 plura
573 832 679 871 Marii
703 831 880 882 undique
909 834 1014 870 eruit
1039 837 1080 869 et
1110 837 1266 882 praeter
1292 833 1398 870 Vati-

436 906 579 933 canum
598 894 867 933 Bellovacensi
886 897 1005 932 etiam
1029 904 1126 932 usus
1151 893 1307 940 Codice,
1330 892 1397 930 ad-

436 957 610 1007 ditisque
642 956 805 995 Graccis
833 968 934 1006 quae
965 958 1158 994 Mercator
1190 954 1397 992 transtulit

442 1019 746 1064 monumentis.
778 1018 1115 1067 amplissimisque
1153 1021 1193 1053 et
1231 1016 1399 1066 Pelagia-

439 1093 529 1120 nam
555 1086 675 1131 atque
701 1081 972 1118 Nestorianam
1000 1078 1208 1115 historiam
1235 1078 1398 1127 Insigni—

438 1149 500 1181 ter
518 1142 812 1182 illustrantibus
835 1139 1187 1178 dissertationibus
1216 1139 1397 1189 vulgavit

437 1206 606 1243 Joannes
626 1202 850 1242 Carnarius
875 1205 909 1249 a)
933 1203 971 1241 S.
999 1203 1031 1239 J.
1058 1202 1180 1240 Paris.
1206 1200 1307 1240 4673
1332 1201 1397 1239 fol.

437 1279 539 1317 quae
564 1278 654 1304 cum
674 1277 694 1304 a
720 1267 850 1304 Caveo
872 1265 1082 1316 diligenter
1098 1268 1396 1311 recenseantur,

437 1330 559 1379 repeti
584 1328 756 1366 hocloco
781 1338 801 1365 a
828 1338 891 1365 me
918 1338 992 1364 non
1019 1331 1081 1364 est
1107 1337 1286 1364 necesse.
1303 1327 1396 1364 Tra-

435 1396 568 1430 ctatus
594 1395 727 1429 autem
765 1401 850 1440 pag.
877 1389 938 1427 75.
965 1387 1284 1427 Gerberonianae
1316 1387 1396 1426 edi-

435 1455 554 1492 tionis
584 1465 702 1504 quem
734 1451 838 1502 apud
868 1450 1104 1489 Garnerium
1148 1453 1320 1501 reperire
1351 1462 1393 1488 se

434 1517 613 1567 potuisse
639 1519 781 1564 negat,
813 1518 945 1552 exstat
976 1519 1071 1551 tom.
1111 1513 1149 1551 2.
1179 1513 1274 1551 edit.
1299 1512 1390 1550 Gar-

438 1580 624 1617 nerianae
650 1589 736 1628 pag.
765 1577 826 1614 34.
856 1576 1033 1625 Denique
1064 1577 1319 1613 sinceriorem
1349 1586 1394 1613 ac

437 1641 638 1679 meliorem
672 1640 793 1691 hujus
841 1640 1045 1688 scriptoris
1087 1637 1301 1675 editionem
1345 1637 1391 1675 ad

439 1705 558 1742 trium
586 1701 774 1741 Codicum
794 1703 988 1740 Manuscr.
1015 1701 1130 1738 Iidem
1156 1700 1294 1739 alienis
1314 1712 1396 1737 om-

439 1766 557 1805 nibus
583 1766 747 1803 resectis
770 1763 880 1802 dedit
906 1763 1206 1802 laudatissimus
1229 1764 1294 1801 Vir
1309 1764 1391 1802 Ste-

431 1827 588 1881 phonas
612 1825 806 1865 Boluzius
833 1828 950 1865 Paris.
978 1827 1078 1866 4684
1105 1828 1127 1864 8
1152 1837 1242 1865 cum
1269 1828 1388 1864 notis:

436 1894 501 1941 qui
524 1893 641 1929 etiam
661 1890 866 1927 Actionem
893 1895 1046 1927 sextam
1074 1889 1237 1928 Concilii
1261 1889 1392 1939 Ephe-

437 1955 511 1991 sini
543 1954 564 1990 a
583 1953 700 1991 Mario
724 1963 884 1990 versam
913 1953 1048 1989 Latine
1075 1953 1230 2003 primus
1256 1952 1393 2001 vulga-

437 2018 496 2053 vit
525 2017 562 2053 in
595 2027 664 2054 sua
697 2014 959 2053 Conciliorum
989 2015 1222 2054 collecti0ne
1252 2016 1383 2052 tom.l

437 2091 523 2129 pag.
551 2079 703 2116 609.ex
731 2077 886 2116 duobus
906 2079 1104 2115 Manuscr.
1130 2078 1248 2115 Paris.
1277 2077 1391 2115 4683.

438 2141 500 2179 fol.
526 2139 746 2178 Eclz'ti‘onem
765 2138 887 2177 aliam
916 2142 1040 2190 inquit
1069 2140 1293 2178 Cotelerius
1318 2145 1344 2176 t.
1371 2140 1392 2178 3

435 2207 685 2242 monument.
726 2213 812 2253 pag.
851 2203 939 2241 (302.
971 2213 1091 2253 quam
1129 2200 1395 2239 Boluzianam

436 2265 535 2303 nihil
557 2277 710 2310 moror,
729 2268 948 2315 propterea
971 2264 1077 2316 quod
1096 2263 1203 2302 illius
1224 2263 1396 2301 adorna-

437 2332 498 2366 tor
524 2329 763 2378 ,tiarneriusj
795 2328 859 2365 vir
884 2327 1133 2365 venerandae
1157 2326 1396 2374 memoriae,

438 2390 656 2441 inqem'osos
687 2390 934 2441 conjecturas
958 2401 1054 2428 suos
1076 2388 1178 2428 malo
1215 2387 1394 2439 exemplo

438 2457 590 2491 textum
611 2451 748 2504 facere
771 2451 905 2490 soleat.
927 2452 1038 2491 Adde
1074 2463 1174 2503 quae
1195 2451 1394 2490 adversus

435 2516 672 2555 Garnerium
705 2518 859 2554 monuit
889 2516 1114 2555 Cardinalis
1145 2517 1333 2562 Norisius,
1360 2515 1394 2564 b)

436 2583 477 2616 et
511 2580 546 2616 in
578 2589 749 2618 censura
780 2581 998 2618 Baroniana
1031 2581 1173 2629 Pagius
1202 2578 1248 2617 ad
1281 2579 1395 2616 Anno

437 2641 526 2679 14:52.
561 2652 596 2678 n.
627 2641 694 2679 IX.
722 2639 862 2679 Libros
887 2641 1201 2693 Hypoqnosticon
1231 2643 1298 2691 qui
1329 2652 1395 2679 ex-

439 2708 548 2742 stant
570 2705 673 2741 inter
697 2702 734 2741 S.
761 2703 973 2754 Augustini
991 2704 1132 2754 Opera,
1157 2706 1275 2743 Mario
1297 2704 1396 2742 Mer-

438 2768 558 2804 catori
578 2765 810 2804 tribuendos
827 2767 1128 2816 suspicantibus
1141 2765 1394 2816 qulbusdam,

440 2840 515 2866 non
542 2834 692 2866 temere
716 2828 1020 2866 assentiendum
1045 2828 1161 2866 docet
1186 2828 1395 2867 Tillemon-

439 2893 519 2930 tIus
540 2896 634 2928 tom.
660 2891 743 2929 XV.
771 2891 996 2928 memoriar.
1019 2901 1103 2940 pag.
1129 2889 1215 2928 438.

488 2952 679 2993 MARIUS
693 2951 933 3004 Philelpfzus,
946 2953 1060 2998 infra,
1073 2952 1149 2990 PIII
1159 2952 1392 2990 LELPIIUS.

494 3016 681 3055 MARIUS
716 3014 868 3053 Plotius
905 3014 1124 3060 Sacerdos,
1157 3019 1199 3051 ut
1229 3018 1394 3051 vocatur

444 3081 480 3116 in
506 3081 699 3117 Manuscr.
732 3079 854 3116 isaaci
881 3078 1032 3125 Vossii3
1055 3077 1214 3126 scripsit
1245 3073 1392 3112 librum

443 3140 488 3177 de
508 3140 642 3178 metris
667 3139 713 3178 ad
739 3141 952 3178 Maximum
979 3139 1222 3189 Simplicium
1247 3137 1322 3175 CL.
1349 3137 1390 3173 V.

443 3204 555 3242 Hunc
579 3214 627 3239 ex
657 3203 853 3240 Manuscr.
883 3201 1064 3240 Andreae
1095 3199 1245 3240 Schotti
1271 3203 1311 3237 et
1334 3199 1391 3236 Jo.

498 3344 530 3382 a)
553 3343 706 3374 Giornale
726 3340 777 3373 de'
794 3341 934 3374 letterati
958 3342 989 3373 di
1015 3345 1115 3373 noim
1146 3345 1181 3374 Α.
1207 3341 1299 3373 1674.
1317 3349 1391 3380 pag.

437 3396 488 3425 fit.
514 3393 592 3424 Vide
609 3395 709 3424 etiarn
729 3401 759 3431 Ι».
779 3392 818 3422 96
849 3392 902 3421 ubi
923 3392 962 3421 ‹Ir-
982 3393 1199 3424 {tiaberiaona
1217 3391 1382 3423 editione.

1470 340 1656 379 Wowerii
1688 342 1842 391 primus
1872 342 1992 382 edidit
2022 345 2128 384 Elias
2148 345 2411 396 Putscliiusin

1469 403 1747 442 Grammaticis
1778 404 2006 453 veteribus,
2037 405 2192 445 Hanov.
2222 408 2335 448 4605,
2377 410 2413 447 4.

1469 477 1557 516 pag.
1586 466 1700 504 2623.
1732 467 1847 505 2663.
1876 468 2018 507 Habuit
2047 474 2087 507 et
2114 471 2306 508 Manuscr.
2340 472 2414 510 Ha-

1470 529 1634 568 drianus
1677 531 1840 578 Junius,
1886 531 1920 568 el
1966 531 2084 569 refert
2114 533 2196 582 ipse
2234 534 2336 572 notis
2363 534 2411 574 ad

1469 591 1705 641 emblemata
1731 603 1800 630 sua
1831 597 1950 642 atque
1980 592 2176 633 editurum
2208 605 2251 632 se
2272 597 2415 645 promi-

1471 655 1522 691 sit
1552 656 1587 692 in
1619 655 1760 693 litteris
1790 655 1836 693 ad
1868 655 2079 706 Georgium
2109 657 2415 703 Fabricium,in-

1470 722 1530 756 ter
1559 718 1662 756 Junii
1694 718 1893 768 Epistolas
1914 729 2000 768 pag.
2020 717 2107 756 11-537.
2137 719 2267 758 Voluit
2295 721 2414 758 etiam

1469 780 1578 818 Plotii
1609 780 1823 818 editionem
1854 791 1994 819 curare
2018 780 2215 831 Josephus
2233 782 2415 832 Scaliger,

1469 846 1509 878 et
1528 841 1657 879 Iocum
1683 843 1769 880 eius
1800 842 1973 881 illustrat
2001 842 2079 881 Jac.
2110 842 2296 882 Cuiacius
2325 845 2414 883 XIII

1472 903 1531 940 40.
1558 902 1908 941 Observationum.

1526 962 1716 1003 Claudius
1732 963 1918 1003 MARIUS
1938 965 2066 1003 Victor
2081 967 2167 1004 sive
2186 967 2414 1008 Victorinus.

1472 1026 1569 1063 infra
1589 1056 1597 1071 ,
1627 1026 1825 1065 VICTOR.

1524 1088 1696 1126 Joannes
1709 1087 2000 1126 MARKELEY.
2020 1089 2144 1139 Supra
2163 1093 2188 1126 t.
2202 1089 2262 1127 IV.
2275 1101 2310 1140 p.
2329 1091 2416 1130 380.

1525 1150 1720 1188 Henricus
1748 1148 1794 1188 de
1822 1151 2127 1190 MARLEBURG
2151 1152 2330 1191 Vicarius
2346 1153 2419 1192 Ec-

1471 1213 1614 1253 clesiae
1665 1213 1987 1263 Ballyscadensis
2042 1215 2128 1251 sive
2172 1214 2418 1254 Balischada-

1472 1269 1607 1305 nensis
1639 1267 1675 1304 in
1714 1266 1882 1304 dioecesi
1932 1267 2136 1305 Hiberniae
2172 1268 2415 1307 Dublinensi.

1469 1331 1644 1380 Scriptor
1675 1328 1956 1369 Chronicorum
1982 1332 2250 1381 escerptorum
2266 1330 2314 1369 de
2336 1342 2418 1370 me-

1468 1392 1574 1432 dulla
1605 1393 1851 1431 diversorum
1885 1392 2181 1441 Chronicorum,
2207 1394 2415 1444 praecipue

1467 1454 1677 1494 RANULFI
1708 1454 1896 1502 Monachi,
1927 1454 2185 1504 aliorumque3
2218 1465 2293 1493 una
2322 1465 2414 1494 cum

1468 1517 1703 1567 quibusdam
1750 1517 1935 1566 capitulis
1964 1516 2012 1555 de
2057 1515 2253 1554 chronicis
2281 1516 2416 1555 Hiber-

1470 1582 1569 1618 niae.
1612 1580 1809 1629 Incipiunt
1838 1580 1859 1617 a
1888 1583 2065 1629 tempore
2111 1578 2189 1616 nati
2233 1578 2412 1628 curisti,

1467 1642 1734 1692 desinuntque
1779 1642 1814 1679 in
1860 1652 1963 1680 anno
2007 1641 2160 1679 Henrici
2199 1641 2260 1679 VI.
2301 1642 2416 1692 Regis

1468 1704 1699 1743 duodecimo
1731 1705 1894 1753 (CIlristi
1926 1703 2054 1752 4434.)
2082 1703 2257 1743 Exstant
2283 1705 2419 1744 Μειῐωὁ

1469 1779 1544 1806 scr.
1577 1770 1613 1805 in
1647 1767 1742 1806 Bibl
1774 1767 2022 1806 Cottoniana.
2061 1766 2158 1805 Vide
2187 1765 2274 1818 ejus
2303 1767 2418 1806 Cata-

1466 1830 1595 1880 logum
1625 1842 1659 1880 p.
1680 1828 1741 1868 97.
1773 1833 1893 1878 atque
1919 1820 2120 1868 Oudin'um
2146 1833 2173 1866 t.
2191 1830 2226 1868 3.
2245 1841 2280 1880 p.
2296 1829 2414 1868 2425.

1516 1892 1686 1931 Joannes
1716 1892 2052 1937 MARLETlNUS,
2076 1890 2124 1929 de
2147 1891 2416 1932 MARLIANO.

1465 1955 1683 2002 MARREY,
1704 1954 1874 1992 MARRO
1890 1958 1964 1992 etc.
1984 1964 2102 2004 supra
2119 1958 2148 1992 t.
2165 1954 2228 1992 IV.
2245 1965 2280 2004 p.
2300 1952 2390 1992 387.
2432 1962 2439 1969 ·

1519 2017 1871 2063 MARQUARDUS,
1883 2027 1999 2067 supra
2014 2015 2414 2056 MARCHWARDUS.

1519 2080 1592 2118 Leo
1622 2079 1952 2119 MARSICANUS.
1984 2089 2131 2129 Supra,
2160 2078 2269 2117 LEO.

1523 2142 1791 2180 MARSILIUS
1819 2139 1870 2178 ab
1896 2141 2015 2191 Inyen
2035 2142 2122 2180 sive
2145 2139 2303 2191 suffen,
2321 2141 2417 2180 Tra·
2458 2190 2460 2192 ‚

1467 2205 1661 2256 jectensis
1691 2204 1914 2251 dioecesis,
1937 2214 2012 2241 non
2043 2202 2198 2254 Anglus
2227 2203 2294 2242 sed
2326 2204 2423 2242 Ger-

1470 2279 1637 2315 manus,
1658 2269 1816 2306 Parisiis
1832 2267 2137 2317 Heidelbergam
2157 2272 2324 2306 vocatus
2343 2269 2419 2306 cir-

1470 2342 1513 2369 oa
1543 2330 1616 2369 Ani
1651 2330 1766 2369 4386.
1798 2340 1818 2367 a
1863 2331 2036 2379 Ituperto
2080 2330 2189 2368 Duce
2230 2331 2419 2368 Bavariae

1469 2397 1509 2431 et
1538 2394 1689 2432 Comite
1734 2392 1910 2430 Palatino
1952 2391 2079 2430 Rheni
2123 2393 2226 2430 inter
2269 2392 2417 2442 primos

1469 2466 1595 2493 novae
1625 2453 1712 2504 ejus
1744 2453 1961 2492 Academia
1990 2454 2182 2492 Doctores
2225 2453 2419 2505 plantato-

1471 2528 1640 2567 resque:
1673 2516 1774 2554 idem
1804 2516 2033 2555 Canonicus
2063 2523 2103 2554 et
2133 2516 2420 2556 Thesaurarius

1468 2580 1670 2618 Ecclesiae
1689 2579 1726 2617 S.
1745 2577 1926 2616 Andreae
1948 2577 2083 2616 Colon.
2101 2577 2315 2617 defunctus
2332 2578 2419 2616 Hei-

1469 2641 1677 2691 delbergae
1707 2640 1751 2679 A.
1783 2640 1896 2697 4394.
1921 2640 1981 2678 43.
2010 2639 2170 2678 Calend.
2199 2639 2420 2690 Septembr.

1471 2704 1636 2754 Scripsit
1666 2706 1821 2753 praeter
1850 2699 2105 2739 Dialecticam
2135 2701 2345 2739 notabilem
2378 2707 2419 2738 et

1469 2768 1765 2804 commentarios
1797 2763 1837 2801 z‘n
1866 2761 2129 2811 Aristotelem,
2159 2764 2275 2801 etiam
2291 2763 2419 2812 Quae-

1468 2828 1611 2866 stio-nes
1640 2827 1679 2865 in
1708 2828 1770 2866 IV.
1802 2825 1922 2864 libros
1951 2824 2270 2870 Sententiarum,
2315 2835 2417 2874 quas

1469 2901 1588 2928 manu
1619 2889 1774 2928 Marsilii
1807 2890 1976 2938 scriptas
1992 2889 2141 2926 servari
2161 2889 2196 2925 in
2218 2887 2420 2926 Bibl.He.i—

1467 2951 1712 3001 delbergensi
1745 2951 1897 2988 notavit
1927 2950 2170 2989 Trithemius
2199 2960 2284 3001 cap.
2328 2949 2417 2987 668.

1468 3012 1541 3050 Sed
1574 3013 1645 3051 hae
1676 3013 1785 3062 typis
1814 3013 1933 3050 etiam
1965 3013 2189 3063 exscriptae
2219 3016 2315 3050 sunt
2343 3011 2418 3049 Ar-

1467 3080 1661 3125 gentorat.
1695 3076 1813 3113 4501,
1849 3074 1910 3112 fol.
1955 3078 1999 3112 ut
2042 3073 2122 3124 jam
2167 3077 2348 3113 notatum
2394 3083 2416 3111 a

1466 3138 1622 3186 MIraeo,
1652 3137 1801 3175 Labbeo
1822 3137 1999 3187 aliisque.
2019 3137 2163 3176 Confer
2178 3136 2276 3175 Acta
2296 3136 2416 3174 Fran-

1465 3200 1626 3247 conica,
1659 3197 1884 3238 Geschtclzce
1913 3197 1986 3237 der
2017 3197 2225 3238 Gelehrten
2254 3195 2294 3236 in
2315 3195 2416 3234 Fra-

1517 3341 1549 3377 a)
1572 3343 1765 3381 menagiana
1793 3344 1882 3373 Tom,
1913 3340 1942 3374 1.
1966 3349 2042 3382 pag.
2063 3339 2136 3372 557.
