2517 4009
884 234 1254 275 PAVINIUS

79 308 379 349 Glastoniensis.
417 317 500 356 pag.
543 305 607 344 65.
647 306 710 354 40)
748 305 794 344 ‹le
831 304 1033 345 abusioni-

81 369 154 410 bus
196 367 320 410 seculz'
344 368 378 416 a)
421 378 640 418 earumque
663 367 871 408 duodecim
903 369 1033 419 gradi—

79 433 167 482 bus,
197 433 262 483 qui
289 435 410 470 sunt:
456 432 470 469 4
503 431 652 468 Doctus
675 431 923 480 praedicator
947 432 1034 469 sine

79 495 194 536 bonis
219 492 416 544 operibus.
456 492 479 530 2
504 492 636 531 Senex
662 494 747 531 sine
772 493 970 544 religione.
1009 494 1032 532 3

78 556 323 598 Adolescens
360 556 446 593 sine
470 554 704 594 obedientia.
747 556 768 594 4
798 556 919 594 Dives
949 556 1033 593 sine

79 619 347 668 eleemosyna.
385 617 408 656 5
438 617 624 655 Foemina
659 618 744 656 sine
769 616 968 668 pudicitia.
1011 617 1033 654 6

78 680 274 723 Dominus
294 679 380 717 sine
405 679 568 718 virtute.
604 678 627 717 7
652 679 906 718 Christianus
944 689 1036 717 con-

81 742 290 781 tentiosus.
328 742 352 780 8
375 743 528 792 Pauper
552 741 759 791 superbus.
801 741 823 778 9
849 741 931 780 Rex
966 742 1036 778 ini-

80 814 197 855 quus,
238 805 286 842 40
314 804 537 854 Episcopus
572 803 789 854 negligens.
834 804 874 842 44
921 803 1034 841 Plebs

80 867 165 905 sine
189 865 395 917 disciplina
415 895 424 913 ,
449 870 489 904 et
516 865 563 904 42
585 865 757 916 Populus
781 866 867 903 sine
891 865 1006 915 Lege.

133 928 272 967 Sermo
301 927 338 967 S.
370 929 525 967 Patricii
555 927 604 966 ad
636 927 826 966 Hibernos
847 928 913 977 qui
941 928 1037 965 inci-

84 991 140 1042 pit
157 1003 165 1029 :
183 989 334 1042 Siquis
350 989 522 1029 intraret
540 988 594 1027 ad
613 988 873 1040 er9astulum.
895 990 1038 1028 Exstat

83 1054 121 1091 in
147 1052 322 1091 Thomae
352 1051 633 1103 Messinghami
673 1052 860 1101 florilegio
876 1052 1040 1091 Sancto-

80 1127 169 1154 rum
195 1115 402 1154 Hiberniae
426 1125 510 1164 pag.
535 1113 624 1152 437.
647 1113 740 1152 tto.
765 1119 804 1152 et
825 1115 847 1152 a
873 1115 1039 1153 Waraeo

81 1178 258 1216 omissus
287 1182 381 1224 est,
410 1176 597 1226 quoniam
623 1176 645 1213 a
680 1175 873 1214 Richardo
912 1175 1041 1215 Stani-

80 1240 258 1287 hurstio‚
289 1238 458 1277 Hibe-ruo
487 1237 684 1276 confictus
715 1249 765 1276 ex
801 1239 955 1289 ingenio
982 1239 1037 1275 vi-

79 1301 196 1341 detur
213 1330 222 1345 ‚
245 1311 295 1339 ex
318 1301 434 1339 cuius
458 1299 555 1338 libro
579 1299 756 1338 secundo
782 1301 888 1338 vitae
912 1301 1038 1338 Patri-

48 1356 51 1358 *
83 1364 158 1411 cii,
181 1363 318 1402 Antw.
345 1361 447 1400 4587
487 1362 520 1399 4.
557 1361 686 1400 editae
718 1361 1038 1412 Messinghamus

84 1437 178 1464 eum
202 1424 373 1476 repetiit.

128 1489 186 1527 De
203 1485 440 1539 purgatorio
466 1487 504 1525 S.
526 1487 682 1524 Patricii
709 1485 842 1524 dicere
867 1497 930 1524 me
957 1497 1039 1524 me-

78 1551 174 1589 mini
194 1560 313 1600 supra
335 1548 867 1603 in.HENR1CO·Salteriensi
885 1552 979 1586 tom.
999 1548 1034 1586 3.

77 1613 170 1652 214.
212 1613 268 1651 De
309 1610 536 1662 Prophetz'is
590 1610 679 1649 vide
719 1610 818 1650 Acta
855 1611 1033 1649 sanctor.

77 1680 171 1714 tom.
192 1675 230 1713 2.
252 1675 388 1717 Martii,
403 1686 490 1725 pag.
516 1674 610 1712 586.
632 1684 716 1724 seq.
755 1675 811 1712 De
848 1673 1036 1713 SECUN-

77 1738 179 1777 DINI
209 1737 359 1788 hymno
389 1731 428 1779 in
459 1737 498 1775 S.
530 1737 742 1775 Patricium
789 1740 1034 1786 composito⁷

77 1795 276 1839 videbdus
305 1799 506 1838 Jocelinus
540 1800 578 1836 in
608 1800 691 1837 vita
724 1799 761 1837 S.
792 1799 945 1836 Patricii
971 1791 1036 1837 ca-

9 1859 11 1865 ’
80 1865 160 1914 pite
188 1863 327 1902 XVIII.
351 1863 414 1902 Ex
438 1859 680 1901 GUILELMI
701 1858 1035 1905 Malmesburien-

80 1925 136 1965 sis
164 1925 274 1964 libris
302 1924 458 1963 duobus
486 1923 535 1962 de
563 1924 641 1962 vita
661 1923 838 1962 eiusdem
858 1925 1031 1973 (tertium

83 1989 188 2027 enim
219 1991 336 2038 negat
360 1997 404 2026 se
429 1987 608 2037 potuisse
633 1987 820 2037 reperire)
844 1986 1033 2025 nonnulla

84 2050 238 2089 notavit
268 2047 466 2088 Lelandus
490 2059 573 2098 cap.
604 2048 669 2087 23.
698 2049 806 2086 Inter
828 2049 971 2098 scripta
997 2048 1036 2086 S.

81 2113 234 2151 Patricii
265 2110 368 2161 apud
394 2111 557 2150 Baleum
587 2112 751 2150 Centur.
789 2113 819 2149 1.
856 2122 945 2161 cap:
973 2111 1034 2148 44.

81 2179 125 2212 et
149 2175 323 2213 Pitseum
349 2184 385 2224 p.
409 2173 452 2212 94
486 2177 760 2212 memorantur
786 2174 920 2211 nescio
935 2184 1036 2223 quae

80 2234 306 2288 Abjectorza
329 2235 406 2274 366
427 2239 513 2273 tum
534 2236 715 2274 sttoria
742 2232 958 2275 Hiberniae
987 2246 1033 2272 ex

82 2299 220 2337 Ruano
239 2298 371 2336 nescio
386 2308 486 2347 quo:
502 2297 795 2349 Hodoeporicon
810 2295 1035 2336 Hiberniae.

85 2361 294 2400 Sermones
317 2364 454 2397 contra
477 2359 694 2397 Gentilium
721 2360 1036 2410 superstitiones,

86 2419 284 2473 Epistolae
322 2420 372 2459 ad
415 2420 679 2459 Hibernenses
726 2421 949 2468 Ecclesias‚
991 2421 1038 2459 ad

82 2483 297 2522 Avalonios
323 2481 501 2520 incolas.
525 2481 572 2519 ad
600 2493 704 2526 -suos
743 2480 975 2530 Britannos,
1000 2488 1040 2520 et

84 2543 180 2582 liber
203 2540 250 2580 de
273 2540 417 2593 futura
442 2539 653 2579 electorum
685 2541 782 2579 Vita.

130 2604 294 2643 'Patricii
325 2602 484 2641 iliberni
522 2602 641 2641 rebus
677 2603 823 2642 multas
847 2603 1040 2642 admistas

30 2679 33 2683 ·
84 2668 205 2706 fuisse
244 2665 395 2704 rabulas
437 2669 480 2703 ut
519 2665 750 2714 neutiquam
784 2667 1038 2716 negaverim,

83 2733 135 2768 ita
160 2726 390 2766 incredibile
425 2737 589 2778 prorsus
622 2726 745 2764 videri
782 2727 899 2765 debet
934 2728 1036 2777 quod

83 2789 238 2830 erudito
280 2788 476 2839 Theologo
511 2788 665 2839 Anglo,
696 2790 862 2827 ilenrico
899 2791 1039 2828 Mauri-

84 2855 136 2891 tio
151 2852 190 2900 b)
214 2852 251 2889 in
277 2855 451 2889 mentem
479 2852 589 2889 venit
605 2851 809 2901 suspicari,
829 2852 1036 2890 Patricium

92 2914 313 2953 Hibernum
335 2912 456 2952 fuisse
479 2913 634 2952 nullum
654 2943 662 2956 ,
687 2912 755 2950 sed
786 2918 914 2952 totum
945 2925 1038 2952 eon-

134 3047 169 3085 a)
195 3048 304 3078 Etiam
327 3045 381 3078 inc
407 3045 604 3083 liberinter
639 3037 907 3080 §.anensem
936 3048 1041 3086 opera

78 3097 200 3136 legitur
219 3097 253 3127 in
269 3095 459 3135 Appendiec
477 3095 517 3130 ad
531 3099 659 3127 tomum
676 3099 727 3127 vi.
740 3097 818 3128 edit.
831 3097 1045 3128 benedictin.

75 3156 107 3186 p.
124 3145 198 3177 691.
213 3148 316 3177 Amst.
340 3148 372 3175 et
394 3145 428 3176 in
445 3144 645 3184 quibusdam
664 3148 693 3177 S.
710 3138 892 3189 CYPRQM
918 3145 1042 3178 editio-

73 3196 173 3228 nibus
190 3195 298 3228 iucem
319 3195 427 3226 vidit:
453 3195 486 3225 in
509 3194 686 3226 codicibus
705 3195 778 3226 aliis
803 3195 964 3226 tribuitur
982 3204 1041 3227 ne-

74 3247 144 3277 scio
165 3246 219 3277 eui
243 3245 438 3276 EBRARDO.
462 3243 552 3274 Alius
569 3243 631 3275 suit
654 3244 736 3276 liber
748 3246 809 3284 qui
828 3244 926 3276 hodie
949 3246 1037 3276 desi-

77 3295 211 3327 deratur
238 3294 429 3325 uinctum
460 3295 650 3332 immensis,
678 3302 778 3334 quem
801 3294 841 3326 dc
862 3294 1038 3327 duodecim

77 3345 227 3376 abusivis
249 3343 289 3374 ad
314 3345 570 3375 instructionem
591 3345 688 3382 Regis
710 3345 760 3375 sui
784 3336 944 3383 scriplum
979 3353 1040 3375 no·

79 3395 159 3425 tavit
191 3393 392 3426 Fiodoardus
420 3396 474 3425 ΙΙΙ.
510 3393 558 3424 18.
584 3401 658 3424 nam
684 3395 716 3424 in
748 3392 801 3423 iilo
837 3395 1030 3426 iiincniarus

1986 234 2062 273 193

1105 306 1242 344 fictum
1272 308 1293 345 {i
1311 307 1509 346 Monaeliis
1530 319 1577 345 ex
1607 306 1768 345 Patricio
1794 298 1972 344 Aruerno
1991 306 2052 343 vel

1107 380 1155 406 ex
1182 370 1344 408 Patricio
1369 370 1549 420 Hispano.
1576 370 1658 407 Imo
1683 380 1730 407 ex
1756 368 1920 407 Joannis
1940 368 2062 407 Sava-

1108 432 1214 468 ronis
1260 431 1535 470 observatione
1573 431 1800 470 credibilius
1833 435 1896 469 est
1920 430 2066 469 Aruer—

1110 504 1273 531 nensem
1308 494 1431 532 fuisse
1449 492 1663 532 confictum
1680 505 1729 532 ex
1748 494 1929 541 Hiberno‚
1947 494 2062 531 cuius

1107 554 1191 593 <lies
1212 556 1368 605 vigiliae
1389 566 1457 605 pro
1482 554 1544 592 die
1574 555 1831 605 depositionis
1855 560 2066 605 acceptus,

1110 617 1240 655 locum
1263 628 1364 654 novo
1386 618 1551 655 Patricio
1575 617 1685 655 dedit
1707 617 1810 668 apud
1838 616 2063 656 Usuardum

1110 683 1149 716 et
1175 679 1211 716 in
1238 678 1474 728 quibusdam
1514 679 1810 729 Martyrologiis.
1850 681 1986 729 Neque
2017 678 2065 716 de

1110 741 1276 779 Patricio
1300 741 1474 790 Hispano
1498 740 1600 778 aliud
1627 745 1801 787 constat,
1825 753 1944 791 quam
1977 741 2066 791 Epi-

1111 814 1274 853 scopum
1293 804 1568 842 Malacitanum
1590 804 1625 840 in
1638 805 1812 841 Braetica
1839 804 2067 841 interfuisse

1109 865 1185 904 An.
1215 866 1304 904 305.
1351 866 1413 904 vel
1460 867 1548 904 343.
1596 865 1770 904 Concilio
1811 864 2063 902 llliberitano.

1111 928 1207 967 Vide
1235 930 1332 967 Acta
1363 929 1599 967 Sanctorum
1625 929 1749 966 Martii
1776 932 1804 965 t.
1829 928 1867 965 2.
1891 939 1929 978 p.
1951 926 2042 966 447.

1164 990 1411 1042 Auyuste'nns
1435 990 1723 1035 PATRICIUS.
1749 990 1962 1029 defunctus
1993 990 2065 1027 An.

1112 1055 1227 1093 4496.
1255 1056 1380 1104 Supra
1407 1058 1433 1090 t..
1458 1055 1492 1092 4.
1519 1065 1555 1103 p.
1580 1054 1671 1092 442.

1165 1117 1225 1154 Jo.
1253 1116 1494 1154 Franciscus
1517 1114 1748 1154 PAVIMUS
1763 1115 1848 1154 sive
1870 1113 1916 1153 (le
1935 1114 2069 1153 PAVI—

1113 1178 1222 1226 NIS,
1262 1180 1477 1217 Patavinus
1507 1180 1592 1216 sive
1628 1178 1904 1216 Passaviensis
1945 1177 2068 1216 JCtus

1112 1242 1244 1279 clarus
1267 1242 1369 1279 circa
1392 1240 1466 1279 An.
1494 1241 1594 1279 4480
1621 1244 1660 1277 et
1684 1239 1914 1278 Advocatus
1931 1240 2068 1277 Consi-

1112 1303 1284 1341 storialis
1302 1332 1310 1348 ‚
1335 1307 1472 1340 auctor
1509 1301 1717 1340 relationis
1742 1301 1788 1340 ad
1816 1302 1972 1340 Sixtum
2005 1301 2067 1339 iv.

1106 1375 1182 1415 pro
1203 1363 1504 1402 canonizatione
1529 1365 1569 1402 S.
1603 1364 1903 1402 bonaventurae
1920 1395 1928 1410 ‚
1955 1364 2067 1401 Anno

1114 1428 1128 1465 4
1140 1426 1229 1464 ⁶274.
1255 1425 1459 1474 defuncti,
1485 1437 1587 1476 quae
1612 1430 1745 1463 exstat
1770 1430 1857 1475 post
1881 1426 1918 1464 S.
1944 1427 2067 1464 Bona-

1112 1493 1306 1527 venturae
1335 1487 1489 1539 Opera,
1514 1493 1620 1525 tomo
1641 1488 1780 1526 ultimo
1815 1499 1850 1538 p.
1877 1487 1953 1525 802
1979 1488 2068 1526 820.

1110 1550 1179 1588 sed
1202 1551 1239 1588 in
1265 1550 1376 1588 Actis
1399 1550 1636 1589 Sanctorum
1662 1553 1756 1587 tom.
1783 1550 1847 1587 111.
1873 1549 1964 1587 Julii
1998 1550 2067 1588 44.

1110 1617 1171 1650 est
1193 1613 1366 1658 omissa,
1391 1612 1455 1651 ubi
1483 1613 1659 1650 vicissim
1685 1610 1926 1649 exhibent-ur
1952 1610 2067 1649 Octa·

1109 1674 1221 1713 viam·
1262 1674 1290 1713 ὰ
1332 1668 1522 1713 Μανΐίηίε
1569 1674 1802 1712 Sinuessam
1848 1672 1980 1711 Oratio
2019 1673 2066 1711 de

1110 1738 1191 1775 vita
1214 1737 1252 1776 S.
1279 1738 1582 1775 Bonaventurae
1607 1741 1647 1774 et
1672 1735 1872 1774 miraculis
1897 1734 1943 1773 ad
1969 1746 2067 1774 eun-

1109 1799 1198 1837 dem
1225 1799 1379 1838 Sixtum
1406 1799 1467 1837 IV.
1490 1811 1526 1849 p.
1551 1798 1641 1837 824.
1678 1799 1775 1837 Sixti
1802 1799 1862 1836 lv.
1895 1797 2064 1848 diploma

1107 1862 1418 1900 canonizationis
1441 1862 1556 1900 Anno
1587 1860 1690 1900 4482
1715 1873 1802 1912 pag.
1833 1861 1924 1899 830.
1965 1860 2062 1899 sixti

1110 1925 1152 1960 V.
1185 1925 1412 1963 Decretales
1442 1925 1595 1962 litterae
1619 1924 1693 1962 An.
1723 1923 1823 1962 4587
1858 1935 1946 1974 pag.
1975 1922 2064 1960 8⁶22.

1111 1991 1151 2024 et
1181 1986 1268 2025 Vita
1304 1988 1341 2025 S.
1382 1988 1685 2025 Bonaventurae
1724 1987 1870 2036 scripta
1901 1987 1922 2023 a
1953 1985 2066 2023 Petro

1110 2050 1308 2088 Galesinio
1332 2062 1367 2101 p.
1395 2050 1484 2089 838.
1522 2050 1611 2087 860.
1639 2060 1730 2088 cum
1763 2050 1866 2087 notis
1900 2050 1955 2086 Jo.
1993 2049 2066 2086 Ba-

1111 2113 1255 2162 ptistae
1274 2112 1423 2151 Solerii.
1446 2114 1610 2151 Caetera
1626 2113 1774 2150 Pavinii
1787 2112 1931 2161 scripta
1949 2114 2062 2148 sunt:

1111 2175 1250 2213 Glossa
1276 2174 1325 2224 ad
1366 2175 1702 2225 Exti-avagantem
1742 2174 1904 2211 ,Ioannis
1939 2172 2062 2210 XXII.

1111 2234 1156 2273 de
1179 2235 1301 2289 officio
1327 2240 1366 2274 ct
1380 2234 1774 2286 potestateCapz'tnli.
1790 2234 1878 2274 sede
1895 2236 2060 2272 vacante

1111 2303 1206 2337 tom.
1232 2301 1280 2338 43
1311 2303 1504 2337 tractatus
1536 2303 1778 2336 tractatuum
1817 2297 1924 2334 Iuris
1951 2300 2059 2346 parte

1112 2362 1147 2399 2.
1167 2373 1202 2412 p.
1225 2361 1304 2400 407
1328 2366 1416 2411 post
1439 2360 1633 2398 editiones
1656 2361 1797 2398 Venet.
1819 2358 1919 2398 4496
1943 2359 1975 2396 4.
1996 2359 2064 2395 Pa-

1114 2425 1180 2461 ris.
1214 2424 1317 2462 4642
1347 2427 1410 2460 etc
1447 2422 1484 2470 2)
1520 2420 1693 2459 Baculus
1724 2419 1942 2472 pastoralis
1978 2420 2062 2456 sive

1114 2485 1159 2524 de
1182 2483 1475 2524 visitationibus
1514 2483 1822 2534 Ερίεοορονιιηι,
1859 2485 1894 2520 in
1924 2480 2062 2519 eodem

1114 2552 1286 2585 tractatu
1318 2552 1560 2584 tractatuum
1588 2551 1680 2582 tom.
1708 2547 1756 2583 44
1782 2556 1865 2595 pag.
1898 2544 1982 2581 477.
2013 2553 2061 2580 ex

1114 2608 1207 2646 edit.
1232 2610 1349 2646 Paris.
1374 2608 1475 2646 4514
1501 2608 1535 2644 4.
1560 2609 1598 2655 3)
1619 2607 1751 2644 Oratio
1771 2605 1817 2644 de
1834 2606 1915 2644 vita
1933 2609 1968 2642 et
1984 2616 2063 2642 mo-

1113 2668 1228 2709 ribus
1248 2672 1287 2709 S.
1322 2668 1502 2721 Leopoldi
1533 2670 1718 2707 Austriae
1756 2667 1992 2706 Marchionis
2022 2672 2059 2703 et

1113 2733 1360 2771 Confessoris
1378 2762 1385 2777 ‚
1404 2732 1571 2769 Florent.
1600 2730 1716 2769 4579.
1739 2731 1772 2768 4.
1794 2735 1833 2768 et
1857 2728 1958 2780 apud
1989 2730 2063 2767 Su-

1112 2796 1212 2833 rium
1233 2794 1282 2832 ad
1309 2796 1322 2832 4
1335 2795 1370 2832 5.
1394 2792 1585 2832 Novomb.
1610 2799 1649 2831 et
1672 2795 1707 2830 in
1736 2792 1961 2841 Hieronymi
1989 2792 2061 2829 Pez

1113 2861 1206 2894 tom.
1233 2858 1266 2895 4.
1293 2858 1527 2907 sei-iptorum
1552 2867 1683 2894 rerum
1710 2855 1950 2893 Austrincar.
1975 2865 2062 2903 pag.

1113 2918 1200 2957 577.
1229 2930 1306 2957 una
1325 2930 1416 2957 cum
1443 2919 1657 2956 summario
1681 2917 1999 2956 Canonizatinnis
2024 2928 2061 2964 p.

1104 3056 1294 3083 sanctorum
1307 3051 1395 3082 dicta
1412 3053 1547 3082 Petrum
1566 3055 1597 3081 et
1614 3052 1870 3090 praeteritorum
1895 3050 2066 3080 constitu-

1104 3103 1211 3133 tiones
1228 3103 1353 3141 Regum
1371 3100 1547 3139 coliegerat
1565 3123 1576 3138 ‚
1591 3102 1775 3139 Regemque
1791 3099 1828 3129 de
1847 3100 2065 3138 promissione

1103 3158 1164 3182 sua
1186 3151 1285 3181 verbo
1302 3158 1339 3182 ac
1360 3152 1484 3189 scripto
1503 3155 1680 3188 antequam
1699 3151 1762 3180 Rex
1784 3153 2036 3180 consecraretur
2053 3171 2064 3187 ,

1104 3200 1300 3240 primatibus
1325 3208 1362 3231 ae
1385 3201 1556 3239 Episcopis
1579 3198 1664 3230 sacia
1689 3200 1919 3229 admonuerat.

1170 3251 1199 3285 1)1
1214 3249 1410 3280 Defensione
1420 3247 1636 3288 Episcopatus
1654 3247 1842 3280 dioecesani
1854 3252 1970 3280 contra
1984 3251 2066 3281 Dav.

1101 3302 1342 3333 Clarksonium.
1364 3300 1466 3328 Loncl.
1495 3297 1582 3331 1691,
1605 3299 1637 3331 8,
1661 3307 1734 3338 pag.
1766 3298 1832 3330 1.».3.
1854 3302 1932 3330 Acta
1958 3297 2059 3329 Erud.

1105 3352 1194 3382 1609.
1220 3358 1292 3389 pag.
1318 3349 1391 3382 596.

1514 3463 1582 3501 176
