2533 4009
466 243 543 280 2123

466 313 703 358 Hieronymo
734 306 904 343 tributus
943 301 1023 350 jani
1063 300 1153 336 olim
1188 303 1230 336 ut
1258 304 1415 338 constat

461 386 508 411 ox
540 371 663 411 Caroli
695 367 817 415 Magni
849 363 910 400 lll.
944 362 976 398 4.
1009 360 1056 397 de
1089 360 1325 409 imaginibus
1345 389 1353 406 ,
1377 365 1417 397 ct

461 448 510 472 ex
536 433 676 471 Codice
706 428 867 474 antiquo
892 422 1066 461 Psalterii
1097 422 1229 459 aureis
1258 425 1419 459 exarato

461 497 627 537 litteris,
652 499 769 539 quem
794 486 841 524 ad
866 483 1105 524 Hadrianum
1133 484 1277 532 Papam
1303 483 1419 521 Caro—

464 560 524 595 lus
555 556 599 592 M.
631 553 763 594 misit,
793 548 841 586 de
872 558 950 596 quo
983 545 1216 584 Lambecius
1255 549 1348 582 tom.
1379 544 1415 582 2.

458 631 542 668 pag.
568 614 667 652 374.
696 623 778 660 seq.
819 608 923 648 unde
953 608 1146 647 Alcuinus
1189 607 1309 644 etiam
1354 605 1417 644 illa

457 676 713 716 confessione
739 673 794 710 uti
823 682 899 708 non
932 670 1143 708 dubitavit.
1167 668 1316 708 'Confer
1340 669 1416 706 Ma-

456 739 656 777 billonium
684 740 779 773 tom.
803 735 837 772 4.
864 732 1041 771 Analect.
1070 743 1153 782 pag.
1181 731 1269 770 489.
1295 730 1413 781 (edit.

454 811 576 839 novae
602 810 687 849 pag.
711 794 824 837 492).
847 797 925 835 Nec
950 794 1233 844 Hieronymum
1253 797 1412 841 autem,

453 874 524 900 nec
554 859 821 910 :monastirium
860 859 929 901 (ut
953 858 1098 906 ¹visum
1139 854 1302 901 Vossio')
1342 855 1411 893 sed

455 925 653 974 Pelagium
681 921 824 960 habere
849 924 1078 965 auctorem,
1102 917 1291 967 singulari
1316 918 1413 956 scri-

450 992 515 1036 pto
545 985 724 1036 probavit
757 981 954 1031 Launojus
984 986 1078 1019 tom.
1119 980 1154 1017 ⁶2.
1194 978 1293 1029 Opp.
1324 989 1411 1029 par--

448 1054 487 1087 te
518 1048 553 1085 2.
586 1058 671 1097 pag.
711 1044 800 1083 302.
826 1044 954 1089 Quem
995 1041 1087 1081 vide
1124 1043 1243 1080 etiam
1278 1041 1334 1078 sis
1373 1041 1409 1079 in

448 1110 540 1148 diss.
553 1109 601 1147 de
615 1113 773 1146 auctore
790 1106 976 1144 librorum
994 1104 1042 1143 de
1061 1104 1278 1142 imitatione
1293 1103 1410 1142 CHri-

448 1174 496 1209 sti
523 1183 611 1221 pag.
642 1170 732 1208 436.
770 1172 810 1205 et
853 1168 894 1205 D.
936 1166 1099 1205 Antonii
1130 1166 1278 1204 Reiseri
1310 1167 1410 1204 Lau-

448 1234 582 1283 nojum
612 1230 888 1270 Confessorem
927 1241 1012 1280 pag.
1049 1230 1141 1268 843.
1171 1239 1254 1278 seq.
1297 1228 1408 1266 Hunc

452 1295 628 1334 libellum
683 1292 773 1331 fidei
816 1292 980 1342 Anglice
1034 1302 1196 1330 versum
1245 1289 1410 1329 eruditi-

448 1369 547 1408 sque
594 1358 699 1395 notis
742 1355 986 1394 illustratum
1033 1353 1195 1391 exhibet
1244 1352 1408 1391 Wilhel-

448 1431 538 1458 mus
586 1419 753 1457 Wallius
798 1418 835 1454 in
882 1416 1044 1455 historia
1092 1415 1405 1465 Paedobaptismi

446 1482 609 1532 Anglice
640 1481 747 1519 edita
772 1490 857 1530 pag.
885 1479 974 1518 200.
1001 1490 1083 1528 seq.
1116 1476 1315 1528 Epistolae
1341 1479 1407 1515 Pe-

451 1544 537 1592 lagii
569 1554 659 1581 cum
701 1541 827 1579 libello
863 1540 966 1578 Fidei
998 1540 1052 1578 ad
1080 1541 1344 1579 Innocentium
1377 1541 1405 1577 Ι.

456 1608 605 1657 Papam.
636 1606 781 1643 missac
808 1603 931 1653 major
955 1614 1047 1654 pars
1072 1608 1229 1642 servata
1255 1602 1303 1640 ab
1328 1602 1407 1640 Au-

451 1670 609 1719 gustino
638 1667 686 1705 de
717 1667 780 1705 lib.
812 1666 946 1704 Gratia
977 1667 1127 1705 Cllristi
1158 1677 1191 1704 c.
1224 1665 1287 1704 30.
1322 1675 1405 1714 seq.

450 1730 549 1770 addo
579 1729 813 1768 Garnerium
855 1727 903 1767 ad
948 1729 1203 1767 Mercatorem
1243 1732 1337 1764 tom.
1373 1728 1403 1765 l.

452 1806 537 1844 pag.
568 1791 656 1829 380.

502 1856 554 1893 De
584 1854 743 1892 scholiis
759 1852 957 1905 Epistolas
974 1851 1095 1891 Pauli
1125 1854 1312 1903 (excepta
1343 1852 1405 1890 illa

448 1917 496 1956 ab
539 1917 761 1963 Hebraeos)
801 1915 1093 1954 illustrantibus
1139 1919 1258 1964 atque
1303 1915 1404 1952 inter

451 1980 489 2018 S.
515 1979 742 2027 Hieronymi
768 1978 896 2028 Opera
928 1977 1087 2027 saepius
1117 1976 1260 2024 editis,
1293 1987 1402 2026 prae-

451 2048 510 2078 ter
555 2041 759 2079 Usserium
807 2038 910 2089 apud
959 2039 1163 2086 Caveum,
1211 2037 1402 2088 legendus

451 2103 560 2141 Rich.
590 2103 724 2142 Simon
751 2102 814 2140 lib.
842 2102 876 2139 3.
903 2101 993 2138 hist.
1019 2101 1187 2138 Criticae
1211 2101 1306 2138 Novi
1332 2101 1402 2138 Te-

450 2171 500 2204 st.
530 2176 615 2215 cap.
647 2165 706 2203 46.
740 2164 878 2214 Pelagii
912 2163 974 2200 illa
1002 2173 1091 2200 osse
1117 2173 1194 2200 non
1222 2161 1405 2201 dubitan-

449 2226 544 2265 dum
579 2225 762 2273 videtur,
794 2226 884 2264 licet
915 2227 936 2262 ἐι
968 2223 1204 2263 Cassiodoro
1236 2223 1297 2261 vel
1328 2223 1402 2261 alio

451 2288 620 2338 quodam
647 2289 742 2326 locis
766 2286 1002 2337 quibusdam
1031 2286 1288 2337 interpolata?
1316 2285 1405 2324 Hie-

449 2363 611 2402 ronymo
640 2356 748 2389 certe
779 2361 858 2388 non
889 2350 1014 2399 magis
1045 2348 1254 2387 tribuenda
1284 2359 1403 2398 quam

450 2413 633 2459 Gelasio,
673 2410 937 2450 Primasiove.
969 2410 1115 2449 Confer
1145 2411 1271 2448 Vossii
1310 2410 1400 2448 hist.

450 2476 695 2525 l’elagianam
741 2486 827 2525 pag.
862 2474 921 2512 44.
952 2483 1035 2523 seq.
1080 2472 1316 2511 Garnerium
1353 2471 1401 2509 ad

447 2539 611 2577 Marium
639 2538 896 2575 Mercatorem
925 2539 1018 2573 tom.
1046 2538 1059 2574 4
1092 2546 1176 2586 pag.
1204 2534 1293 2574 367.
1319 2545 1401 2584 seq.

447 2605 486 2637 et
515 2601 580 2649 qui
613 2599 864 2649 Pelagianum
915 2602 1118 2636 auctorem
1150 2609 1240 2636 esse
1269 2596 1404 2647 dispu-

449 2666 529 2707 tat,
559 2661 737 2699 Cotelerii
771 2665 884 2699 notas
913 2659 960 2698 ad
993 2661 1128 2700 Patres
1153 2659 1402 2711 Apostolicos

450 2730 476 2761 t.
508 2726 522 2762 4
561 2736 597 2773 p.
627 2724 687 2761 89.
720 2735 807 2772 seq.

501 2787 555 2824 De
572 2783 747 2835 Epistola
770 2784 823 2823 ad
847 2785 1138 2824 Demetriadem
1165 2784 1211 2824 de
1235 2783 1401 2835 Virqini-

451 2851 526 2885 tate
554 2848 597 2886 Α.
631 2848 718 2886 443.
750 2848 895 2898 scripta
926 2859 1028 2897 quae
1060 2847 1195 2886 itidem
1227 2848 1329 2886 inter
1358 2847 1397 2885 S.

451 2911 675 2960 Hieronymi
706 2920 822 2959 opera
853 2909 920 2947 sed
952 2914 991 2947 et
1021 2911 1059 2948 S.
1092 2909 1301 2960 Augustini
1347 2909 1400 2947 le-

450 2973 581 3019 gitur,
630 2983 767 3010 verum
815 2971 985 3009 hominis
1023 2970 1232 3021 Pelaqiaui
1258 2982 1347 3009 esse
1379 2973 1400 3008 a

450 3032 550 3070 Beda
582 3034 616 3070 in
649 3034 809 3072 Cantica
841 3035 1095 3073 canticorum
1141 3034 1398 3072 observatum

451 3099 511 3131 est
527 3126 536 3140 ‚
563 3095 714 3145 Pelagio
739 3097 809 3146 ipsi
830 3096 1063 3135 certioribus
1079 3097 1198 3134 etiam
1222 3096 1400 3133 testimo-

455 3156 528 3191 niis
559 3156 806 3206 vindicatur,
837 3158 926 3196 vide
957 3170 1058 3210 quae
1089 3169 1208 3209 supra
1254 3159 1290 3195 in
1332 3158 1401 3195 Ju-

453 3213 555 3251 liauo
600 3217 803 3268 Pelagiano
846 3225 873 3258 t.
918 3221 966 3259 IV
1012 3232 1096 3272 pag.
1128 3220 1217 3259 578.
1246 3230 1329 3269 seq.
1360 3224 1399 3256 et

451 3276 683 3314 (iarnerium
715 3283 742 3315 t.
774 3283 788 3318 4
826 3293 861 3330 p,
893 3283 982 3320 474,

507 3337 557 3373 ΙΝ·
585 3336 769 3386 ΕΡῘ3ῑο1Ῐ3
799 3342 934 3386 ΡΡῙῑΙΤ-’ἰί
959 3373 965 3392 7
991 3357 1090 3393 quai·
1118 3343 1400 3383 intercidi-runt

1296 226 1584 266 l‘AL'LUS

1492 297 1718 334 testimonia
1757 301 1935 336 veterum
1982 303 2021 336 nt
2063 310 2111 336 ex
2144 298 2188 335 iis
2219 298 2437 347 fragmenta

1491 357 1649 406 collegit
1692 357 1874 397 laudatus
1917 360 2157 407 GarneriuS,
2189 361 2222 408 4)
2251 357 2306 397 ad
2332 358 2439 397 Pau-

1493 417 1614 456 linum
1643 416 1839 456 Nolanum
1867 419 2100 472 Episcopum
2130 427 2156 460 t.
2184 424 2198 460 4
2237 432 2322 472 pag.
2347 420 2437 460 374.

1491 492 1573 530 seq.
1604 478 1667 518 Ad
1694 479 1963 520 Constantium
1991 482 2225 535 Episcopum
2268 494 2306 534 p.
2348 483 2436 523 372-

1491 541 1553 580 :id
1579 541 1742 581 viduam
1772 543 1971 582 Livianam
2019 545 2090 594 (al.
2129 546 2351 585 Julianaml
2394 545 2438 584 li-

1490 606 1607 644 brum
1636 605 1943 644 consolatorium
1974 611 2092 656 atque
2121 608 2433 647 exhortatorium

1489 679 1563 718 pag
1606 667 1696 707 372.
1727 667 1818 706 373.
1845 666 1908 706 Ad
1934 666 2195 719 Auqustinum
2237 671 2363 721 prima
2400 681 2436 720 p.

1490 730 1576 769 377.
1608 735 1648 768 et
1677 729 1877 775 secunda,
1908 741 1979 768 seu
2016 729 2200 770 chartula
2232 731 2438 785 puryatio-

1485 792 1546 831 uis
1577 793 1696 831 missa
1729 804 1797 842 per
1827 792 1973 831 Carum
2005 793 2220 833 Diaconum
2264 806 2301 845 p.
2346 793 2434 833 379.

1486 853 1548 892 Ad
1573 854 1748 892 amicum
1794 853 1990 905 quendam
2031 853 2315 907 Presbyterum
2348 861 2436 907 post

1485 916 1691 966 Synodum
1721 917 1765 955 A.
1799 917 1887 955 445.
1918 917 2228 967 Diospolitanam
2258 930 2294 969 p.
2320 918 2410 958 379.

1538 978 1700 1018 Librum
1731 977 1778 1016 (le
1807 976 1984 1017 moribus
2015 976 2286 1028 elericorum,
2317 991 2434 1031 quem

1484 1040 1626 1079 Baleus
1654 1040 1818 1079 Centur.
1849 1041 1877 1079 Ι.
1912 1052 1999 1091 cap.
2042 1041 2104 1080 38.
2149 1042 2252 1080 inter
2295 1042 2437 1092 Pelagii

1484 1103 1628 1153 scripta
1660 1103 1805 1150 refert,
1837 1114 1953 1141 nemo
1979 1107 2160 1142 veterum
2189 1105 2434 1153 memoravit,

1484 1175 1600 1202 nemo
1633 1167 1840 1216 usurpavit
1869 1165 2012 1204 oculis.

1537 1228 1744 1266 Historiam
1778 1232 1957 1267 motuum
1988 1239 2088 1278 quos
2112 1228 2316 1279 Pelagiana
2346 1227 2437 1267 hae—

1483 1291 1581 1329 resis
1613 1291 1648 1328 in
1671 1290 1849 1329 Ecclesia
1889 1291 2132 1337 concitavit,
2155 1295 2312 1341 praeter
2355 1290 2436 1328 An-

1485 1352 1631 1391 nalium
1664 1353 1913 1403 Scriptores,
1955 1352 2141 1392 traditam
2186 1352 2379 1392 babemus
2413 1354 2435 1390 a

1482 1414 1578 1452 viris
1621 1414 1927 1463 eruditissimis,
1955 1414 2039 1452 Jac.
2068 1413 2224 1453 Usserio
2268 1415 2306 1452 in
2350 1415 2436 1453 Bri-

1484 1477 1730 1515 tannicarum
1777 1477 2046 1516 Ecclesiarum
2103 1476 2431 1527 antiquitatibus:

1487 1537 1666 1575 Gerardo
1689 1539 1838 1577 Joanue
1871 1537 2027 1587 Vosne,
2059 1542 2086 1577 t.
2116 1539 2163 1578 Vl
2193 1538 2290 1590 Opp.
2332 1539 2434 1578 Hen-

1482 1600 1565 1639 rico
1605 1600 1763 1639 Norisio
1802 1606 1895 1639 tom.
1927 1603 1941 1640 4
1978 1601 2076 1651 Opp.
2108 1605 2148 1639 et
2178 1602 2216 1639 in
2241 1600 2435 1651 addendis

1482 1662 1824 1713 emendandisque
1854 1668 1880 1700 t.
1911 1663 1961 1700 IV
1984 1674 2020 1712 p.
2044 1662 2134 1718 733.
2156 1674 2236 1714 seq.
2263 1663 2308 1701 Jo
2334 1662 2435 1701 Gar-

1474 1724 1583 1763 nerio
1609 1730 1624 1763 t
1660 1727 1673 1764 4
1707 1725 1755 1764 ad
1787 1726 1948 1764 Marium
1979 1726 2262 1773 Mercatorem,
2290 1724 2434 1778 Diony—

1481 1787 1538 1826 sio
1567 1786 1729 1825 Petavio
1754 1789 1790 1824 in
1816 1787 1949 1826 Theol.
1975 1786 2206 1838 dogmatum
2227 1791 2332 1826 tomo
2356 1792 2436 1826 ter-

1485 1851 1563 1897 tio,
1595 1854 1635 1887 et
1667 1849 1763 1887 libro
1793 1850 1898 1888 Xlll.
1927 1849 1975 1888 de
2002 1851 2298 1888 incarnatione:
2327 1847 2436 1888 Tille-

1482 1911 1624 1951 montio
1669 1916 1693 1949 t.
1741 1912 1845 1950 Xlll.
1890 1913 2111 1950 memoriar.
2154 1913 2251 1951 Hist.
2281 1911 2434 1951 Eccles.

1482 1973 1621 2013 Natali
1634 1972 1751 2012 Aleae.
1772 1974 1856 2012 Sec.
1880 1975 1920 2011 V.
1943 1972 2204 2013 Benedictinis
2223 1973 2271 2013 ad
2293 1974 2334 2014 S.
2356 1974 2436 2013 Au-

1480 2038 1628 2088 gustini
1647 2036 1820 2086 Operum
1841 2042 1991 2075 tomum
2009 2035 2225 2084 decimum,
2255 2040 2295 2074 et
2322 2033 2436 2075 Chri-

1478 2098 1606 2137 stiano
1633 2099 1735 2150 Lupo
1760 2098 1806 2136 de
1831 2099 2008 2149 antiquis
2034 2098 2236 2137 Ecclesiae
2261 2110 2306 2138 ac
2327 2100 2434 2150 Reip.

1481 2173 1517 2199 in
1551 2161 1797 2210 Pelagianam
1823 2161 2001 2199 haeresin
2023 2161 2220 2208 decretis,
2244 2161 2344 2212 Opp.
2370 2171 2437 2212 po-

1479 2228 1602 2262 stum.
1633 2234 1668 2272 p.
1702 2223 1788 2261 403.
1820 2233 1904 2272 seq.
1936 2221 2109 2262 Bruxell.
2144 2221 2258 2260 4690.
2291 2222 2325 2260 4.
2356 2226 2433 2261 etc.

1533 2285 1807 2333 PELAGIUS,
1841 2284 2042 2324 ovetensis
2071 2285 2108 2322 in
2127 2283 2315 2335 Hispania
2344 2285 2436 2335 Epi-

1479 2359 1623 2398 scopus
1653 2348 1720 2397 qui
1751 2346 1796 2385 A.
1823 2348 1936 2386 4445.
1964 2347 2138 2386 Concilio
2165 2346 2354 2385 Ovetensi
2378 2348 2435 2385 in-

1480 2411 1640 2455 terfuit,
1673 2413 1878 2459 superstes
1899 2408 2028 2447 adbuc
2053 2408 2099 2448 A.
2126 2408 2241 2448 4424.
2266 2410 2434 2459 scriptor

1479 2473 1566 2509 sive
1597 2469 1850 2509 continuatur
1876 2469 2063 2510 chronici
2088 2469 2192 2521 quod
2225 2475 2314 2522 post
2344 2470 2434 2511 lda-

1481 2533 1595 2582 tium,
1627 2532 1806 2572 Isidorus
1837 2534 2047 2580 Pacensis,
2069 2531 2329 2573 Sebastianus
2350 2533 2434 2573 Sal-

1481 2597 1741 2635 manticensis
1762 2599 1802 2632 et
1823 2594 2034 2646 Sampirus
2055 2594 2329 2634 Asturicensis
2347 2606 2434 2646 pro-

1480 2658 1678 2697 duxerant
1702 2668 1830 2707 usque
1861 2656 1908 2696 ad
1938 2658 2181 2696 Ranimirum
2204 2657 2268 2696 111.
2292 2656 2433 2696 defun-

1479 2727 1587 2759 ctum
1618 2719 1662 2758 Λ.
1695 2720 1785 2758 982.
1816 2719 1996 2770 Pelagius
2025 2718 2185 2769 quidem
2230 2720 2431 2769 pertexuit

1480 2795 1608 2834 usque
1638 2782 1684 2821 ad
1716 2781 1965 2832 Alphonsum
1997 2782 2058 2820 Vl.
2088 2782 2155 2831 qui
2186 2781 2355 2832 praefuit
2382 2782 2431 2821 ab

1476 2848 1523 2884 A.
1553 2845 1669 2884 4072.
1699 2843 1745 2882 ad
1779 2844 1896 2882 4409.
1928 2843 2021 2882 Vide
2051 2844 2132 2882 Nic.
2160 2843 2375 2884 Antonium
2403 2850 2429 2883 t.

1476 2908 1499 2946 2
1531 2907 1626 2946 Bibl.
1658 2911 1739 2944 vet.
1769 2907 1964 2956 Hispanae
1995 2905 2060 2944 lib.
2093 2906 2172 2946 VH.
2201 2917 2235 2945 c.
2267 2907 2302 2946 3.
2340 2918 2428 2958 pag.

1477 2969 1512 3006 8.
1544 2979 1627 3017 seq.
1658 2967 1843 3018 Vulgavit
1865 2967 2103 3006 Prudentius
2126 2967 2427 3017 Sandovallius,

1478 3030 1736 3080 l’ampelonae
1781 3030 1894 3069 4645.
1934 3031 2048 3069 4634.
2093 3031 2156 3070 fol.
2201 3030 2425 3073 Editionem

1478 3103 1596 3141 quam
1621 3093 1802 3142 promisit
1821 3092 2023 3131 eruditiss.
2045 3093 2255 3144 Aguirrius
2273 3104 2308 3143 p.
2335 3091 2424 3133 363.

1477 3155 1586 3192 notit.
1619 3154 1824 3193 Concilior.
1849 3155 2084 3206 Hispaniae,
2113 3155 2244 3195 adhuc
2271 3153 2425 3194 deside-

1477 3228 1621 3265 ramus,
1647 3218 1750 3256 sicut
1773 3218 1891 3257 etiam
1919 3217 2061 3257 librum
2084 3218 2222 3270 Pelagii
2245 3215 2423 3268 deprae-

1475 3279 1600 3330 cipuis
1632 3279 1846 3332 Hispaniae
1881 3277 2076 3328 urbibus,
2117 3279 2165 3319 de
2207 3289 2286 3329 quo
2333 3278 2420 3318 vide

1478 3344 1554 3381 Nic.
1581 3343 1796 3381 Antonium
1829 3349 1853 3380 t.
1885 3344 1908 3383 2
1939 3354 1973 3392 p.
2006 3343 2067 3381 40.
