2533 4009
474 247 552 286 242

466 323 511 354 ut
541 316 586 352 de
619 311 768 351 Divinis
786 306 928 346 litteris
948 310 1096 343 taceam
1114 334 1122 350 ,
1148 315 1248 353 quas
1272 306 1429 342 utrum-

466 388 540 428 que
576 372 855 412 Testamentum
888 364 1111 402 nie-moriter
1139 362 1368 410 retinendo,
1389 364 1431 400 in

465 439 651 487 promptu
681 439 831 478 semper
861 425 1010 464 habetis
1028 425 1118 475 quis
1146 435 1323 474 unquam
1340 422 1430 461 Pla-

467 503 502 535 to
522 493 718 534 subtilius.
738 489 826 539 quis
846 486 1078 525 .›lristoteles
1098 486 1429 535 (ινῃιιηιεηίοεὶιιε,

466 558 554 608 quis
587 554 726 592 Cicero
765 548 984 600 pulchrius
1012 555 1082 585 aut
1113 546 1316 597 copiosius
1359 544 1432 583 ali-

465 615 621 668 qnando
650 613 865 664 quicquain
895 607 1118 648 disseruit?
1148 608 1246 657 Quis
1289 608 1432 645 Gram—

469 677 642 715 maticus
671 672 906 712 instructior
926 697 939 718 ,
970 672 1059 722 quis
1089 670 1328 709 Rhetoricus
1370 680 1433 706 or-

469 736 601 775 natior
623 765 633 781 ,
665 737 755 785 quis
788 732 1027 770 Dialecticus
1047 730 1214 783 fortior,
1236 731 1326 782 quis
1341 730 1426 769 Ari-

467 798 676 836 tlinieticus
706 794 957 833 numerosior
982 823 990 838 ,
1033 794 1121 844 quis
1167 791 1434 843 Geometricus

465 857 723 909 rnguIari'or,
768 857 856 907 quis
894 855 1078 894 Musicus
1117 852 1428 898 cantilenosior,

465 922 568 971 quis.
599 918 898 957 .1lstronornicus
940 915 1214 967 perspicacior
1258 913 1431 952 emticit?

468 980 546 1019 Sed
574 987 610 1019 et
640 979 677 1018 si
703 980 748 1016 de.
780 978 939 1016 Sanctis
971 976 1163 1015 Patribus
1193 975 1354 1027 aliquid
1374 974 1436 1013 di-

467 1055 554 1081 cere
577 1041 820 1088 audeamus,
846 1051 910 1077 ros
934 1037 985 1076 ab
1014 1049 1251 1089 unoquoque
1267 1041 1438 1088 quatuor

465 1104 678 1154 fluminum
699 1101 898 1140 l’aradisi.
909 1112 1010 1152 quac
1022 1104 1115 1150 post
1129 1101 1293 1139 Sanctos
1309 1098 1345 1136 E
1350 1109 1442 1135 ran-

468 1165 632 1215 qelistas
665 1167 785 1202 totuin
816 1161 951 1201 orbem
981 1162 1177 1212 irrsyant,
1214 1159 1374 1211 aliquid
1390 1170 1442 1197 si-

469 1226 555 1264 mile
572 1226 831 1276 reportastis:
850 1225 946 1276 quia
963 1235 1053 1262 cum
1072 1225 1313 1274 Hieronymo
1330 1221 1442 1260 celox

467 1300 556 1327 cum
585 1289 809 1337 Auyustino
835 1285 1060 1338 profusus,
1092 1296 1181 1323 cum
1224 1282 1445 1323 Ambrosio

463 1349 710 1402 profundus,
744 1360 833 1387 cuin
864 1348 1060 1398 G1·e90ri0
1084 1346 1220 1385 clarus
1242 1346 1440 1384 inceditis.

522 1415 697 1462 Operum
730 1411 919 1456 Mauritii,
958 1410 1173 1448 editionem
1220 1409 1440 1458 pleniorem

470 1473 870 1521 emendatioremque
910 1476 949 1509 et
982 1473 1086 1509 notis
1115 1472 1234 1508 etiam
1268 1469 1441 1507 illustra-

469 1541 553 1574 tam
587 1534 768 1583 ejusdem
789 1533 1052 1571 Bibliothecae
1071 1532 1344 1571 Cluniacensis
1363 1531 1440 1568 Cu-

475 1597 672 1635 ratoribus
701 1595 895 1633 debemus
913 1626 922 1642 ,
954 1595 1164 1643 repetitam
1192 1604 1228 1629 in
1256 1591 1437 1630 Biblioth.

476 1661 637 1696 Patrum
672 1656 792 1705 Lugd.
826 1661 921 1693 tom.
953 1657 1078 1694 XXII.
1111 1656 1146 1691 in
1193 1653 1340 1703 quibus
1386 1653 1440 1690 sa—

474 1720 620 1757 miliam
652 1719 805 1756 ducunt
835 1729 920 1767 pag.
952 1717 1043 1755 621.
1069 1710 1204 1767 (Lugd.
1225 1726 1312 1765 pag.
1332 1714 1435 1762 826.)

476 1780 756 1832 Epistolarum
774 1777 869 1816 libri
889 1779 947 1817 VI.
969 1778 1134 1827 (vulgati
1155 1776 1307 1827 pridem
1326 1777 1348 1814 a
1373 1777 1441 1813 Pe-

471 1849 531 1881 tro
563 1842 611 1879 de
644 1844 773 1879 Monte
805 1841 1027 1889 Martyrum
1062 1840 1181 1877 Paris.
1213 1839 1328 1877 1)22
1362 1837 1439 1884 fol.)

474 1904 699 1953 subjunctis
731 1915 817 1952 pag.
847 1904 936 1941 959.
969 1900 1105 1951 (Lugd.
1123 1912 1206 1950 pag.
1226 1898 1333 1942 967.)
1352 1900 1442 1949 Epi—

482 1967 594 2005 stolis
625 1971 711 2003 octo
744 1966 844 2002 Petri
878 1966 964 2002 sive
994 1962 1041 2001 ad
1075 1964 1233 2000 Petrum
1268 1972 1370 2011 quae
1401 1962 1439 1998 in

475 2029 608 2065 Veteri
638 2027 811 2064 editione
841 2025 1193 2063 desiderabantur.
1238 2022 1440 2072 Epistolas

476 2091 686 2128 historicas
711 2087 774 2125 Vl.
801 2099 848 2125 ex
877 2087 1050 2138 vulgatis
1075 2086 1294 2135 excerpsit,
1320 2087 1439 2133 atque

478 2154 516 2190 in
547 2150 808 2200 scriptoribus
827 2159 958 2186 rerum
980 2149 1218 2185 Francorum
1237 2145 1439 2183 recensuit

479 2214 714 2251 Franciscus
744 2209 797 2248 du
828 2210 986 2247 Chesne
1019 2213 1045 2245 t.
1078 2209 1125 2246 lv
1157 2219 1191 2257 p.
1224 2207 1412 2245 458-494.

537 2270 711 2324 Epistola
761 2269 814 2307 ad
856 2270 1023 2307 Petrum
1053 2267 1098 2306 de
1127 2271 1262 2306 sancto
1290 2268 1440 2305 Joanne

485 2339 622 2373 eontra
665 2343 729 2370 eos
773 2331 845 2382 qui
880 2329 1039 2368 dicunt:
1072 2331 1279 2368 Christum
1326 2342 1441 2368 nuin-

480 2408 599 2448 quam
630 2406 672 2433 se
705 2396 742 2432 in
784 2393 1000 2443 Evangelio
1043 2397 1179 2442 aperte
1218 2393 1354 2430 DEum
1385 2390 1440 2428 di-

483 2460 617 2501 xisse,
648 2467 734 2506 pag.
767 2455 857 2492 966.
890 2453 1027 2504 (lugd.
1056 2464 1141 2502 pag.
1175 2452 1277 2500 970.)

536 2519 746 2556 Tractatus
776 2515 973 2554 adversus
1017 2513 1263 2553 ludaeorum
1295 2513 1440 2552 invete-

480 2584 613 2619 ratam
644 2578 858 2626 duritiem7
890 2589 925 2627 p.
952 2576 1042 2614 983.
1075 2576 1224 2627 (Lugd.
1254 2587 1292 2626 p.
1322 2574 1439 2622 977.)

480 2654 529 2680 ex
561 2641 656 2679 edit.
681 2638 899 2690 Ingolstad.
925 2638 1039 2677 1516.

526 2701 707 2754 Epistola
736 2700 791 2739 aa
832 2701 870 2740 S.
921 2698 1199 2747 Bernardum,
1243 2697 1440 2737 Abbatem

476 2762 861 2810 Claraevallensem,
891 2761 940 2800 de
965 2762 1227 2799 translatione
1254 2771 1344 2810 sua,
1363 2772 1442 2811 qua

476 2828 571 2865 fecit
602 2825 814 2864 transferri
843 2835 893 2861 ex
924 2823 1092 2861 Arabico
1122 2823 1160 2860 in
1193 2824 1378 2861 Latinum
1408 2822 1442 2873 a)

477 2893 629 2926 sectam
663 2888 749 2924 sive
780 2885 977 2923 haeresim
1010 2884 1298 2923 Saracenorum
1330 2884 1444 2922 Anno

482 2950 598 2987 1113,
631 2958 722 2986 cum
753 2945 956 2985 summula
988 2944 1099 2983 brevi
1137 2951 1274 2984 contra
1310 2945 1447 2983 haere-

483 3021 548 3048 ses
578 3015 618 3047 et
643 3014 793 3047 sectam
827 3007 1045 3045 diabolicae
1091 3005 1241 3045 fraudis
1287 3007 1447 3044 Sarace-

484 3082 622 3109 norum
647 3100 654 3116 ,
686 3071 771 3108 sive
797 3068 1090 3107 lsrna’dlitarum
1110 3071 1210 3115 ,etc.
1228 3079 1313 3116 pag.
1333 3067 1447 3106 1109.

484 3131 622 3180 (Lnga
658 3143 746 3181 pag.
776 3130 1017 3177 4030.)cum
1036 3127 1452 3167 ROBERTlRetinen-

472 3191 527 3228 sis
563 3193 814 3239 pras-titione
850 3193 886 3227 in
923 3190 1069 3229 librum
1115 3191 1299 3229 Alcorani
1343 3191 1363 3227 a
1409 3201 1451 3227 se.

531 3329 561 3347 a
587 3319 702 3350 Confer
726 3320 869 3352 Alberici
894 3322 1021 3353 Chron.
1051 3331 1129 3361 pag.
1153 3321 1229 3353 501.

1319 231 1615 271 PETRUS

1504 301 1743 344 translatum
1775 312 1861 351 pag.
1892 302 2008 341 1116.
2038 300 2173 351 (Lugd.
2200 300 2314 339 1033.
2349 299 2461 339 Adde

1503 363 1560 400 sis
1589 372 1691 411 quae
1721 363 1854 399 notavi
1887 364 1923 400 in
1954 363 2110 401 delectu
2132 365 2460 411 argumentorum
2499 364 2511 373 '

1508 434 1577 473 pro
1604 423 1772 460 veritate
1790 423 1895 462 Fidei
1914 435 2000 474 pag.
2017 424 2106 463 261.
2121 434 2203 472 seq.
2223 427 2344 472 atque
2361 423 2462 461 infra

1508 485 1544 521 in
1577 482 1828 522 ROBERTO.

1560 543 1740 594 Epistola
1763 573 1771 592 ,
1800 545 1905 592 sive,
1940 544 2148 584 Tractatus
2172 544 2369 584 adversus
2393 545 2465 583 Pe-

1509 605 1786 645 trobrusianos
1815 604 2031 644 haereticos
2047 635 2056 656 ,
2085 618 2171 657 pag.
2189 607 2303 646 1118·
2319 605 2464 656 (Lugd.

1509 679 1596 719 pag.
1629 667 1758 714 1033.)
1787 678 1837 706 ex
1875 666 2047 705 editionr
2090 668 2302 718 Ingolstad.
2348 666 2463 707 ⁴546.

1511 730 1545 767 li.
1578 740 1698 779 quam
1729 739 1819 768 cum
1852 728 1879 766 S
1912 727 2102 766 Bernardi
2119 728 2358 778 quibusdam
2377 729 2468 767 Ser-

1512 790 1698 829 monibus
1728 795 1768 828 et
1793 789 1983 840 Epistolis
1997 794 2208 829 curaverat
2223 792 2280 829 Jo.
2298 790 2468 830 Hofmei-

1511 857 1659 890 sterus.

1564 913 1619 950 De
1649 912 1999 964 transfiquratione
2027 911 2078 950 D.
2113 912 2162 951 N.
2190 913 2227 951 J.
2257 913 2300 953 C.
2324 923 2468 960 sermo,

1512 985 1600 1024 pag.
1634 973 1750 1012 1231.
1789 972 1926 1022 (Lugd.
1955 984 2041 1023 pag.
2074 971 2202 1022 1080.)
2231 977 2273 1012 et
2302 974 2340 1012 in
2369 973 2467 1013 Bibl-

1513 1037 1814 1076 Concionatoria
1840 1035 2084 1075 Combefisii.
2106 1037 2228 1086 Incip.
2246 1034 2391 1085 Hodie,
2411 1035 2471 1074 di-
2528 1044 2529 1062 l

1515 1098 1728 1146 lectissimi,
1754 1097 1868 1138 solito
1887 1097 2065 1138 serenior
2093 1096 2206 1138 nobis
2222 1097 2303 1137 dies
2318 1097 2471 1137 illuoeit.

1572 1159 1632 1198 De
1661 1159 1873 1199 miraculis
1902 1159 1969 1198 sui
1995 1159 2208 1211 temporis,
2237 1158 2335 1198 libri
2369 1159 2472 1207 duo,

1516 1234 1552 1273 p.
1575 1221 1693 1262 4247.
1725 1221 1861 1272 (Lugd.
1893 1232 1980 1272 pag.
2012 1220 2141 1270 1087.)
2172 1222 2333 1272 saepius
2348 1223 2467 1260 etiam
2506 1261 2509 1266 ,

1516 1294 1697 1322 seorsum
1728 1283 1894 1330 excusi,
1925 1287 1967 1321 ut
1996 1283 2117 1321 Duaci
2150 1283 2264 1322 1595.
2297 1283 2359 1322 12.

1569 1344 1755 1397 Rlzythmi
1774 1375 1784 1392 ,
1814 1343 1975 1391 Prosa,
2010 1345 2153 1383 Versus
2181 1347 2217 1382 et
2243 1343 2416 1395 Hymni,
2437 1355 2473 1394 p.

1518 1408 1633 1446 1338.
1666 1407 1801 1457 (Lugd.
1834 1417 1921 1457 pag.
1956 1406 2145 1455 1125.)Ιη
2168 1405 2230 1444 his
2247 1406 2373 1456 primo
2390 1405 2475 1444 loco

1516 1471 1689 1507 occurrit
1718 1470 1891 1508 Carmen
1922 1467 2151 1518 Elegiacum
2181 1470 2321 1505 contra
2354 1465 2477 1507 Calu-

1513 1536 1730 1569 mniatores
1757 1529 1982 1568 carminum
2012 1529 2155 1568 PETRI
2185 1527 2471 1577 Pictaviensis,

1515 1593 1552 1629 in
1585 1603 1663 1642 quo
1695 1592 1831 1641 plures
1863 1590 2002 1630 laudat
2033 1591 2070 1628 In
2114 1591 2293 1629 Ecclesia
2339 1591 2478 1629 Latina

1514 1655 1672 1703 seriptis
1702 1657 1741 1691 et
1771 1652 2020 1701 poematibus
2051 1651 2234 1702 inclytos.
2253 1651 2300 1690 In
2316 1650 2473 1690 laudem

1513 1713 1736 1752 Salvator-is
1766 1714 1994 1763 Rhythmus
2023 1713 2230 1764 Incipit:A
2252 1714 2371 1752 Patre
2389 1712 2478 1752 mit-

1515 1776 1642 1824 titur,
1671 1776 1712 1813 in
1741 1776 1863 1814 terris
1888 1776 2070 1815 nascitur
2089 1775 2210 1813 DEus
2239 1773 2286 1813 de
2321 1774 2477 1826 Virqine

1517 1839 1705 1876 Humana
1731 1837 1917 1889 patitur,
1949 1837 2059 1876 docet
2085 1840 2123 1876 et
2149 1837 2323 1875 moritur
2352 1835 2477 1876 libens

1514 1911 1591 1950 pro
1622 1898 1789 1947 homine,
1830 1900 1958 1938 Habes
2003 1899 2067 1938 hic
2107 1899 2227 1937 etiam
2276 1898 2474 1948 hymnum

1520 1967 1735 2011 utrumque
1766 1961 1812 2000 ole
1841 1962 1882 2001 S.
1914 1960 2116 2000 Benedicta
2146 1963 2184 1999 et
2212 1959 2259 1999 de
2299 1957 2478 1999 transla-

1517 2023 1618 2061 tione
1650 2023 1689 2062 S.
1720 2022 1930 2061 Benedicti
1956 2034 2078 2073 quem
2124 2022 2316 2061 exhibent
2357 2022 2478 2060 etiam

1517 2084 1722 2123 Arnoldus
1753 2084 1870 2122 Wion
1903 2089 1998 2122 torn.
2029 2084 2121 2135 ligni
2143 2085 2254 2123 Vitae
2278 2094 2365 2134 pag.
2385 2082 2473 2122 102.

1515 2151 1555 2184 et
1584 2148 1759 2184 loannes
1793 2147 1815 2184 a
1844 2147 2016 2184 Boscoin
2033 2145 2216 2184 Biblioth.
2235 2144 2476 2184 Floriacensi

1515 2218 1602 2257 pag.
1634 2207 1722 2246 376.
1756 2218 1828 2246 nec
1858 2219 1935 2245 non
1966 2206 2082 2246 Petri
2097 2205 2320 2245 Abaelardi
2341 2205 2478 2256 Epita-

1514 2268 1653 2320 phium
1682 2268 1788 2318 quod
1827 2270 1987 2318 incipit:
2035 2267 2239 2306 Gallorum
2277 2268 2478 2306 Socrates.

1514 2331 1609 2369 Nam
1641 2331 1837 2378 alterum,
1869 2329 1987 2381 eujus
2030 2331 2213 2368 initium:
2253 2330 2397 2368 Petrus
2436 2329 2478 2365 in

1515 2391 1587 2430 liae
1615 2394 1740 2442 petra
1772 2391 1928 2438 latitat,
1954 2393 1992 2429 in
2016 2391 2199 2430 Biblioth.
2223 2391 2477 2432 Cluniacensi

1517 2457 1557 2492 et
1583 2453 1766 2492 Biblioth.
1798 2455 1957 2492 Patrum
1990 2451 2113 2503 Lugd.
2131 2463 2207 2490 non
2227 2452 2392 2503 reperio,
2411 2451 2480 2490 ha-

1515 2515 1581 2553 bet
1606 2526 1700 2553 vero
1725 2515 1950 2554 Ludovicus
1969 2514 2140 2554 lacobus
2156 2513 2204 2552 de
2221 2512 2480 2564 scriptoribus

1517 2577 1848 2616 Cabilonensibus
1881 2588 1916 2626 p.
1947 2576 2037 2616 112.

1564 2639 1726 2677 Statuta
1750 2636 2079 2688 Conyreyationis
2096 2635 2370 2676 Cluniacensis
2386 2646 2478 2674 cum

1521 2700 1808 2750 diplomatibus
1837 2703 1877 2737 et
1906 2699 2058 2737 chartis
2086 2696 2262 2736 LXXVI.
2300 2701 2341 2736 et
2370 2707 2482 2747 prae-

1519 2763 1666 2801 fatione
1697 2760 1997 2799 satisfactionali
2029 2759 2114 2798 sive
2142 2759 2385 2809 apologetica
2405 2763 2480 2796 etc.

1517 2836 1552 2874 p.
1586 2823 1701 2862 ⁴354.
1735 2821 1877 2871 (Lugd.
1909 2833 1944 2870 p.
1973 2821 2105 2869 1132.)

1576 2884 1708 2921 Totam
1738 2883 1865 2933 ipsam
1893 2881 2091 2920 Alcorani
2116 2880 2416 2932 translationem
2441 2881 2496 2930 b)·

1521 2946 1651 2994 inquit
1675 2944 1831 2983 Andros
1862 2943 1914 2983 du
1946 2943 2103 2983 Chesne
2135 2954 2221 2994 pag.
2259 2943 2375 2982 1118.
2421 2941 2482 2981 hic

1520 3009 1732 3044 attenoeere
1756 3034 1763 3051 ,
1794 3003 2051 3056 superfluum.
2086 3002 2320 3055 Confutavit
2340 3015 2427 3042 eam
2446 3007 2484 3042 et

1522 3066 1603 3118 ipse
1645 3067 1787 3104 Petrus
1837 3064 2079 3105 Venerabilis
2121 3063 2238 3104 libris
2282 3065 2482 3117 quinque,

1523 3138 1618 3177 quos
1651 3127 1749 3178 quia
1766 3126 1932 3166 necdum
1950 3156 1958 3175 ‚
1984 3126 2071 3166 licet
2088 3126 2294 3178 dili9enter
2310 3125 2484 3178 quaesiti
2497 3163 2500 3166 ⁴

1524 3188 1700 3238 reperiri
1723 3192 1963 3239 potuerunt,
1998 3190 2133 3227 Lector
2163 3186 2222 3225 hic
2241 3186 2358 3226 etiam
2384 3187 2484 3227 desi-

1580 3320 1614 3358 b)
1639 3323 1683 3351 De
1708 3320 1768 3352 hac
1793 3320 1879 3351 infra
1905 3322 1938 3351 in
1962 3320 2145 3351 ROBERTO
2167 3319 2364 3352 stetinensi.
