2517 4009
797 233 839 274 P.
888 232 1118 274 LAETI
1166 231 1497 274 ELOGIUM

138 314 320 355 campos,
363 303 469 352 fora,
520 306 680 355 pontes,
725 303 924 351 thermaS,
964 302 1103 353 janos,

142 371 304 417 atquas‚
339 365 536 417 capitolia,
568 365 878 416 amphitheatra,
907 365 1099 413 colossos,

141 429 374 476 columnas,
407 427 590 472 macella,
623 428 798 477 theatra,
824 429 958 475 ludos,
984 440 1100 479 nym-

140 491 259 542 phea,
291 502 416 542 equos
447 502 608 540 aeneos,
653 492 875 540 eburneos,
921 491 1097 539 tabulas,

138 553 275 603 signa,
306 564 441 600 arcus,
474 552 698 603 lupanaria,
721 554 906 602 latrinas,
930 553 1094 602 vexilla,

135 620 282 661 castra,
314 614 518 662 cohortes,
549 627 680 664 sacra,
711 616 911 667 prophana
945 617 1093 663 omnia,

136 682 216 717 tam
248 680 372 729 perite
401 690 520 729 quain
553 680 729 730 proprios
759 679 902 730 digitos
948 678 1096 729 percal-

135 740 210 780 luit
237 739 621 792 discriminat-itque.
658 741 939 792 Deprehensus
975 750 1095 790 saepe

134 802 237 841 intra
279 803 436 841 cineres
464 808 504 842 et
534 803 649 842 busta
698 802 892 853 majorum
942 813 1094 853 vagans

136 865 361 905 functorum
379 867 544 916 spiritus
568 870 630 904 est
649 865 840 904 creditus.
865 865 964 904 Erat
986 865 1092 903 enim

134 928 383 979 proceritatis
414 928 513 966 infra
547 927 809 978 mediocrenu
850 928 1094 967 habitudinis

133 1001 210 1028 non
241 990 374 1037 laxae,
404 989 474 1028 sed
514 1002 638 1041 genae
682 991 950 1041 spatiosioris‚
983 995 1024 1029 et
1054 990 1097 1028 li-

133 1058 345 1092 neamento
389 1053 539 1104 reliquo
582 1052 718 1092 vultus
752 1064 827 1091 non
871 1057 1006 1091 tamen
1047 1051 1096 1090 ad

137 1113 431 1154 deformitatem
477 1116 684 1165 oblongae3
737 1115 837 1154 dens
882 1126 1012 1164 rarus,
1058 1119 1098 1152 et

140 1177 298 1227 scaber,
329 1178 525 1217 balbutire
557 1180 670 1217 visus
705 1190 797 1217 cum
843 1177 1097 1228 expeditissi-

137 1250 224 1278 mae
257 1239 416 1291 linguae
448 1245 583 1288 esset,
613 1240 777 1279 haerere
821 1251 992 1290 namque
1035 1251 1102 1290 pa-

135 1298 213 1337 lato
243 1299 396 1350 lingua,
426 1304 466 1338 et
496 1301 574 1337 oris
595 1310 822 1338 convexum
845 1299 1099 1348 subquatere.

134 1360 187 1401 At
217 1361 291 1400 hoc
321 1361 384 1399 vis
414 1361 560 1412 ingenii
586 1365 626 1400 et
656 1365 912 1412 contemptus
937 1361 1099 1411 quidam

136 1424 175 1462 in
206 1434 325 1463 usum
368 1425 562 1474 trajectus
605 1423 800 1474 pariebat3
848 1423 959 1469 Quod
1006 1423 1100 1461 mihi

138 1485 280 1524 indicio
310 1489 417 1535 erat3
450 1497 540 1524 nam
590 1486 652 1524 ubi
700 1485 959 1536 profitebatur
1003 1483 1101 1522 nihil

138 1549 368 1587 sonantius.
396 1547 492 1586 nihil
520 1548 725 1595 mobilius,
752 1548 847 1586 nihil
867 1548 1101 1586 concinnius

133 1611 266 1662 lingua
299 1610 403 1649 illius
432 1609 558 1648 audiri
586 1621 701 1661 posse
723 1609 960 1659 judicasses.
988 1609 1100 1648 Unde

147 1679 187 1713 et
216 1674 364 1713 fortuiti
390 1674 453 1711 isti
479 1673 780 1723 compellatores
801 1676 841 1710 et
864 1671 1101 1711 allocutores

136 1735 346 1775 adventitii
384 1737 588 1786 stupuisse
633 1737 708 1773 visi
753 1740 868 1784 sunt,
912 1735 1014 1786 quod
1061 1737 1096 1773 in

130 1798 416 1850 congressibus
444 1810 535 1837 cum
568 1799 758 1837 refertum
792 1798 903 1837 illum
929 1799 1091 1849 quidem

131 1861 168 1899 in
199 1862 305 1899 omni
335 1861 607 1900 doctrinarum
640 1872 786 1912 genere
812 1862 1026 1908 sentirent,
1053 1861 1091 1899 in

131 1922 318 1961 cathedra
349 1927 388 1961 et
416 1934 486 1974 pro
515 1923 611 1962 sella
643 1923 680 1960 in
724 1924 933 1973 gymnasio
976 1923 1093 1973 profi-

131 1984 251 2023 tendo
268 1985 392 2024 multo
414 1986 511 2024 Divo
533 1986 687 2036 propior
708 1997 828 2035 quam
852 1984 1004 2022 mortali
1025 1984 1092 2021 ho-

131 2047 245 2094 mini,
270 2051 350 2086 tam
376 2047 579 2087 cumulata
617 2053 821 2098 poetarum
847 2051 886 2086 et
912 2046 1092 2085 historia-

129 2120 218 2148 rum
244 2110 572 2161 interpretatione
597 2109 822 2149 haberetur.
856 2109 1027 2160 Legebat
1051 2110 1088 2147 in

129 2170 333 2210 Gallicinio
358 2183 543 2224 semper3
572 2184 649 2211 non
677 2173 845 2222 imbres,
863 2184 939 2211 non
954 2172 1092 2211 desae-

128 2236 245 2273 viens
269 2235 413 2287 frigus,
439 2248 516 2275 non
542 2237 729 2274 immanis
756 2236 833 2275 ulla
874 2241 1092 2287 tempestas

131 2296 334 2336 hominem
351 2298 578 2343 coercebat,
604 2299 819 2350 quominus
836 2300 1091 2349 praeeipitem

132 2370 176 2399 se
199 2371 249 2400 ex
287 2360 350 2399 illo
383 2361 575 2407 Quirinali
611 2361 706 2411 jugo
742 2361 789 2400 ad
827 2361 1091 2411 Gymnasium

135 2422 269 2472 daret,·
294 2428 332 2462 et
359 2423 527 2462 ruebant
553 2424 739 2473 agminati
763 2423 824 2461 illa
852 2423 914 2461 vel
937 2423 1028 2462 hora
1044 2422 1092 2461 ad

137 2485 247 2524 illum
273 2485 497 2533 auditores,
524 2489 721 2536 quantum
748 2484 881 2523 schola
917 2485 999 2535 ipsa
1027 2486 1093 2523 vix

130 2552 286 2599 poterat
308 2549 410 2598 capi.
436 2546 642 2586 Interdum
677 2558 745 2597 pro
783 2548 882 2584 ostio
918 2547 991 2585 sub
1030 2546 1093 2585 dio

131 2609 405 2661 longissimam
425 2610 535 2648 velut
555 2608 744 2658 caudam,
767 2621 869 2660 quae
891 2609 1092 2648 testudine

134 2673 254 2724 recipi
281 2673 489 2724 nequiret,
510 2672 717 2712 ducerent.
736 2672 845 2717 Quae
864 2672 1010 2721 legeret
1032 2672 1093 2710 ille

133 2735 258 2775 semel
283 2735 488 2775 volumina
513 2734 844 2773 emendatissima
871 2735 906 2771 in
933 2745 1093 2774 omnem

132 2798 285 2838 Italiam
311 2798 485 2837 exibant.
504 2799 601 2837 Nam
621 2795 864 2846 corrigendi,
887 2801 925 2833 et
943 2797 1096 2846 erigen-

134 2860 173 2900 di
197 2861 360 2900 latinam
389 2861 562 2911 linguam
590 2858 794 2897 studiosus
819 2857 916 2896 adeo
938 2858 1030 2906 fuit,
1053 2863 1095 2897 ut

134 2934 212 2962 non
237 2934 361 2963 unum
389 2924 452 2962 ille
479 2922 666 2961 volumen
693 2920 964 2970 profiteretur,
989 2920 1094 2970 quod

135 2986 239 3025 idem
266 2998 386 3026 manu
411 2997 481 3025 sua
502 2996 578 3024 non
597 2983 844 3022 transferret.
865 2983 1096 3033 Composuit

139 3049 286 3098 multa;
312 3053 352 3088 et
375 3047 498 3087 edidit
523 3047 598 3086 sub
623 3057 694 3084 suo
722 3046 878 3083 nomine
913 3051 993 3083 tam
1030 3045 1096 3083 lio-

137 3113 244 3150 noris
269 3123 388 3162 quam
416 3111 559 3150 laboris
585 3111 644 3148 sui
667 3109 827 3158 largitor
851 3109 969 3146 etiam
990 3109 1096 3145 miri-

137 3173 237 3213 ficus
262 3175 516 3224 paucissima:
542 3178 583 3212 et
603 3173 843 3221 colliguntur
871 3171 975 3208 nulla
1017 3182 1094 3208 non

137 3236 433 3287 elegantissima
468 3238 573 3275 illius
613 3235 815 3273 volumina
853 3245 954 3284 quae
992 3232 1095 3271 haud

138 3309 249 3338 mora
273 3299 412 3339 audies
435 3300 608 3339 evolare.
633 3299 883 3347 Quamquam
926 3295 1097 3334 delecta-

137 3360 254 3401 batur
279 3363 404 3413 magis
427 3361 570 3401 docere
591 3371 714 3411 quain
741 3359 934 3409 seribere,
959 3361 1001 3396 nt
1035 3368 1097 3397 es<

1177 306 1268 341 sent
1290 301 1542 352 Pomponiani
1569 300 1726 352 plurimi
1746 300 1950 353 discipuli,
1977 301 2014 339 in
2040 313 2139 354 quo-

1177 376 1264 403 rum
1291 363 1525 403 excellentia
1554 368 1738 402 cerneret
1763 375 1905 402 nomen
1926 375 2043 403 suum
2080 365 2138 403 in-

1173 426 1337 474 clarere,
1353 428 1454 465 sicut
1466 427 1663 473 Socrates,
1675 432 1714 465 et
1732 426 1927 465 factitavit
1939 425 2136 466 Christus:

1173 490 1238 538 qui
1263 499 1353 527 cum
1380 489 1450 538 ipsi
1477 487 1561 537 (sed
1595 488 1708 538 longe
1737 488 1850 527 aliter
1867 487 1945 535 bic,
1969 488 2138 527 etaliter

1172 550 1246 599 ille)
1277 550 1493 588 doctissimi
1532 551 1912 589 consummatissimi
1931 556 2079 597 essent,
2098 551 2136 588 in

1173 612 1381 663 discipulis
1405 618 1445 651 et
1472 613 1743 652 ministrorum
1763 612 1975 662 splendore
2003 613 2139 652 volue-

1172 679 1263 713 runt
1289 686 1433 713 nomen
1458 679 1498 713 et
1527 675 1671 714 famam
1696 687 1832 725 suam,
1856 675 1999 726 ingenii
2017 680 2056 714 et
2080 674 2137 714 di·

1172 738 1352 775 vinitatis
1378 736 1631 789 majestatem
1657 738 1829 777 elucere.
1854 737 1928 777 Sed
1953 742 2015 777 est
2041 737 2137 776 deli-

1173 800 1298 837 rantis
1324 799 1571 838 simillimum
1599 801 1784 850 persequi
1813 800 1885 838 ista
1903 799 1950 838 ad
1974 804 2032 846 te,
2057 810 2136 850 quo

1171 871 1263 901 cum
1290 866 1398 901 tanta
1435 862 1684 901 consuetudo
1719 863 1809 911 fuit,
1847 866 2039 913 tantaque
2082 861 2134 900 illi

1173 924 1454 973 familiaritate,
1481 929 1590 963 tanta
1612 924 1890 963 benevolentia
1926 923 2134 974 copulaba-

1173 998 1233 1035 re‚
1272 992 1312 1026 et
1352 999 1396 1026 ea
1435 987 1595 1038 quidem
1627 988 1831 1039 prosequi,
1856 998 1975 1037 quam
2018 998 2134 1025 nemo

1174 1061 1278 1089 unus
1305 1050 1420 1088 modo
1446 1052 1565 1089 etiam
1589 1050 1688 1089 forte
1714 1049 1844 1088 infans
1867 1053 1936 1087 aut
1973 1048 2134 1099 paulum

1173 1112 1310 1152 literas
1335 1113 1501 1152 edoctus
1529 1114 1641 1151 visus
1667 1117 1729 1150 est
1755 1113 1947 1163 ignorare.
1979 1111 2137 1162 Signifi-

1174 1185 1263 1214 care
1289 1176 1355 1214 tibi
1380 1175 1680 1214 acerbissimam
1704 1174 1890 1212 omnibus
1909 1173 2014 1212 illius
2034 1185 2137 1211 mor-

1175 1241 1255 1275 tem
1283 1237 1388 1276 volui
1416 1236 1706 1276 tantummodo.
1733 1236 1808 1274 Sed
1835 1238 1944 1274 vexit
1980 1246 2042 1274 me
2068 1246 2137 1286 per

1176 1299 1278 1338 hanc
1296 1300 1400 1338 vitae
1419 1311 1514 1338 suae
1536 1302 1721 1351 exiguam
1741 1299 2033 1345 recitationem,
2052 1301 2139 1335 tan-

1175 1373 1295 1412 quam
1314 1373 1383 1412 per
1408 1361 1704 1412 rapidissimum
1730 1366 1947 1400 torrentem
1972 1358 2136 1399 laudum

1176 1434 1338 1463 suarum
1363 1435 1477 1462 meus
1510 1426 1712 1463 maximus
1747 1423 1871 1462 dolor.
1895 1424 1946 1462 Et
1983 1426 2026 1461 tu
2059 1432 2135 1460 non

1176 1486 1356 1525 desivisti
1376 1498 1553 1537 unquam
1582 1487 1691 1525 illum
1715 1486 1761 1525 ad
1780 1490 1886 1525 astra
1906 1486 2017 1525 ferre.
2039 1484 2134 1525 Nolo

1177 1549 1245 1588 tibi
1293 1551 1560 1588 ostentatione
1596 1548 1769 1600 quadam
1822 1548 2036 1587 verborum
2077 1547 2140 1586 lu-

1175 1617 1285 1651 ctum
1303 1624 1435 1651 meum
1450 1612 1731 1663 gravissimum
1751 1622 1972 1650 recensere.
1987 1611 2134 1649 Verum

1175 1674 1316 1714 deesse
1338 1675 1433 1713 inibi
1452 1685 1611 1725 semper
1631 1673 1778 1724 aliquid
1803 1672 1990 1724 quiddam
2013 1677 2053 1711 et
2073 1684 2136 1711 ur-

1173 1748 1265 1787 gere
1282 1741 1321 1775 et
1337 1737 1552 1787 percellere.
1569 1747 1636 1774 cor
1655 1736 2003 1774 rideturanxietas
2016 1745 2136 1785 quae-

1172 1798 1261 1837 dam
1288 1799 1469 1837 sollicita.
1493 1798 1605 1845 Quod
1626 1828 1634 1842 ,
1658 1809 1749 1837 cum
1770 1797 1873 1836 unde
1890 1802 1953 1835 est
1972 1807 2130 1835 mecum

1168 1861 1389 1912 impensius
1404 1861 1585 1908 revolve,
1602 1863 1782 1912 protinus
1799 1860 1845 1899 ad
1867 1861 1976 1898 illum
1994 1859 2126 1897 omnis

1167 1924 1363 1974 percurrit
1388 1922 1623 1971 recordatio,
1664 1928 1704 1962 et
1744 1924 1779 1960 in
1819 1922 1924 1961 illius
1958 1931 2128 1960 occursu

1166 1984 1378 2035 largissimi
1392 1985 1594 2036 singultus
1608 1989 1839 2035 erumpunt.
1852 1985 2028 2022 Primum
2046 1984 2133 2033 qui-

1165 2047 1256 2086 dem
1275 2048 1322 2086 ob
1339 2048 1372 2086 id
1393 2047 1497 2098 quod
1519 2053 1680 2099 captum
1702 2047 1928 2086 mortalium
1947 2046 2128 2084 omnium

1167 2122 1454 2163 supergressus
1471 2116 1532 2149 est
1548 2111 1678 2150 Julius
1702 2111 1940 2161 Pomponius
1963 2110 2126 2158 LaetuS‚

1168 2173 1304 2221 faelix,
1331 2174 1584 2223 fortunatus3
1612 2173 1798 2222 subinde,
1822 2172 1925 2224 quod
1948 2183 2008 2210 me
2027 2182 2136 2210 ama-

1168 2241 1246 2286 ret,
1266 2248 1342 2274 non
1364 2241 1632 2288 postremum3
1655 2236 1724 2275 sed
1745 2236 1883 2274 iccirco
1900 2234 2135 2286 praesertim

1169 2299 1272 2349 quod
1297 2299 1360 2337 ille
1387 2299 1481 2338 milii
1509 2304 1601 2338 ante
1623 2303 1786 2349 ereptus
1810 2301 1889 2344 est,
1919 2307 2039 2347 quam
2071 2295 2135 2334 illo

1168 2372 1258 2400 cum
1287 2350 1430 2399 noctes¹
1459 2365 1498 2399 et
1536 2360 1641 2407 dies,
1668 2361 1772 2399 sicut
1808 2359 2043 2410 cupiebam,
2067 2357 2137 2396 ali-

1169 2423 1329 2474 quando
1355 2435 1423 2474 per
1446 2423 1654 2462 meliorem
1692 2422 1893 2461 fortunam
1936 2420 2133 2471 potuerim

1168 2485 1389 2526 traducere.
1411 2486 1493 2524 Non
1520 2484 1696 2535 improbo
1730 2484 1834 2522 illam
1874 2480 2133 2522 consuetudi-

1169 2559 1259 2586 nem
1287 2548 1564 2598 antiquorum,
1593 2552 1636 2586 ut
1657 2557 1748 2585 cum
1789 2545 1936 2584 functis
1971 2544 2132 2582 carissi-

1171 2622 1278 2650 mum
1306 2610 1492 2661 quodque
1522 2613 1808 2660 conjungeret,
1853 2618 1902 2645 ne
1936 2605 2132 2644 desiderio

1168 2674 1392 2713 tabesceret
1416 2678 1640 2725 superstes,
1681 2670 1785 2723 quod
1829 2669 2128 2720 optatissimum

1169 2738 1206 2774 in
1232 2738 1310 2774 vita
1337 2736 1556 2775 habuisset.
1588 2738 1712 2786 Roga,
1741 2735 1791 2773 mi
1818 2732 2049 2784 Antiquari‚
2076 2732 2132 2768 vi-

1170 2803 1250 2837 tam
1279 2798 1329 2837 illi
1355 2803 1560 2837 aeternam
1587 2797 1689 2848 apud
1717 2797 1822 2836 Coeli
1842 2795 1996 2834 fabrum
2017 2804 2134 2833 mun-

1169 2861 1289 2912 dique
1314 2872 1518 2900 summum
1552 2860 1745 2900 artificem
1785 2858 1831 2898 ad
1867 2869 1985 2909 quem
2023 2860 2132 2894 certo

1171 2925 1315 2962 Laetus
1341 2924 1403 2961 ille
1429 2924 1614 2962 evolavit.
1640 2924 1736 2962 Nam
1771 2923 1873 2959 inter
1911 2919 2132 2959 clarissima

1171 2987 1274 3023 vitae
1293 2985 1397 3024 illius
1421 2986 1583 3024 consilia
1607 2984 1698 3023 illud
1719 2984 1996 3035 perspicuum,
2024 2979 2128 3032 quod

1171 3057 1375 3085 summum
1399 3058 1558 3097 semper
1583 3048 1811 3085 Creatorem
1832 3046 1948 3084 unice
1974 3043 2127 3082 dilexit.

1173 3109 1397 3147 Leviusculi
1446 3109 1628 3147 homines
1645 3139 1655 3156 ,
1706 3107 1869 3157 quidam
1920 3105 2132 3156 gerriloqui

1171 3170 1418 3222 gattulones‚
1459 3175 1622 3220 poetas,
1660 3174 1701 3207 et
1738 3174 1915 3207 oratores
1954 3178 2135 3218 quosque

1172 3234 1368 3282 eximios,
1394 3233 1628 3283 gentilitatis
1647 3230 1857 3281 eujusdam
1879 3234 2070 3269 accusant
2093 3233 2134 3268 et

1172 3295 1370 3346 perfidiae.
1392 3296 1495 3333 Mors
1520 3298 1662 3333 testata
1684 3323 1691 3342 ,
1721 3304 1840 3344 quam
1879 3292 2133 3331 sanctissima

1174 3357 1278 3396 illius
1316 3359 1408 3397 vita.
1447 3356 1531 3396 Non
1570 3356 1682 3394 fateri
1721 3353 1837 3394 modo
1870 3359 2001 3394 errata
2038 3365 2132 3394 cum
