2550 4009
863 273 1272 314 MONACHUS
2012 275 2071 314 83

76 346 217 384 reetate
244 341 430 396 fortunae
471 341 520 380 ad
564 341 786 382 Galeatium
819 345 1029 394 SiorMam,

73 406 278 447 Mediolani
307 406 456 444 Ducem
501 408 541 443 et
584 416 669 457 pag.
717 407 806 446 325.
846 406 1032 447 Bucolica

75 469 125 508 ad
153 467 375 508 Galeatium
404 467 564 505 Mariam
596 468 875 509 vicecomitem
915 473 955 508 et
994 481 1032 520 p.

77 531 166 570 333.
196 529 242 568 de
270 527 420 580 nuptiis
448 529 623 568 Trz'stani
648 530 898 570 Vicecomz'tz‘s.

125 590 398 632 MONACHUS
443 591 722 643 Florentiam,
761 594 1035 644 Archiepisco-

75 666 153 707 pus
180 654 425 694 Acconensis
449 656 535 694 sive
560 656 815 696 Ptolemaidis
845 658 880 694 in
913 657 1035 695 Phoe-

74 718 201 766 nicia,
230 716 280 755 de
310 722 542 768 recuperata
563 717 609 757 A.
637 718 752 757 1191.
780 718 1032 764 Ptolemaide,

75 779 205 819 editus
219 781 242 818 a
261 780 404 819 Basilio
419 781 570 819 Joanne
589 780 755 819 Heroldo
776 781 894 820 Basil.
917 781 1031 820 1561.

76 843 102 881 f.
125 853 215 881 cum
237 841 497 882 GUILELMO
517 844 647 893 Tyrio.
672 843 754 893 (221
788 843 954 882 Vidend.
970 855 1031 894 op.

74 905 260 944 Memorie
283 903 327 943 di
343 905 510 944 Monaco
534 903 786 946 a'e’Corbizzi
820 905 1034 944 Patriarea

74 966 120 1006 di
155 966 451 1007 Gerusalemme
486 966 656 1007 raccolte
691 967 743 1007 da
773 969 1029 1007 Gz'o.1llarz'tc‘.

77 1030 250 1068 Firenze
276 1030 394 1069 1781.
419 1030 456 1068 8.
483 1029 491 1077 )

126 1092 298 1130 loannes
339 1091 642 1140 MONACHUS,
680 1093 915 1131 Cardinalis.
959 1093 1032 1132 Su-

73 1164 144 1205 pra
173 1158 200 1192 t.
231 1155 281 1193 IV
312 1165 348 1204 p.
380 1154 470 1193 389.
501 1154 684 1193 Oudinus
714 1160 740 1193 t.
773 1156 794 1194 3
821 1166 856 1205 p.
889 1155 979 1193 690.

126 1216 399 1256 MONALDUS
427 1215 807 1267 Justinopolitanus,
856 1218 1032 1257 Dalmata

71 1278 164 1316 Ord.
189 1279 324 1316 Minor.
349 1277 565 1317 defunctus
588 1280 692 1317 circa
716 1279 761 1317 A.
790 1280 904 1318 1340.
931 1280 1034 1318 Scri—

72 1341 153 1390 psit
181 1341 387 1380 Summam
427 1340 604 1380 Casuum
645 1341 918 1380 Conscientiae
947 1343 1033 1380 sive

72 1403 278 1442 Summam
301 1402 415 1441 Jur7'8
440 1402 648 1451 Canonict‘,
675 1403 778 1442 idem
804 1405 910 1442 enim
936 1416 1035 1455 opus

73 1470 162 1514 est,
184 1477 287 1516 quae
310 1466 359 1504 ab
384 1466 468 1516 ipso
493 1464 721 1504 Monaldt’na
749 1471 870 1516 atque
908 1479 1036 1505 aurea

72 1529 283 1567 consuevit
305 1527 509 1578 appellari.
533 1528 681 1566 Prodiit
706 1528 830 1579 Lugd.
857 1528 973 1568 1516.
1000 1530 1036 1567 8.

73 1590 340 1637 Quaestiones
370 1589 411 1628 in
445 1589 511 1628 IV.
549 1588 675 1628 libros
716 1590 1034 1639 sententiarum,

73 1655 110 1692 et
131 1654 340 1693 Sermones
361 1653 512 1692 Varios.
538 1651 636 1691 Vide
661 1653 925 1692 Trithemium
951 1664 1036 1704 cap.

74 1715 165 1754 576.
193 1715 395 1754 Labbeum
420 1718 449 1754 t.
480 1716 505 1755 2
534 1715 583 1754 de
613 1716 652 1754 S.
682 1716 726 1754 Ε.
760 1727 795 1766 p.
826 1714 890 1754 95.

126 1777 397 1818 MONALDUS
439 1776 486 1816 de
522 1777 710 1826 Ancona,
760 1778 854 1817 Ord.
900 1780 1034 1817 Minor.

72 1840 285 1890 Religionis
305 1840 556 1879 Christianae
582 1840 830 1892 praedicator
861 1841 972 1880 fortis
997 1846 1036 1879 et

72 1907 262 1941 constans
307 1904 411 1942 inter
454 1904 673 1942 Saracenos
701 1914 747 1941 ac
777 1905 924 1955 Martyr
960 1905 1034 1943 An.

15 1982 21 1987 “
76 1966 191 2005 1288.
216 1965 266 2004 de
294 1978 372 2017 quo
396 1965 647 2017 Waddingus
672 1965 719 2004 ad
747 1966 858 2005 illum
884 1979 1034 2007 annum

0 2045 1 2078 l
75 2032 115 2066 et
143 2028 326 2068 Oudinus
356 2034 450 2068 tom.
481 2030 506 2068 3
535 2041 573 2080 p.
598 2029 690 2068 874.

129 2090 406 2131 MONALDUS
428 2090 475 2130 de
498 2091 786 2139 Monaldescis,
818 2093 1038 2132 Urbeveta-

76 2165 178 2202 nus,
207 2154 542 2206 Archiepiscopus
570 2157 884 2194 Beneventanus
913 2156 962 2194 ab
990 2156 1034 2194 A.

76 2216 193 2256 1303.
216 2216 265 2256 ad
296 2218 411 2257 1332.
443 2217 540 2257 Vide
566 2218 777 2268 Ughellum
808 2223 902 2256 tom.
949 2219 1035 2257 V111

73 2277 169 2317 edit.
198 2290 326 2319 novae
356 2292 392 2331 p.
423 2279 512 2319 143.
543 2291 627 2330 seq.

127 2340 402 2381 MONALDUS
431 2341 477 2381 de
506 2342 688 2382 Rosarz'is
713 2343 939 2391 Carmenta,
963 2344 1037 2382 Do-

74 2407 160 2442 ctor
188 2405 311 2444 Paris.
340 2404 557 2444 defunctus
586 2404 819 2455 Burdigalae
844 2406 888 2444 A.
921 2407 1037 2445 1508.

73 2467 174 2516 Ejus
202 2467 322 2506 libros
352 2472 435 2505 tres
465 2467 514 2506 de
544 2468 726 2518 partibus
772 2470 1036 2518 poenitentiae

74 2534 115 2568 et
156 2530 372 2568 Sermones
419 2529 795 2579 Quadragesimales
844 2535 1038 2569 memorat

75 2592 246 2631 Miraeus
272 2592 449 2631 Auctarii
479 2602 566 2642 cap.
599 2591 691 2631 [(21.

120 2653 798 2704 AntoniusMONELIANUS.Supra
817 2656 874 2693 1..1
902 2654 1037 2704 ρ.337.

128 2718 363 2757 MONETUS
387 2719 473 2755 sive
502 2717 722 2763 MONETA,
753 2717 1035 2756 Cremonensis

75 2780 278 2819 Professor
305 2781 463 2820 Artium
489 2780 700 2825 Bononiae,
721 2782 840 2829 atque
863 2778 953 2817 inde
979 2781 1035 2817 in-

77 2847 138 2882 ter
166 2844 316 2894 primos
344 2844 384 2883 S.
413 2843 606 2882 Dominici
652 2841 893 2892 discipulos,
930 2843 1033 2880 circa

77 2905 124 2944 A.
154 2906 270 2945 1225.
302 2907 462 2957 scripsit
491 2907 697 2946 Summam
725 2906 861 2943 contra
891 2904 1034 2944 Catha-

77 2978 146 3007 νος
174 2970 213 3006 et
242 2966 470 3009 Waldenses
487 2999 496 3017 ,
524 2968 634 3006 libris
679 2967 721 3004 V.
760 2968 872 3018 Opus
899 2968 1033 3006 Manu-

78 3041 154 3070 scr.
184 3031 386 3079 Venetiis,
416 3031 600 3081 Neapoli,
630 3030 829 3068 Bononiae
859 3034 899 3068 et
928 3030 1031 3068 Pari-

77 3094 148 3132 siis
176 3093 215 3132 in
245 3093 366 3132 variis
394 3092 662 3131 Bibliotheeis.
692 3092 791 3130 Vide
827 3090 1029 3131 Oudinum

79 3161 173 3196 tom.
205 3156 228 3194 3
257 3167 343 3207 pag.
374 3155 438 3194 91.
482 3154 693 3194 Editurum
723 3165 765 3192 se
795 3156 1031 3204 promiserat

77 3219 294 3258 Gretserus
322 3218 370 3258 ad
400 3217 640 3263 Reinerum,
678 3220 705 3254 t.
743 3217 793 3254 25
837 3216 936 3255 Bibl.
966 3219 1033 3256 Pa-

78 3285 185 3322 trum
217 3280 340 3333 Lugd.
372 3293 408 3332 p.
438 3278 528 3318 277.

131 3343 154 3368 *
173 3345 229 3384 De
252 3348 382 3384 aetate
407 3343 532 3382 sancti
559 3342 678 3381 huius
708 3342 911 3392 scriptoris
936 3340 1031 3379 nihil

80 3405 205 3447 habeo
220 3407 316 3446 certi
339 3405 442 3457 quod
462 3405 673 3456 proferam,
694 3403 742 3443 de
761 3405 920 3454 scriptis
938 3415 1030 3442 vero

1101 345 1338 386 admonendi
1362 352 1455 385 sunt
1471 346 1613 386 eruditi
1641 358 1841 386 summam
1869 346 1974 386 illam
1996 345 2064 385 ad-

1104 420 1247 449 versus
1281 410 1473 449 Catharos
1497 415 1537 448 et
1563 410 1808 456 Valdenses‚
1834 421 1936 460 quae
1962 409 2062 447 mul-

1105 473 1157 510 tis
1185 473 1332 512 seculis
1375 474 1534 511 omnino
1569 473 1696 523 jacuit
1735 475 1771 511 in
1815 473 1960 523 pluteis
2003 473 2065 510 Bi-

1107 534 1393 574 bliothecarum
1446 535 1627 585 sepulta.
1674 535 1908 586 productam
1941 535 2063 573 fuisse.

1106 596 1267 635 tandem
1292 598 1330 634 in
1356 597 1485 635 lucem
1505 598 1699 647 publicam
1725 599 1866 635 Bomae
1883 598 1929 635 A.
1950 596 2063 635 1713.

1106 670 1265 709 operam
1289 659 1389 698 hanc
1412 659 1546 698 utilem
1571 660 1724 710 publico
1753 664 1981 711 praestante
2003 661 2062 697 Fr.

1108 722 1258 760 Thoma
1300 720 1524 771 Augustino
1563 721 1764 760 Ricchinio
1814 723 1914 760 sacri
1962 721 2065 760 ludi-

1105 785 1162 823 cis
1186 796 1208 824 a
1238 785 1405 823 secretis
1436 784 1718 832 meritissimo,
1744 795 1822 834 qua
1847 784 1895 822 de
1927 796 1968 822 re
1994 795 2063 834 pu-

1106 847 1205 885 blico
1234 848 1392 884 nomine
1415 846 1458 884 V.
1481 845 1752 884 eruditissimo
1784 849 1946 885 meritas
1977 856 2064 895 gra-

1107 910 1181 948 tias
1209 909 1390 959 agimus,
1418 908 1608 958 nobisque
1641 907 1938 958 adgratulamur
1959 907 2061 958 quod

1105 972 1209 1009 votis
1231 971 1375 1009 nostris
1399 969 1497 1008 adeo
1521 971 1676 1021 egregie
1707 971 1759 1007 sit
1796 970 2063 1016 satisfactum,-

1104 1045 1195 1072 nam
1221 1034 1328 1084 operi
1351 1033 1403 1071 illi
1430 1032 1656 1071 Ricchinius
1679 1033 1883 1082 praemisit
1908 1031 1956 1070 de
1984 1034 2063 1070 vita

1104 1101 1144 1134 et
1173 1097 1331 1146 scriptis
1362 1097 1400 1134 P.
1439 1097 1617 1134 Monetae
1651 1095 1941 1134 discussionem
1979 1094 2063 1133 dili-

1104 1163 1276 1209 gentem,
1293 1169 1338 1196 ac
1367 1158 1415 1196 de
1440 1157 1624 1195 Catharis
1649 1162 1689 1195 et
1717 1157 1981 1196 Valdensibus
2002 1157 2065 1206 ju-

1105 1227 1212 1260 stum
1242 1221 1588 1268 commentarium,
1610 1231 1657 1257 ne
1688 1219 1781 1270 quid
1812 1219 1980 1258 dixerim
2014 1221 2063 1258 de

1106 1284 1428 1323 adnotationibus
1467 1283 1558 1321 hinc
1584 1282 1673 1320 inde
1711 1284 1861 1333 sparsis
1879 1315 1888 1330 ,
1914 1284 2060 1334 quibus

1107 1351 1232 1385 totum
1259 1357 1358 1396 opus
1386 1346 1559 1384 illustrat
1579 1350 1618 1383 et
1639 1350 1765 1383 ornat.
1786 1347 1845 1384 Ex
1863 1346 2001 1384 eodem
2020 1347 2058 1384 P.

1108 1408 1308 1448 Ricchinio
1334 1408 1528 1446 discimus
1550 1406 1677 1445 eidem
1703 1409 1881 1447 Monetae
1912 1411 2060 1447 auctori

1109 1471 1243 1509 deberi
1262 1472 1380 1509 etiam
1400 1483 1407 1507 :
1440 1468 1751 1508 Commentarios
1777 1469 1816 1507 in
1839 1469 2064 1508 Aristotelis

1111 1532 1294 1584 loyicam3
1312 1536 1350 1571 et
1366 1542 1562 1570 summam
1578 1541 1744 1569 casuum
1760 1530 2026 1570 conscientiae.

1162 1595 1345 1634 Andreas
1374 1594 1655 1633 MONGAYUS
1685 1593 1904 1633 Colomesio
1936 1605 1971 1643 p.
2003 1594 2065 1631 20.

1109 1658 1244 1696 Italiae
1272 1656 1510 1703 Orientalis‚
1542 1654 1611 1693 sed
1643 1655 1722 1694 Nic.
1749 1656 1952 1694 Comneno
1981 1667 2066 1705 pag.

1110 1720 1200 1759 293.
1232 1719 1323 1757 hist.
1353 1719 1561 1769 Gymnasii
1594 1719 1772 1756 Patavini
1815 1717 2067 1757 BONGAIUS

1109 1781 1315 1833 Alpayus,
1345 1782 1609 1828 Bellunensis,
1642 1780 1902 1830 Philosophus
1927 1785 1967 1818 et
1991 1781 2068 1819 Me-

1110 1845 1224 1884 dicus
1254 1844 1478 1884 Orientales
1521 1843 1674 1882 litteras
1711 1844 1815 1881 circa
1843 1843 1917 1881 An.
1950 1843 2063 1882 1506.

1111 1908 1244 1947 docuit
1274 1908 1450 1953 Patavii,
1492 1911 1532 1944 et
1570 1906 1796 1943 versionem
1838 1905 2066 1943 Avicennae

1111 1972 1197 2008 sive
1227 1969 1454 2017 Ebensina,
1486 1969 1629 2007 factam
1660 1979 1683 2006 a
1711 1967 1884 2006 Gerardo
1908 1968 2067 2006 Cremo—

1112 2033 1226 2071 nensi
1269 2030 1512 2070 emendavit.
1557 2030 1683 2068 Vertit
1721 2039 1761 2067 et
1805 2029 2062 2080 Serapionem

1112 2099 1232 2145 atque
1276 2094 1351 2133 alia
1394 2093 1596 2140 Arabum,
1627 2094 1746 2130 etiam
1777 2092 1967 2141 Syrorum
1998 2091 2067 2129 do-

1111 2163 1267 2196 ctorum
1297 2158 1471 2207 scripta:
1503 2159 1543 2194 et
1572 2155 1620 2193 de
1649 2156 1742 2192 vitis
1767 2159 1886 2204 atque
1916 2154 2066 2192 artibus

1111 2219 1436 2270 Philosophorum
1467 2222 1506 2256 et
1534 2217 1773 2256 Medicorum
1811 2216 1984 2254 Arabum
2021 2227 2065 2254 ac

1109 2283 1349 2321 Graecorum
1379 2284 1674 2320 commentatus
1704 2290 1793 2317 esse
1824 2278 2009 2317 traditur.

1165 2345 1336 2382 Joannes
1366 2341 1830 2387 MONSTERBERGffis,
1856 2339 2068 2378 Monachus

1110 2405 1430 2453 Chemnicensis,
1445 2408 1584 2442 auctor
1599 2403 1662 2441 vel
1681 2403 1935 2440 continuator
1949 2401 2069 2440 Chro-

1110 2471 1187 2508 nici
1217 2467 1548 2513 Chemnicensis,
1578 2465 1692 2514 cujus
1723 2465 1986 2513 fragmentum
2016 2462 2064 2500 ab

1110 2532 1155 2570 A.
1186 2531 1300 2570 1408.
1330 2529 1377 2568 ad
1411 2527 1524 2567 1516.
1555 2539 1605 2565 ex
1635 2526 1778 2564 Codice
1810 2525 1909 2562 Petri
1958 2524 2063 2561 Albi-

1112 2593 1175 2640 ni,
1207 2592 1322 2630 hodie
1347 2589 1508 2629 Archivi
1537 2590 1622 2626 sive
1647 2582 1840 2625 Tabularii
1871 2584 2065 2623 Dresden-

1109 2654 1164 2692 sis
1194 2654 1374 2704 vulgavit
1413 2651 1697 2690 celeberrimus
1740 2645 1994 2685 Menckenius
2034 2651 2061 2682 t.

1112 2716 1133 2753 3
1156 2717 1336 2765 scriptor.
1363 2724 1495 2752 rerum
1521 2711 1789 2749 Germanicar.
1815 2721 1849 2758 p.
1879 2708 2062 2747 157-159.

1161 2780 1218 2816 .Ιο.
1236 2774 1647 2817 MONSTRELETUS.
1667 2774 1791 2823 Supra
1809 2776 1835 2808 t.
1855 2771 1902 2808 lV
1920 2782 1954 2820 p.
1974 2771 2060 2807 390.

1160 2839 1349 2880 Nicolaus
1364 2835 1729 2878 MONTACUTIUS.
1753 2835 1968 2872 llistoricus
1986 2834 2063 2871 An-

1109 2905 1198 2955 glus
1227 2904 1331 2942 circa
1359 2902 1402 2941 A.
1428 2900 1541 2941 1466.
1567 2909 1685 2949 quem
1712 2896 1854 2934 Baleus
1881 2895 1976 2932 Vlll.
1999 2895 2061 2932 253.

1108 2968 1262 3005 Pitseus
1292 2977 1327 3015 p.
1358 2963 1446 3003 657.
1476 2974 1521 3001 ac
1551 2962 1715 2999 Vossius
1741 2970 1776 3008 p.
1808 2957 1897 2995 633.
1925 2961 2062 2994 notant

1106 3030 1313 3080 scripsisse
1360 3027 1505 3065 scalam
1555 3029 1777 3072 temporum
1829 3021 1849 3056 ῑι
1895 3021 2062 3057 Cilristo

1105 3096 1221 3138 nato,
1251 3094 1291 3127 et
1318 3089 1366 3127 de
1398 3087 1567 3135 Regibus
1596 3089 1714 3132 atque
1748 3082 1956 3131 l·]piscopis
1982 3080 2060 3119 An-

1106 3154 1233 3204 gliae,
1263 3162 1335 3190 nec
1380 3161 1455 3187 non
1499 3147 1673 3185 carmina
1718 3148 1838 3193 atque
1868 3145 2063 3194 epigram-

1107 3221 1238 3255 mata:
1269 3212 1338 3251 sed
1370 3211 1471 3249 male
1500 3209 1547 3248 ad
1579 3218 1670 3245 eum
1702 3205 1880 3243 referunt
1906 3206 2063 3244 Catala-

1106 3289 1197 3328 gum
1241 3273 1471 3314 l'ontilicum
1515 3272 1622 3308 llom.
1666 3267 1714 3305 de
1761 3278 1838 3318 quo
1870 3278 1993 3318 supra
2025 3269 2061 3304 in

1106 3335 1428 3379 MAMACUTlO.

1164 3400 1341 3439 Adamas
1361 3397 1407 3436 (Ie
1427 3394 1708 3441 MONTALDQ
1728 3391 1953 3432 Genuensis
1970 3391 2061 3430 Ord.
