2533 4009
432 208 509 247 386

434 337 668 389 sequentia.-
1139 368 1144 372 .

489 403 524 438 4.
548 392 819 443 Panegyricus
864 389 918 427 od
962 388 1216 428 Fridericum
1246 389 1394 426 Ducem

434 456 650 499 saxoniae.
677 453 824 493 Editus
854 457 917 490 est
947 453 1075 503 primo
1106 450 1319 501 separatim
1361 461 1393 488 a.

442 519 550 559 4507.
584 519 616 554 i.
651 522 785 566 postea
821 526 912 553 cnm
959 513 1233 563 Christophori
1279 511 1399 550 Sche-

434 582 519 619 urlii
551 580 739 617 Oratione
787 579 822 614 in
873 576 1030 615 laudem
1069 575 1308 614 Germaniae
1353 584 1398 611 ac

434 636 588 680 Duc‘um
619 640 839 685 Saxonum,
875 641 978 689 Lips.
1012 639 1127 677 4508.
1161 639 1198 674 4,.

486 704 521 739 u2.
554 703 599 739 In
620 700 900 740 itlaoeimiliani
923 701 1036 740 Caes.
1061 700 1164 750 Auy.
1189 711 1400 739 eoecessum

433 765 587 803 „Vaenia
618 764 806 803 laudatur
836 775 857 802 a
887 764 1079 802 GesnerO.

490 827 525 865 3.
548 825 686 877 Eleqia
698 826 737 864 in
748 824 904 864 laudem
927 823 1167 874 Friberyae,
1186 824 1402 862 a.l522.et

491 891 525 927 [ι.
556 888 692 927 Altera
718 918 723 935 ‚
755 886 801 925 de
832 887 935 924 mira
964 885 1138 937 potentia
1162 888 1335 922 naturae
1363 885 1403 922 in

437 949 555 990 rebus
585 949 861 989 subterraneis
900 946 1197 998 procreandis:
1227 958 1402 985 excusae

442 1019 535 1053 sunt
560 1015 661 1063 Lips.
681 1014 694 1050 4
707 1011 795 1050 587.
816 1012 848 1048 si.
871 1021 960 1049 cum
979 1011 1035 1047 io.
1053 1010 1187 1047 Boccri
1206 1009 1402 1059 Fribergo.

490 1076 526 1114 5.
560 1075 721 1113 Librum
758 1070 1019 1110 Theurdanclc
1048 1073 1227 1110 carmine
1268 1072 1405 1109 Latino

438 1139 637 1185 reddidit,
682 1137 800 1186 cujus
844 1136 1076 1186 exemplum
1127 1140 1191 1173 est
1239 1135 1275 1172 in
1307 1134 1404 1172 Bibl.

443 1201 752 1247 Vindobonensi,
776 1204 880 1236 teste
902 1198 1112 1237 Lambecio
1135 1198 1180 1236 11,
1202 1198 1237 1235 8.
1260 1208 1294 1246 p.
1315 1197 1405 1234 986.

470 1264 532 1303 .6.
563 1262 822 1314 Epigqramma
849 1262 898 1299 de
923 1260 1104 1300 Udalrico
1126 1260 1236 1298 Zasio
1257 1289 1265 1306 ⁷
1296 1259 1406 1307 icto,

440 1330 574 1364 exstat
605 1327 641 1363 in
675 1324 814 1363 Melch.
846 1323 985 1362 Adami
1019 1323 1119 1361 Vitis
1149 1320 1336 1360 JCtorum
1370 1332 1403 1370 p.

442 1389 505 1427 48.
534 1388 582 1427 ad
616 1388 680 1425 39.

494 1451 532 1489 7.
563 1448 901 1500 Medulialzqztot,
921 1449 986 1498 qui
1010 1447 1058 1485 de
1076 1446 1260 1485 laudibus
1281 1444 1408 1483 Caroli

441 1514 487 1551 V.
511 1514 655 1563 imper.
682 1517 721 1550 et
746 1509 986 1550 Ferdinandi
1014 1510 1146 1548 fratris
1168 1513 1303 1559 agunt.
1329 1507 1410 1546 Au-

443 1579 584 1624 gustae
606 1573 708 1624 apud
727 1575 920 1611 Joannem
940 1571 1260 1621 Erphordianum
1293 1570 1410 1609 1549.

441 1637 477 1676 3.
496 1636 588 1675 ldus
604 1635 854 1674 Novembris.
867 1634 1048 1683 Inscripti
1069 1638 1164 1670 sunt
1179 1632 1410 1671 Maximilia-

445 1709 496 1735 no
513 1697 846 1746 Sevenbergensi,
865 1696 930 1745 qui
953 1695 1081 1732 Caroli
1105 1695 1147 1732 V.
1166 1695 1308 1732 Orator
1325 1693 1409 1732 fuit.

497 1760 533 1796 8.
566 1758 740 1797 Carmen
768 1756 824 1794 ad
855 1755 1135 1794 Theodericum
1178 1753 1410 1801 moeni-um,

441 1823 651 1860 Rectorem
695 1819 816 1858 Acad.
857 1818 1194 1869 Wittebergensis
1224 1829 1258 1855 a.
1294 1816 1409 1855 4508.

452 1889 649 1929 creatum,
675 1888 808 1920 exstat
833 1883 868 1919 in
893 1881 1014 1930 hujus
1036 1880 1302 1919 Collectaneis
1321 1880 1414 1917 Poe-

448 1947 536 1983 ticis
568 1951 662 1982 tom.
695 1945 744 1982 ill
778 1944 921 1993 Script.
954 1941 1314 1981 Brunsvicensium
1343 1941 1414 1978 Le-

451 2007 576 2046 ibnitii
608 2018 643 2056 p.
675 2006 765 2044 682.

504 2070 540 2107 9.
572 2069 635 2107 Ad
678 2068 822 2106 Divum
867 2066 1120 2105 Friclericum
1155 2065 1411 2117 Principem,

451 2131 659 2172 Sooeoniae
690 2129 866 2175 Ducem,
904 2129 1073 2168 Misniae
1118 2126 1412 2174 Mmchionem,

452 2193 666 2242 Turinqiae
712 2192 899 2231 Comitem
919 2221 926 2238 .,
957 2191 1082 2230 Sacri
1122 2190 1289 2240 Imperii
1325 2187 1415 2227 Ele-

448 2259 592 2293 ctorem
613 2242 971 2292 etGubernatorem
995 2257 1061 2291 etc.
1083 2252 1245 2290 unicum
1271 2251 1410 2290 Musa—

447 2329 538 2355 rum
568 2315 757 2363 columen7
782 2316 901 2354 decus
926 2319 1045 2366 atque
1066 2313 1327 2366 praesidium.
1349 2312 1414 2351 Ri-

448 2378 563 2418 cardi
580 2377 746 2418 Sbruliz'.
762 2376 918 2428 Equitis
938 2375 1241 2427 Fornjnli'ensis‚
1255 2373 1415 2413 Libera—

451 2441 545 2479 lium
556 2441 585 2479 A
593 2441 718 2479 rtium
736 2440 917 2478 Doctores
929 2450 975 2476 (ic
990 2436 1236 2490 Professoris
1261 2436 1300 2474 in
1315 2437 1416 2474 Aca—

449 2504 578 2543 demia
609 2501 948 2552 Usittenburssensi
987 2499 1262 2541 Cleomachiae
1298 2497 1414 2537 Liber

445 2567 617 2617 primus.
637 2567 672 2604 t.
689 2566 739 2616 pl.
759 2567 797 2603 9.
814 2565 889 2604 sub
921 2564 1040 2602 linem
1073 2564 1170 2602 haec
1195 2563 1387 2613 leguntur
1405 2574 1411 2598 ς

466 2648 561 2677 Hune
580 2652 669 2676 anno
692 2643 824 2676 decimo
849 2642 1160 2682 Gronenbergensis
1184 2641 1339 2672 alumnus

466 2694 752 2734 wittenburgensi
778 2695 899 2734 pressit
924 2695 957 2724 in
982 2692 1065 2724 urbe
1093 2691 1230 2722 librum.

509 2758 568 2794 40.
596 2753 868 2805 Panegyricus
891 2752 930 2790 in
952 2750 1125 2790 Laudem
1152 2747 1416 2802 Sfortz'adum‚

457 2819 590 2856 nescio
619 2828 668 2855 an
699 2815 844 2853 editius.

511 2879 571 2918 Ad
603 2881 733 2929 ipsum
765 2876 857 2914 data
883 2881 945 2913 cst
971 2873 1146 2926 Epistola
1168 2873 1334 2912 Erasmz'
1355 2874 1416 2911 43.

454 2944 552 2981 Νον.
586 2940 701 2979 4520.
733 2943 827 2977 tom.
860 2938 905 2976 lll
938 2937 1036 2987 Opp.
1069 2947 1156 2986 pag.
1182 2935 1271 2973 593.
1297 2933 1415 2985 cujus

458 3004 595 3042 ultima
627 3001 748 3040 verba
779 3004 900 3039 sunt:
935 2996 1125 3036 Omnibus
1157 2996 1216 3034 liis
1241 3006 1415 3046 precor,

459 3070 502 3103 ut
529 3076 595 3103 res
625 3063 766 3116 optime
795 3059 1006 3108 succedat,
1038 3059 1107 3098 sed
1137 3057 1208 3096 tobi
1247 3055 1420 3108 cumpri—

464 3127 564 3171 mis,
590 3124 731 3165 Sbruli
757 3122 1062 3170 candidissime,
1103 3131 1219 3172 quem
1262 3117 1415 3157 utinam

468 3188 657 3226 Friessiri's
688 3186 817 3224 nostri
846 3183 1065 3235 henirsnitas
1098 3182 1270 3220 inauret.

518 3314 550 3342 ai
577 3316 772 3346 suteris-hain
803 3321 941 3348 vocatur
958 3339 966 3353 ‚
994 3316 1106 3347 nescio
1131 3325 1171 3346 an
1196 3317 1277 3347 satis
1307 3318 1394 3347 recte
1413 3338 1423 3353 ‚

1216 199 1245 235 P.
1266 198 1281 236 l
1303 198 1330 235 C
1352 196 1389 233 Η
1412 199 1443 235 Α
1467 198 1498 235 R
1519 198 1551 235 D
1573 196 1604 235 U
1627 198 1653 235 S

432 279 594 327 Reliqua
627 276 750 323 ipsius
786 272 932 319 ignoro,
966 269 1119 316 Scripta
1167 270 1393 316 perennant
1429 289 1433 293 -

1513 268 1802 308 RlCllARDUS
1852 272 2050 321 Sci-opus,
2084 267 2268 317 Anglus,
2310 266 2428 306 claris

1464 330 1701 381 parentibus
1732 335 1875 380 ortus,
1906 330 2185 379 cantabrigiae
2215 328 2343 367 literis
2373 330 2431 366 in-

1468 392 1632 440 cubuit,
1679 391 1728 429 ibi
1772 391 1928 431 Artium
1962 393 2150 442 Magister
2194 394 2235 429 et
2275 391 2430 428 Jurium

1470 457 1614 493 Doctor
1643 457 1816 492 creatus.
1849 454 1994 492 Itinera
2026 454 2169 492 deinde
2194 454 2232 491 in
2262 451 2430 491 Galliam

1470 521 1510 554 et
1552 516 1703 554 ltaliam
1748 516 1952 565 suscepit,
1997 515 2206 554 Avenione
2253 525 2347 552 vero
2391 518 2432 552 et

1473 581 1619 617 Romae
1648 577 1903 616 Advocatum
1935 587 2155 627 pauperum
2187 578 2268 627 egit
2293 577 2331 614 in
2358 575 2436 615 Cu-

1472 643 1528 679 ria
1556 641 1723 678 Romani
1752 638 1968 677 pontificis.
1990 639 2159 677 Demum
2184 639 2434 678 constitutus

1475 703 1700 753 Episcopus
1726 700 2018 739 Liclifeldensis
2043 704 2083 737 et
2103 699 2438 751 Archiepiscopus

1476 764 1759 811 Eboracensis,
1781 773 1873 801 cum
1898 773 1999 800 nova
2021 766 2160 808 contra
2186 761 2335 812 Regem
2359 772 2441 800 ma-

1475 827 1731 870 chinaretur,
1762 826 1891 875 capite
1936 825 2080 874 plexus
2116 827 2178 861 est
2208 823 2247 860 d.
2277 825 2314 861 8.
2346 825 2439 862 Jun.

1479 889 1596 929 4405.
1625 888 1724 940 Ejus
1756 892 1844 926 nota
1877 892 1974 926 sunt
2017 886 2142 924 haec:
2173 886 2304 937 Super
2347 885 2443 938 Epi-

1477 951 1598 991 stolas
1627 951 1847 989 Mz'ssarum
1867 948 2146 1001 quotidianas,
2173 947 2377 987 Invectiva
2403 946 2444 985 in

1478 1017 1618 1065 Reqem
1639 1043 1647 1059 ‚
1671 1012 1809 1051 Oratio
1833 1015 1923 1050 ante
1945 1013 2111 1049 mortem
2147 1010 2315 1049 Balaeus
2337 1010 2441 1050 Cen-

1479 1082 1556 1115 tur.
1588 1075 1669 1114 Vll.
1717 1074 1782 1112 36.
1822 1075 1981 1113 Pitseus
2011 1084 2044 1111 c.
2078 1072 2168 1111 737.
2217 1073 2444 1111 Clementis

1480 1137 1736 1188 Maydestone
1774 1137 1945 1175 Historia
1989 1134 2038 1173 de
2083 1135 2276 1185 martyrio
2319 1136 2445 1172 nostri

1480 1204 1615 1239 exstat
1644 1204 1752 1238 tomo
1783 1200 1829 1237 ΙΙ.
1860 1198 2027 1249 Angliae
2065 1197 2207 1236 Sacrae
2237 1196 2446 1236 Whartoni

1483 1276 1518 1313 p.
1551 1263 1642 1301 369.
1672 1260 1846 1300 Articuli
1875 1272 1971 1299 vero
2000 1258 2198 1299 adversus
2229 1258 2445 1298 Henricum

1484 1325 1546 1362 IV.
1576 1322 1743 1373 Anyliae
1775 1324 1919 1374 Reyem
1944 1323 2100 1370 (Balaei
2124 1322 2307 1361 fortassis
2335 1322 2456 1360 Inve-·

1484 1387 1592 1439 ctgt'va
1617 1388 1625 1435 >
1652 1385 1797 1425 ibidem
1829 1398 1865 1436 p.
1899 1386 1989 1425 362.

1540 1449 1829 1489 RICHARDUS
1861 1450 2079 1494 Petronus,
2109 1445 2319 1495 Senensis,
2345 1447 2450 1486 Utri-

1485 1523 1614 1563 usque
1655 1512 1762 1551 Juris
1808 1513 1978 1558 Doctor‚
2007 1511 2117 1549 Eccl.
2147 1510 2345 1548 Romanae
2385 1510 2450 1548 Vi—

1484 1587 1528 1614 ce
1559 1575 1856 1621 Cancellarius,
1903 1577 1943 1611 et
1973 1574 2173 1611 Diaconus
2220 1571 2446 1610 Cardinalis

1486 1639 1601 1677 titulo
1633 1639 1670 1677 S.
1701 1636 1936 1684 Eustachii,
1966 1636 2067 1674 vixit
2096 1646 2130 1673 a.
2164 1633 2281 1673 4300.
2311 1639 2350 1672 et
2376 1634 2450 1672 fuit

1488 1702 1633 1738 tertius
1663 1711 1828 1746 eorum,
1859 1700 1925 1748 qui
1953 1697 2071 1747 jussu
2116 1696 2304 1735 Bonifacii
2349 1696 2471 1747 Vlll„

1484 1763 1654 1801 Sextum
1686 1760 1956 1799 Decretatium
1994 1759 2289 1809 compilarunt,
2332 1757 2450 1807 cujus

1487 1835 1631 1861 nomen
1681 1824 1718 1861 in
1766 1824 1957 1873 principio
1987 1821 2076 1873 ejus
2123 1821 2340 1859 voluminis
2382 1831 2452 1858 ex-

1485 1897 1670 1936 pressum
1703 1889 1776 1923 est.
1809 1886 1953 1923 Fertur
1983 1884 2174 1923 nonnulla
2213 1882 2286 1921 alia
2318 1883 2354 1919 in
2381 1881 2448 1932 ju—

1489 1960 1530 1985 re
1561 1949 1784 1997 scripsisse.
1817 1946 1927 1985 Haec
1957 1946 2204 1985 Trithemius
2233 1944 2282 1983 de
2307 1944 2449 1995 Script.
2496 1938 2501 1940 ’

1487 2009 1639 2048 Eccles.
1668 2021 1703 2047 c.
1730 2008 1819 2047 541».
1841 2008 1997 2047 Oldoini
2023 2008 2277 2047 Athenaeum
2309 2006 2449 2044 Roma-
2493 2024 2497 2025 ν

1486 2084 1581 2111 num
1615 2083 1700 2122 pag.
1733 2071 1824 2110 580.
1855 2072 2106 2109 Possevinus
2137 2074 2246 2108 tomo
2267 2069 2300 2108 11
2323 2068 2451 2119 Appa-

1487 2144 1599 2173 ratus
1630 2146 1666 2183 p.
1699 2133 1789 2171 3⁶25.

1542 2196 1561 2218 ³*
1591 2197 1633 2234 In
1666 2195 1760 2234 Cod.
1805 2196 1895 2234 224.
1940 2194 2124 2234 Biblioth.
2168 2193 2293 2232 Felini
2338 2191 2453 2231 Hanc
2501 2221 2505 2226 .

1487 2258 1786 2296 adnotationem
1822 2258 1978 2307 reperi:
2009 2254 2240 2295 Richardus
2269 2254 2455 2294 Senensis

1491 2318 1726 2359 Cardinalis
1757 2321 1784 2358 S
1827 2318 2064 2365 Eustachii,
2095 2317 2167 2369 qui
2186 2316 2265 2369 fuit
2289 2327 2393 2354 unus
2409 2315 2454 2354 (Ie

1488 2380 1814 2432 compilatoribus
1845 2381 1966 2419 Sefnti
1983 2379 2096 2419 valde
2120 2377 2296 2430 defendit
2314 2388 2474 2416 mem0-.

1490 2444 1596 2482 rium
1627 2442 1828 2494 Bon-isacii
1852 2443 1957 2481 VIII.

1546 2505 1832 2546 RlCHARDUS
1863 2504 2140 2552 Senoniensis,
2173 2503 2253 2542 vid.
2283 2501 2458 2542 RICHE-

1491 2569 1620 2607 RIUS.
2311 2587 2317 2595 ·

1546 2630 1833 2671 RICHARDUS
1884 2628 2135 2676 Snetisham,
2183 2628 2218 2677 a)
2269 2627 2425 2679 Anglus
2444 2654 2455 2672 ,

1493 2694 1727 2743 Theologiae
1770 2695 1916 2732 Doctor
1944 2696 1984 2729 et
2014 2691 2216 2729 Professor
2253 2689 2455 2728 Oxonien-

1495 2767 1579 2802 sis,
1609 2755 1771 2793 tandem
1819 2754 2058 2794 Academiae
2101 2751 2387 2791 Cancellarius-
2418 2759 2457 2787 a.

1496 2816 1615 2855 1t20.
1647 2817 1815 2866 Scripsit
1845 2818 1983 2853 contra
2020 2813 2212 2865 quosdam
2255 2810 2457 2852 Articulos

1501 2876 1664 2929 Wicleffi
1681 2907 1691 2924 ‚
1715 2878 1926 2915 Lecturam
1955 2873 2181 2924 Theoloqiae
2198 2905 2207 2922 ,
2231 2871 2454 2912 Abbi-ovia-

1494 2938 1617 2977 tiones
1642 2938 1832 2987 (lomoni,
1858 2943 1897 2975 et
1922 2936 1977 2975 ad
1997 2935 2195 2987 quaedam
2218 2933 2355 2974 dubia.
2376 2935 2454 2973 Pit-

1498 3011 1592 3039 seus
1622 3011 1655 3037 c.
1689 2999 1778 3039 776.

1551 3061 1836 3101 RlCllARDUS
1857 3058 2123 3101 Soutliwellus
2138 3090 2149 3108 ‚
2173 3057 2339 3109 Anglus,
2361 3057 2458 3096 scri-

1500 3125 1580 3173 psit
1609 3123 1656 3162 de
1685 3121 1806 3161 rebus
1836 3120 2067 3172 Anylieam’s
2099 3119 2312 3160 Chronica.
2342 3119 2456 3158 AEtas

1499 3197 1573 3223 nnn
1593 3191 1654 3223 cst
1673 3191 1778 3223 notu.
1800 3185 1905 3223 idern
1927 3182 2106 3233 Append.
2126 3180 2374 3221 Centur.111.
2390 3179 2454 3217 94.

1489 3319 1520 3347 in
1547 3315 1704 3354 (jatiiiogn
1733 3317 1816 3346 MSS.
1840 3312 1923 3345 Bibl.
1948 3312 2201 3343 Tenisonionae
2227 3318 2259 3349 ρ.
2285 3308 2339 3340 51.
