<?xml version="1.0" encoding="UTF-8"?>
<!DOCTYPE html PUBLIC "-//W3C//DTD XHTML 1.0 Transitional//EN"
    "http://www.w3.org/TR/xhtml1/DTD/xhtml1-transitional.dtd">
<html xmlns="http://www.w3.org/1999/xhtml" xml:lang="en" lang="en">
 <head>
  <title>
</title>
<meta http-equiv="Content-Type" content="text/html;charset=utf-8" />
  <meta name='ocr-system' content='tesseract 3.04.00' />
  <meta name='ocr-capabilities' content='ocr_page ocr_carea ocr_par ocr_line ocrx_word'/>
</head>
<body>
  <div class='ocr_page' id='page_1' title='image "./bibliothecalatin05fabruoft/bibliothecalatin05fabruoft_0394.png"; bbox 0 0 2533 4009; ppageno 0'>
   <div class='ocr_carea' id='block_1_1' title="bbox 493 243 1447 669">
    <p class='ocr_par' dir='ltr' id='par_1_1' title="bbox 493 243 1447 669">
     <span class='ocr_line' id='line_1_1' title="bbox 496 243 572 280; baseline -0.013 0"><span class='ocrx_word' id='word_1_1' title='bbox 496 243 572 280; x_wconf 78' lang='grc'>388</span> 
     </span>
     <span class='ocr_line' id='line_1_2' title="bbox 497 303 1446 353; baseline -0.009 -4"><span class='ocrx_word' id='word_1_2' title='bbox 497 313 653 349; x_wconf 81' lang='lat' dir='ltr'>Scotum</span> <span class='ocrx_word' id='word_1_3' title='bbox 684 317 767 345; x_wconf 75' lang='lat' dir='ltr'>esse</span> <span class='ocrx_word' id='word_1_4' title='bbox 802 304 1051 353; x_wconf 67' lang='lat' dir='ltr'>Thcoloqum:</span> <span class='ocrx_word' id='word_1_5' title='bbox 1085 303 1157 339; x_wconf 78' lang='lat' dir='ltr'>hoc</span> <span class='ocrx_word' id='word_1_6' title='bbox 1190 313 1283 340; x_wconf 85' lang='lat' dir='ltr'>vero</span> <span class='ocrx_word' id='word_1_7' title='bbox 1319 313 1446 352; x_wconf 80' lang='lat' dir='ltr'>neque</span> 
     </span>
     <span class='ocr_line' id='line_1_3' title="bbox 497 363 1447 413; baseline -0.007 -4"><span class='ocrx_word' id='word_1_8' title='bbox 497 372 546 409; x_wconf 74' lang='lat' dir='ltr'>de</span> <span class='ocrx_word' id='word_1_9' title='bbox 576 374 725 408; x_wconf 66' lang='lat' dir='ltr'>joanne</span> <span class='ocrx_word' id='word_1_10' title='bbox 757 368 874 404; x_wconf 80' lang='lat' dir='ltr'>Seoto</span> <span class='ocrx_word' id='word_1_11' title='bbox 916 364 1112 413; x_wconf 69' lang='lat' dir='ltr'>Erigona,</span> <span class='ocrx_word' id='word_1_12' title='bbox 1145 374 1275 413; x_wconf 76' lang='lat' dir='ltr'>neque</span> <span class='ocrx_word' id='word_1_13' title='bbox 1306 363 1354 401; x_wconf 81' lang='lat' dir='ltr'>de</span> <span class='ocrx_word' id='word_1_14' title='bbox 1384 363 1447 402; x_wconf 89' lang='lat' dir='ltr'>Jo—</span> 
     </span>
     <span class='ocr_line' id='line_1_4' title="bbox 496 425 1446 475; baseline -0.007 -5"><span class='ocrx_word' id='word_1_15' title='bbox 496 442 597 470; x_wconf 82' lang='lat' dir='ltr'>anne</span> <span class='ocrx_word' id='word_1_16' title='bbox 629 431 737 466; x_wconf 58' lang='lat' dir='ltr'>liuns</span> <span class='ocrx_word' id='word_1_17' title='bbox 768 436 882 475; x_wconf 86' lang='lat' dir='ltr'>posse</span> <span class='ocrx_word' id='word_1_18' title='bbox 928 425 1107 475; x_wconf 76' lang='lat' dir='ltr'>intelligi.</span> <span class='ocrx_word' id='word_1_19' title='bbox 1136 426 1194 463; x_wconf 85' lang='lat' dir='ltr'>Jo.</span> <span class='ocrx_word' id='word_1_20' title='bbox 1226 436 1248 463; x_wconf 87' lang='lat' dir='ltr'>a</span> <span class='ocrx_word' id='word_1_21' title='bbox 1278 425 1446 463; x_wconf 83' lang='lat' dir='ltr'>Tholusa</span> 
     </span>
     <span class='ocr_line' id='line_1_5' title="bbox 497 487 1447 536; baseline -0.004 -8"><span class='ocrx_word' id='word_1_22' title='bbox 497 490 683 529; x_wconf 82' lang='lat' dir='ltr'>mendum</span> <span class='ocrx_word' id='word_1_23' title='bbox 718 487 861 524; x_wconf 88' lang='lat' dir='ltr'>librarii</span> <span class='ocrx_word' id='word_1_24' title='bbox 905 491 1045 536; x_wconf 84' lang='lat' dir='ltr'>putat,</span> <span class='ocrx_word' id='word_1_25' title='bbox 1076 488 1142 536; x_wconf 88' lang='lat' dir='ltr'>qui</span> <span class='ocrx_word' id='word_1_26' title='bbox 1176 487 1344 524; x_wconf 80' lang='lat' dir='ltr'>sortasse</span> <span class='ocrx_word' id='word_1_27' title='bbox 1378 488 1447 524; x_wconf 84' lang='lat' dir='ltr'>Pc-</span> 
     </span>
     <span class='ocr_line' id='line_1_6' title="bbox 493 547 1444 589; baseline -0.005 0"><span class='ocrx_word' id='word_1_28' title='bbox 493 559 596 589; x_wconf 88' lang='lat' dir='ltr'>trum</span> <span class='ocrx_word' id='word_1_29' title='bbox 624 548 888 586; x_wconf 83' lang='lat' dir='ltr'>Lombarduin</span> <span class='ocrx_word' id='word_1_30' title='bbox 933 548 1106 585; x_wconf 82' lang='lat' dir='ltr'>scribere</span> <span class='ocrx_word' id='word_1_31' title='bbox 1147 548 1329 586; x_wconf 83' lang='lat' dir='ltr'>debebat.</span> <span class='ocrx_word' id='word_1_32' title='bbox 1369 547 1444 587; x_wconf 81' lang='lat' dir='ltr'>Sed</span> 
     </span>
     <span class='ocr_line' id='line_1_7' title="bbox 493 609 1446 669; baseline -0.004 -20"><span class='ocrx_word' id='word_1_33' title='bbox 493 621 657 669; x_wconf 66' lang='lat' dir='ltr'>neccsse</span> <span class='ocrx_word' id='word_1_34' title='bbox 689 620 764 646; x_wconf 89' lang='lat' dir='ltr'>non</span> <span class='ocrx_word' id='word_1_35' title='bbox 796 614 882 656; x_wconf 84' lang='lat' dir='ltr'>est,</span> <span class='ocrx_word' id='word_1_36' title='bbox 916 620 987 647; x_wconf 92' lang='lat' dir='ltr'>nos</span> <span class='ocrx_word' id='word_1_37' title='bbox 1018 620 1062 647; x_wconf 84' lang='lat' dir='ltr'>eo</span> <span class='ocrx_word' id='word_1_38' title='bbox 1092 609 1322 659; x_wconf 80' lang='lat' dir='ltr'>confugere..</span> <span class='ocrx_word' id='word_1_39' title='bbox 1349 610 1446 647; x_wconf 86' lang='lat' dir='ltr'>Nam</span> 
     </span>
    </p>
   </div>
   <div class='ocr_carea' id='block_1_2' title="bbox 496 670 1449 722">
    <p class='ocr_par' dir='ltr' id='par_1_2' title="bbox 496 670 1449 722">
     <span class='ocr_line' id='line_1_8' title="bbox 496 670 1449 722; baseline 0.001 -16"><span class='ocrx_word' id='word_1_40' title='bbox 496 674 667 722; x_wconf 78' lang='lat' dir='ltr'>primum</span> <span class='ocrx_word' id='word_1_41' title='bbox 701 670 772 707; x_wconf 84' lang='lat' dir='ltr'>hoc.</span> <span class='ocrx_word' id='word_1_42' title='bbox 804 671 954 709; x_wconf 85' lang='lat' dir='ltr'>clarum</span> <span class='ocrx_word' id='word_1_43' title='bbox 978 675 1063 717; x_wconf 86' lang='lat' dir='ltr'>est,</span> <span class='ocrx_word' id='word_1_44' title='bbox 1092 672 1344 710; x_wconf 76' lang='lat' dir='ltr'>vincentium</span> <span class='ocrx_word' id='word_1_45' title='bbox 1378 672 1449 708; x_wconf 79' lang='lat' dir='ltr'>Be-</span> 
     </span>
    </p>
   </div>
   <div class='ocr_carea' id='block_1_3' title="bbox 493 733 1447 783">
    <p class='ocr_par' dir='ltr' id='par_1_3' title="bbox 493 733 1447 783">
     <span class='ocr_line' id='line_1_9' title="bbox 493 733 1447 783; baseline -0.002 -12"><span class='ocrx_word' id='word_1_46' title='bbox 493 735 720 772; x_wconf 84' lang='lat' dir='ltr'>luacensem</span> <span class='ocrx_word' id='word_1_47' title='bbox 754 735 789 770; x_wconf 89' lang='lat' dir='ltr'>in</span> <span class='ocrx_word' id='word_1_48' title='bbox 822 734 991 783; x_wconf 83' lang='lat' dir='ltr'>Speculo</span> <span class='ocrx_word' id='word_1_49' title='bbox 1030 733 1220 772; x_wconf 81' lang='lat' dir='ltr'>historiali</span> <span class='ocrx_word' id='word_1_50' title='bbox 1270 734 1447 772; x_wconf 80' lang='lat' dir='ltr'>XXVlll.</span> 
     </span>
    </p>
   </div>
   <div class='ocr_carea' id='block_1_4' title="bbox 488 794 1451 1091">
    <p class='ocr_par' dir='ltr' id='par_1_4' title="bbox 488 794 1451 1091">
     <span class='ocr_line' id='line_1_10' title="bbox 493 794 1449 844; baseline 0 -12"><span class='ocrx_word' id='word_1_51' title='bbox 493 795 555 832; x_wconf 68' lang='lat'>58.</span> <span class='ocrx_word' id='word_1_52' title='bbox 589 794 661 832; x_wconf 88' lang='lat' dir='ltr'>hoc</span> <span class='ocrx_word' id='word_1_53' title='bbox 692 795 886 844; x_wconf 83' lang='lat' dir='ltr'>scriptum</span> <span class='ocrx_word' id='word_1_54' title='bbox 920 796 1042 833; x_wconf 79' lang='lat' dir='ltr'>nostri</span> <span class='ocrx_word' id='word_1_55' title='bbox 1074 806 1300 843; x_wconf 71' lang='lat' dir='ltr'>agnoscere..</span> <span class='ocrx_word' id='word_1_56' title='bbox 1332 796 1449 832; x_wconf 82' lang='lat' dir='ltr'>Dein-</span> 
     </span>
     <span class='ocr_line' id='line_1_11' title="bbox 488 856 1448 905; baseline -0.001 -12"><span class='ocrx_word' id='word_1_57' title='bbox 488 856 564 903; x_wconf 88' lang='lat' dir='ltr'>de,</span> <span class='ocrx_word' id='word_1_58' title='bbox 595 858 686 905; x_wconf 86' lang='lat' dir='ltr'>quis</span> <span class='ocrx_word' id='word_1_59' title='bbox 718 856 831 894; x_wconf 86' lang='lat' dir='ltr'>hodie.</span> <span class='ocrx_word' id='word_1_60' title='bbox 862 858 1042 895; x_wconf 88' lang='lat' dir='ltr'>omnium</span> <span class='ocrx_word' id='word_1_61' title='bbox 1076 857 1259 902; x_wconf 83' lang='lat' dir='ltr'>illorum,</span> <span class='ocrx_word' id='word_1_62' title='bbox 1285 858 1353 905; x_wconf 87' lang='lat' dir='ltr'>qui</span> <span class='ocrx_word' id='word_1_63' title='bbox 1384 857 1448 893; x_wconf 86' lang='grc' dir='ltr'><em>,Ιο-</em></span> 
     </span>
     <span class='ocr_line' id='line_1_12' title="bbox 490 917 1450 964; baseline 0.001 -10"><span class='ocrx_word' id='word_1_64' title='bbox 490 917 605 955; x_wconf 80' lang='lat' dir='ltr'>annis</span> <span class='ocrx_word' id='word_1_65' title='bbox 631 917 740 956; x_wconf 87' lang='lat' dir='ltr'>Scoti</span> <span class='ocrx_word' id='word_1_66' title='bbox 760 919 919 956; x_wconf 82' lang='lat' dir='ltr'>nomine</span> <span class='ocrx_word' id='word_1_67' title='bbox 945 919 1141 964; x_wconf 82' lang='lat' dir='ltr'>veniunt,</span> <span class='ocrx_word' id='word_1_68' title='bbox 1167 918 1347 955; x_wconf 77' lang='lat' dir='ltr'>notitiam</span> <span class='ocrx_word' id='word_1_69' title='bbox 1371 921 1450 955; x_wconf 84' lang='lat' dir='ltr'>tra-</span> 
     </span>
     <span class='ocr_line' id='line_1_13' title="bbox 490 978 1451 1029; baseline 0 -13"><span class='ocrx_word' id='word_1_70' title='bbox 490 978 583 1016; x_wconf 86' lang='lat' dir='ltr'>dere</span> <span class='ocrx_word' id='word_1_71' title='bbox 615 978 795 1029; x_wconf 85' lang='lat' dir='ltr'>poterit?</span> <span class='ocrx_word' id='word_1_72' title='bbox 826 981 1010 1018; x_wconf 77' lang='lat' dir='ltr'>Fortasse</span> <span class='ocrx_word' id='word_1_73' title='bbox 1040 979 1184 1028; x_wconf 86' lang='lat' dir='ltr'>aliquis</span> <span class='ocrx_word' id='word_1_74' title='bbox 1223 979 1294 1017; x_wconf 90' lang='lat' dir='ltr'>hoc</span> <span class='ocrx_word' id='word_1_75' title='bbox 1326 980 1451 1017; x_wconf 91' lang='lat' dir='ltr'>nomi-</span> 
     </span>
     <span class='ocr_line' id='line_1_14' title="bbox 491 1040 1450 1091; baseline 0.001 -13"><span class='ocrx_word' id='word_1_76' title='bbox 491 1052 540 1078; x_wconf 89' lang='lat' dir='ltr'>ne</span> <span class='ocrx_word' id='word_1_77' title='bbox 574 1042 671 1088; x_wconf 80' lang='lat' dir='ltr'>fuit,</span> <span class='ocrx_word' id='word_1_78' title='bbox 698 1042 764 1090; x_wconf 86' lang='lat' dir='ltr'>qui</span> <span class='ocrx_word' id='word_1_79' title='bbox 797 1041 1048 1091; x_wconf 75' lang='lat' dir='ltr'>Theologiam</span> <span class='ocrx_word' id='word_1_80' title='bbox 1071 1040 1230 1088; x_wconf 86' lang='lat' dir='ltr'>docuit,</span> <span class='ocrx_word' id='word_1_81' title='bbox 1253 1040 1350 1079; x_wconf 90' lang='lat' dir='ltr'>nihil</span> <span class='ocrx_word' id='word_1_82' title='bbox 1382 1052 1450 1079; x_wconf 88' lang='lat' dir='ltr'>au-</span> 
     </span>
    </p>
   </div>
   <div class='ocr_carea' id='block_1_5' title="bbox 485 1103 1445 1768">
    <p class='ocr_par' dir='ltr' id='par_1_5' title="bbox 492 1103 1003 1152">
     <span class='ocr_line' id='line_1_15' title="bbox 492 1103 1003 1152; baseline -0.004 -13"><span class='ocrx_word' id='word_1_83' title='bbox 492 1107 573 1139; x_wconf 87' lang='lat' dir='ltr'>tem</span> <span class='ocrx_word' id='word_1_84' title='bbox 606 1104 799 1152; x_wconf 85' lang='lat' dir='ltr'>scriptum</span> <span class='ocrx_word' id='word_1_85' title='bbox 835 1103 1003 1152; x_wconf 79' lang='lat' dir='ltr'>reliquit.</span> 
     </span>
    </p>

    <p class='ocr_par' dir='ltr' id='par_1_6' title="bbox 488 1163 1445 1326">
     <span class='ocr_line' id='line_1_16' title="bbox 547 1163 1445 1215; baseline 0 -15"><span class='ocrx_word' id='word_1_86' title='bbox 547 1163 757 1201; x_wconf 80' lang='lat' dir='ltr'>Tractatus</span> <span class='ocrx_word' id='word_1_87' title='bbox 786 1163 832 1201; x_wconf 85' lang='lat' dir='ltr'>a&#39;e</span> <span class='ocrx_word' id='word_1_88' title='bbox 854 1167 1043 1215; x_wconf 82' lang='lat' dir='ltr'>potestate</span> <span class='ocrx_word' id='word_1_89' title='bbox 1069 1163 1220 1214; x_wconf 73' lang='lat' dir='ltr'>lr&#39;yandi</span> <span class='ocrx_word' id='word_1_90' title='bbox 1241 1167 1279 1201; x_wconf 83' lang='lat' dir='ltr'>et</span> <span class='ocrx_word' id='word_1_91' title='bbox 1298 1163 1445 1203; x_wconf 78' lang='lat' dir='ltr'>soloen-</span> 
     </span>
     <span class='ocr_line' id='line_1_17' title="bbox 488 1225 1445 1277; baseline 0.001 -14"><span class='ocrx_word' id='word_1_92' title='bbox 488 1225 552 1269; x_wconf 77' lang='lat' dir='ltr'>di,</span> <span class='ocrx_word' id='word_1_93' title='bbox 585 1238 620 1276; x_wconf 88' lang='lat' dir='ltr'>p.</span> <span class='ocrx_word' id='word_1_94' title='bbox 651 1227 739 1264; x_wconf 67' lang='grc'><strong>328.</strong></span> <span class='ocrx_word' id='word_1_95' title='bbox 773 1227 880 1264; x_wconf 81' lang='lat' dir='ltr'>Paris</span> <span class='ocrx_word' id='word_1_96' title='bbox 911 1226 1013 1277; x_wconf 79' lang='lat' dir='ltr'>apud</span> <span class='ocrx_word' id='word_1_97' title='bbox 1047 1227 1142 1265; x_wconf 86' lang='lat' dir='ltr'>Sim.</span> <span class='ocrx_word' id='word_1_98' title='bbox 1188 1226 1445 1274; x_wconf 83' lang='lat' dir='ltr'>Colinaeum,</span> 
     </span>
     <span class='ocr_line' id='line_1_18' title="bbox 490 1288 700 1326; baseline -0.005 0"><span class='ocrx_word' id='word_1_99' title='bbox 490 1289 604 1326; x_wconf 69' lang='lat'><strong>⁴534.</strong></span> <span class='ocrx_word' id='word_1_100' title='bbox 639 1288 700 1326; x_wconf 71' lang='lat'>42.</span> 
     </span>
    </p>

    <p class='ocr_par' dir='ltr' id='par_1_7' title="bbox 488 1348 1444 1461">
     <span class='ocr_line' id='line_1_19' title="bbox 542 1348 1444 1401; baseline 0.001 -15"><span class='ocrx_word' id='word_1_101' title='bbox 542 1350 595 1387; x_wconf 90' lang='lat' dir='ltr'>De</span> <span class='ocrx_word' id='word_1_102' title='bbox 625 1348 859 1388; x_wconf 76' lang='lat' dir='ltr'>meditandis</span> <span class='ocrx_word' id='word_1_103' title='bbox 885 1349 1035 1401; x_wconf 69' lang='lat' dir='ltr'>playis,</span> <span class='ocrx_word' id='word_1_104' title='bbox 1060 1349 1303 1401; x_wconf 75' lang='lat' dir='ltr'>quaecirca</span> <span class='ocrx_word' id='word_1_105' title='bbox 1329 1349 1444 1399; x_wconf 82' lang='lat' dir='ltr'>finem</span> 
     </span>
     <span class='ocr_line' id='line_1_20' title="bbox 488 1410 1037 1461; baseline 0 -13"><span class='ocrx_word' id='word_1_106' title='bbox 488 1410 627 1449; x_wconf 84' lang='lat' dir='ltr'>mundi</span> <span class='ocrx_word' id='word_1_107' title='bbox 653 1411 854 1457; x_wconf 77' lang='lat' dir='ltr'>evenient,</span> <span class='ocrx_word' id='word_1_108' title='bbox 888 1423 924 1461; x_wconf 87' lang='lat' dir='ltr'>p.</span> <span class='ocrx_word' id='word_1_109' title='bbox 950 1414 1037 1450; x_wconf 83' lang='lat'>337.</span> 
     </span>
    </p>

    <p class='ocr_par' dir='ltr' id='par_1_8' title="bbox 485 1471 1444 1585">
     <span class='ocr_line' id='line_1_21' title="bbox 540 1471 1444 1523; baseline 0.003 -15"><span class='ocrx_word' id='word_1_110' title='bbox 540 1473 593 1509; x_wconf 89' lang='lat' dir='ltr'>De</span> <span class='ocrx_word' id='word_1_111' title='bbox 607 1471 832 1522; x_wconf 67' lang='lat' dir='ltr'>judiciaria</span> <span class='ocrx_word' id='word_1_112' title='bbox 848 1504 857 1519; x_wconf 81' lang='lat'>,</span> <span class='ocrx_word' id='word_1_113' title='bbox 884 1476 1075 1523; x_wconf 83' lang='lat' dir='ltr'>potestate</span> <span class='ocrx_word' id='word_1_114' title='bbox 1102 1473 1139 1510; x_wconf 82' lang='lat' dir='ltr'>in</span> <span class='ocrx_word' id='word_1_115' title='bbox 1158 1471 1275 1522; x_wconf 83' lang='lat' dir='ltr'>finali</span> <span class='ocrx_word' id='word_1_116' title='bbox 1297 1476 1333 1511; x_wconf 88' lang='lat' dir='ltr'>et</span> <span class='ocrx_word' id='word_1_117' title='bbox 1359 1474 1444 1511; x_wconf 73' lang='lat' dir='ltr'>mii-</span> 
     </span>
     <span class='ocr_line' id='line_1_22' title="bbox 485 1533 1021 1585; baseline 0.002 -14"><span class='ocrx_word' id='word_1_118' title='bbox 485 1533 634 1572; x_wconf 77' lang='lat' dir='ltr'>-versali</span> <span class='ocrx_word' id='word_1_119' title='bbox 652 1534 831 1585; x_wconf 82' lang='lat' dir='ltr'>judicio,</span> <span class='ocrx_word' id='word_1_120' title='bbox 865 1548 898 1585; x_wconf 88' lang='lat' dir='ltr'>p.</span> <span class='ocrx_word' id='word_1_121' title='bbox 931 1535 1021 1574; x_wconf 63' lang='lat'>342.</span> 
     </span>
    </p>

    <p class='ocr_par' dir='ltr' id='par_1_9' title="bbox 550 1595 1289 1648">
     <span class='ocr_line' id='line_1_23' title="bbox 550 1595 1289 1648; baseline 0.001 -15"><span class='ocrx_word' id='word_1_122' title='bbox 550 1596 604 1633; x_wconf 88' lang='lat' dir='ltr'>De</span> <span class='ocrx_word' id='word_1_123' title='bbox 632 1595 778 1647; x_wconf 81' lang='lat' dir='ltr'>spiritu</span> <span class='ocrx_word' id='word_1_124' title='bbox 809 1595 1097 1648; x_wconf 77' lang='lat' dir='ltr'>blasphemiae,</span> <span class='ocrx_word' id='word_1_125' title='bbox 1131 1610 1171 1647; x_wconf 83' lang='lat' dir='ltr'>p.</span> <span class='ocrx_word' id='word_1_126' title='bbox 1199 1598 1289 1634; x_wconf 81' lang='grc'><strong>346.</strong></span> 
     </span>
    </p>

    <p class='ocr_par' dir='ltr' id='par_1_10' title="bbox 550 1656 1281 1708">
     <span class='ocr_line' id='line_1_24' title="bbox 550 1656 1281 1708; baseline 0.003 -15"><span class='ocrx_word' id='word_1_127' title='bbox 550 1658 601 1694; x_wconf 90' lang='lat' dir='ltr'>De</span> <span class='ocrx_word' id='word_1_128' title='bbox 627 1656 825 1706; x_wconf 72' lang='lat' dir='ltr'>¹aradibus</span> <span class='ocrx_word' id='word_1_129' title='bbox 854 1657 1064 1695; x_wconf 82' lang='lat' dir='ltr'>charitatis</span> <span class='ocrx_word' id='word_1_130' title='bbox 1083 1688 1091 1701; x_wconf 80' lang='lat'>,</span> <span class='ocrx_word' id='word_1_131' title='bbox 1123 1670 1159 1708; x_wconf 88' lang='lat' dir='ltr'>p.</span> <span class='ocrx_word' id='word_1_132' title='bbox 1192 1659 1281 1695; x_wconf 83' lang='grc'><strong>349.</strong></span> 
     </span>
    </p>

    <p class='ocr_par' dir='ltr' id='par_1_11' title="bbox 543 1717 1440 1768">
     <span class='ocr_line' id='line_1_25' title="bbox 543 1717 1440 1768; baseline 0 -14"><span class='ocrx_word' id='word_1_133' title='bbox 543 1718 597 1754; x_wconf 86' lang='lat' dir='ltr'>De</span> <span class='ocrx_word' id='word_1_134' title='bbox 626 1723 800 1768; x_wconf 83' lang='lat' dir='ltr'>quatuor</span> <span class='ocrx_word' id='word_1_135' title='bbox 826 1717 1023 1768; x_wconf 71' lang='lat' dir='ltr'>yradibus</span> <span class='ocrx_word' id='word_1_136' title='bbox 1049 1717 1241 1756; x_wconf 86' lang='lat' dir='ltr'>violentae</span> <span class='ocrx_word' id='word_1_137' title='bbox 1265 1717 1440 1755; x_wconf 82' lang='lat' dir='ltr'>charita-</span> 
     </span>
    </p>
   </div>
   <div class='ocr_carea' id='block_1_6' title="bbox 423 1779 750 1828">
    <p class='ocr_par' dir='ltr' id='par_1_12' title="bbox 423 1779 750 1828">
     <span class='ocr_line' id='line_1_26' title="bbox 423 1779 750 1828; baseline 0.006 -13"><span class='ocrx_word' id='word_1_138' title='bbox 423 1794 429 1803; x_wconf 87' lang='lat'>··</span> <span class='ocrx_word' id='word_1_139' title='bbox 486 1779 560 1825; x_wconf 79' lang='lat' dir='ltr'>tis,</span> <span class='ocrx_word' id='word_1_140' title='bbox 593 1791 628 1828; x_wconf 88' lang='lat' dir='ltr'>p.</span> <span class='ocrx_word' id='word_1_141' title='bbox 660 1779 750 1817; x_wconf 74' lang='lat'><strong>355.</strong></span> 
     </span>
    </p>
   </div>
   <div class='ocr_carea' id='block_1_7' title="bbox 474 1840 1437 3373">
    <p class='ocr_par' dir='ltr' id='par_1_13' title="bbox 540 1840 1243 1892">
     <span class='ocr_line' id='line_1_27' title="bbox 540 1840 1243 1892; baseline 0.001 -15"><span class='ocrx_word' id='word_1_142' title='bbox 540 1841 594 1878; x_wconf 88' lang='lat' dir='ltr'>De</span> <span class='ocrx_word' id='word_1_143' title='bbox 620 1840 772 1890; x_wconf 72' lang='lat' dir='ltr'>yemino</span> <span class='ocrx_word' id='word_1_144' title='bbox 797 1840 1022 1887; x_wconf 87' lang='lat' dir='ltr'>Paschate,</span> <span class='ocrx_word' id='word_1_145' title='bbox 1053 1854 1091 1892; x_wconf 87' lang='lat' dir='ltr'>p.</span> <span class='ocrx_word' id='word_1_146' title='bbox 1122 1842 1213 1879; x_wconf 89' lang='lat'><strong>363.</strong></span> <span class='ocrx_word' id='word_1_147' title='bbox 1238 1858 1243 1862; x_wconf 82' lang='grc'><em>·</em></span> 
     </span>
    </p>

    <p class='ocr_par' dir='ltr' id='par_1_14' title="bbox 537 1902 1250 1958">
     <span class='ocr_line' id='line_1_28' title="bbox 537 1902 1250 1958; baseline 0 -17"><span class='ocrx_word' id='word_1_148' title='bbox 537 1903 675 1941; x_wconf 82' lang='lat' dir='ltr'>Sermo</span> <span class='ocrx_word' id='word_1_149' title='bbox 707 1902 745 1940; x_wconf 82' lang='lat' dir='ltr'>in</span> <span class='ocrx_word' id='word_1_150' title='bbox 774 1902 836 1940; x_wconf 89' lang='lat' dir='ltr'>die</span> <span class='ocrx_word' id='word_1_151' title='bbox 867 1903 1062 1951; x_wconf 77' lang='lat' dir='ltr'>Paschae7</span> <span class='ocrx_word' id='word_1_152' title='bbox 1089 1916 1130 1958; x_wconf 71' lang='lat' dir='ltr'>p.</span> <span class='ocrx_word' id='word_1_153' title='bbox 1162 1904 1250 1942; x_wconf 87' lang='lat'><strong>367.</strong></span> 
     </span>
    </p>

    <p class='ocr_par' dir='ltr' id='par_1_15' title="bbox 483 1962 1437 2075">
     <span class='ocr_line' id='line_1_29' title="bbox 544 1962 1437 2018; baseline 0.002 -18"><span class='ocrx_word' id='word_1_154' title='bbox 544 1962 838 2002; x_wconf 85' lang='lat' dir='ltr'>Declarationes</span> <span class='ocrx_word' id='word_1_155' title='bbox 858 1964 1139 2003; x_wconf 80' lang='lat' dir='ltr'>nonnullarum</span> <span class='ocrx_word' id='word_1_156' title='bbox 1163 1964 1437 2018; x_wconf 77' lang='lat' dir='ltr'>difficultatum</span> 
     </span>
     <span class='ocr_line' id='line_1_30' title="bbox 483 2024 1006 2075; baseline 0.004 -14"><span class='ocrx_word' id='word_1_157' title='bbox 483 2025 522 2061; x_wconf 85' lang='lat' dir='ltr'>S.</span> <span class='ocrx_word' id='word_1_158' title='bbox 555 2024 817 2075; x_wconf 81' lang='lat' dir='ltr'>Scripturae‚</span> <span class='ocrx_word' id='word_1_159' title='bbox 850 2038 884 2075; x_wconf 84' lang='lat' dir='ltr'>p.</span> <span class='ocrx_word' id='word_1_160' title='bbox 919 2026 1006 2064; x_wconf 87' lang='lat'>370.</span> 
     </span>
    </p>

    <p class='ocr_par' dir='ltr' id='par_1_16' title="bbox 481 2086 1436 2197">
     <span class='ocr_line' id='line_1_31' title="bbox 538 2086 1436 2137; baseline 0.006 -16"><span class='ocrx_word' id='word_1_161' title='bbox 538 2086 734 2134; x_wconf 81' lang='lat' dir='ltr'>Quomodo</span> <span class='ocrx_word' id='word_1_162' title='bbox 778 2087 954 2137; x_wconf 76' lang='lat' dir='ltr'>Spiritus</span> <span class='ocrx_word' id='word_1_163' title='bbox 984 2089 1022 2126; x_wconf 84' lang='lat' dir='ltr'>S.</span> <span class='ocrx_word' id='word_1_164' title='bbox 1056 2091 1113 2126; x_wconf 88' lang='lat' dir='ltr'>est</span> <span class='ocrx_word' id='word_1_165' title='bbox 1142 2099 1255 2126; x_wconf 85' lang='lat' dir='ltr'>amor</span> <span class='ocrx_word' id='word_1_166' title='bbox 1298 2088 1436 2126; x_wconf 80' lang='lat' dir='ltr'>Patris</span> 
     </span>
     <span class='ocr_line' id='line_1_32' title="bbox 481 2145 848 2197; baseline 0.003 -14"><span class='ocrx_word' id='word_1_167' title='bbox 481 2150 518 2183; x_wconf 83' lang='lat' dir='ltr'>el</span> <span class='ocrx_word' id='word_1_168' title='bbox 547 2145 662 2193; x_wconf 81' lang='lat' dir='ltr'>Filii,</span> <span class='ocrx_word' id='word_1_169' title='bbox 694 2159 727 2197; x_wconf 90' lang='lat' dir='ltr'>p.</span> <span class='ocrx_word' id='word_1_170' title='bbox 760 2148 848 2187; x_wconf 82' lang='lat'><strong>375.</strong></span> 
     </span>
    </p>

    <p class='ocr_par' dir='ltr' id='par_1_17' title="bbox 481 2208 1435 2320">
     <span class='ocr_line' id='line_1_33' title="bbox 538 2208 1435 2259; baseline 0.003 -15"><span class='ocrx_word' id='word_1_171' title='bbox 538 2208 591 2245; x_wconf 85' lang='lat' dir='ltr'>De</span> <span class='ocrx_word' id='word_1_172' title='bbox 615 2208 842 2258; x_wconf 77' lang='lat' dir='ltr'>differentia</span> <span class='ocrx_word' id='word_1_173' title='bbox 867 2214 1019 2259; x_wconf 75' lang='lat' dir='ltr'>pcccati</span> <span class='ocrx_word' id='word_1_174' title='bbox 1043 2209 1224 2248; x_wconf 86' lang='lat' dir='ltr'>mortalis</span> <span class='ocrx_word' id='word_1_175' title='bbox 1245 2215 1281 2248; x_wconf 88' lang='lat' dir='ltr'>et</span> <span class='ocrx_word' id='word_1_176' title='bbox 1302 2210 1435 2249; x_wconf 80' lang='lat' dir='ltr'>venia-</span> 
     </span>
     <span class='ocr_line' id='line_1_34' title="bbox 481 2269 738 2320; baseline 0.008 -15"><span class='ocrx_word' id='word_1_177' title='bbox 481 2269 553 2314; x_wconf 84' lang='lat' dir='ltr'>lis,</span> <span class='ocrx_word' id='word_1_178' title='bbox 584 2282 619 2320; x_wconf 87' lang='lat' dir='ltr'>p.</span> <span class='ocrx_word' id='word_1_179' title='bbox 650 2270 738 2307; x_wconf 85' lang='lat'><strong>376.</strong></span> 
     </span>
    </p>

    <p class='ocr_par' dir='ltr' id='par_1_18' title="bbox 478 2331 1431 2441">
     <span class='ocr_line' id='line_1_35' title="bbox 532 2331 1431 2384; baseline 0.007 -17"><span class='ocrx_word' id='word_1_180' title='bbox 532 2331 586 2368; x_wconf 87' lang='lat' dir='ltr'>De</span> <span class='ocrx_word' id='word_1_181' title='bbox 636 2331 971 2382; x_wconf 79' lang='lat' dir='ltr'>supereoecellenti</span> <span class='ocrx_word' id='word_1_182' title='bbox 1016 2331 1208 2384; x_wconf 84' lang='lat' dir='ltr'>baptismo</span> <span class='ocrx_word' id='word_1_183' title='bbox 1254 2333 1407 2373; x_wconf 83' lang='lat' dir='ltr'>Christi</span> <span class='ocrx_word' id='word_1_184' title='bbox 1420 2347 1431 2380; x_wconf 88' lang='lat'>‚·</span> 
     </span>
     <span class='ocr_line' id='line_1_36' title="bbox 478 2391 633 2441; baseline 0 -13"><span class='ocrx_word' id='word_1_185' title='bbox 478 2403 514 2441; x_wconf 88' lang='lat' dir='ltr'>p.</span> <span class='ocrx_word' id='word_1_186' title='bbox 545 2391 633 2430; x_wconf 89' lang='grc'><strong>377.</strong></span> 
     </span>
    </p>

    <p class='ocr_par' dir='ltr' id='par_1_19' title="bbox 478 2453 1431 2553">
     <span class='ocr_line' id='line_1_37' title="bbox 531 2453 1431 2508; baseline 0.006 -17"><span class='ocrx_word' id='word_1_187' title='bbox 531 2454 669 2491; x_wconf 83' lang='lat' dir='ltr'>Sermo</span> <span class='ocrx_word' id='word_1_188' title='bbox 699 2453 744 2492; x_wconf 81' lang='lat' dir='ltr'>de</span> <span class='ocrx_word' id='word_1_189' title='bbox 773 2455 957 2494; x_wconf 84' lang='lat' dir='ltr'>missione</span> <span class='ocrx_word' id='word_1_190' title='bbox 987 2456 1161 2507; x_wconf 78' lang='lat' dir='ltr'>Spiritus</span> <span class='ocrx_word' id='word_1_191' title='bbox 1191 2458 1354 2506; x_wconf 83' lang='lat' dir='ltr'>Sancti,</span> <span class='ocrx_word' id='word_1_192' title='bbox 1396 2471 1431 2508; x_wconf 88' lang='lat' dir='ltr'>p.</span> 
     </span>
     <span class='ocr_line' id='line_1_38' title="bbox 478 2515 567 2553; baseline -0.022 0"><span class='ocrx_word' id='word_1_193' title='bbox 478 2515 567 2553; x_wconf 83' lang='grc'><strong>380.</strong></span> 
     </span>
    </p>

    <p class='ocr_par' dir='ltr' id='par_1_20' title="bbox 477 2578 1433 2692">
     <span class='ocr_line' id='line_1_39' title="bbox 533 2578 1433 2631; baseline 0.006 -17"><span class='ocrx_word' id='word_1_194' title='bbox 533 2578 586 2615; x_wconf 89' lang='lat' dir='ltr'>De</span> <span class='ocrx_word' id='word_1_195' title='bbox 615 2579 910 2629; x_wconf 83' lang='lat' dir='ltr'>comparatione</span> <span class='ocrx_word' id='word_1_196' title='bbox 943 2579 1096 2619; x_wconf 80' lang='lat' dir='ltr'>Christi</span> <span class='ocrx_word' id='word_1_197' title='bbox 1122 2579 1176 2619; x_wconf 89' lang='lat' dir='ltr'>ad</span> <span class='ocrx_word' id='word_1_198' title='bbox 1199 2581 1339 2631; x_wconf 79' lang='lat' dir='ltr'>florem</span> <span class='ocrx_word' id='word_1_199' title='bbox 1356 2613 1365 2628; x_wconf 89' lang='lat'>,</span> <span class='ocrx_word' id='word_1_200' title='bbox 1396 2585 1433 2619; x_wconf 82' lang='lat' dir='ltr'>et</span> 
     </span>
     <span class='ocr_line' id='line_1_40' title="bbox 477 2638 1111 2692; baseline 0.006 -17"><span class='ocrx_word' id='word_1_201' title='bbox 477 2638 630 2677; x_wconf 86' lang='lat' dir='ltr'>Mariae</span> <span class='ocrx_word' id='word_1_202' title='bbox 657 2640 712 2677; x_wconf 86' lang='lat' dir='ltr'>ad</span> <span class='ocrx_word' id='word_1_203' title='bbox 738 2641 920 2691; x_wconf 71' lang='lat' dir='ltr'>viryam,</span> <span class='ocrx_word' id='word_1_204' title='bbox 953 2654 987 2692; x_wconf 89' lang='lat' dir='ltr'>p.</span> <span class='ocrx_word' id='word_1_205' title='bbox 1021 2644 1111 2681; x_wconf 84' lang='lat'><strong>386.</strong></span> 
     </span>
    </p>

    <p class='ocr_par' dir='ltr' id='par_1_21' title="bbox 474 2700 1430 2814">
     <span class='ocr_line' id='line_1_41' title="bbox 531 2700 1430 2755; baseline 0.004 -17"><span class='ocrx_word' id='word_1_206' title='bbox 531 2700 727 2748; x_wconf 83' lang='lat' dir='ltr'>Quomodo</span> <span class='ocrx_word' id='word_1_207' title='bbox 769 2702 956 2742; x_wconf 78' lang='lat' dir='ltr'>Christus</span> <span class='ocrx_word' id='word_1_208' title='bbox 986 2705 1149 2755; x_wconf 80' lang='lat' dir='ltr'>ponitur</span> <span class='ocrx_word' id='word_1_209' title='bbox 1193 2706 1234 2744; x_wconf 81' lang='lat' dir='ltr'>in</span> <span class='ocrx_word' id='word_1_210' title='bbox 1275 2705 1430 2755; x_wconf 66' lang='lat' dir='ltr'>sianum</span> 
     </span>
     <span class='ocr_line' id='line_1_42' title="bbox 474 2761 926 2814; baseline 0.013 -17"><span class='ocrx_word' id='word_1_211' title='bbox 474 2761 743 2812; x_wconf 81' lang='lat' dir='ltr'>populorum,</span> <span class='ocrx_word' id='word_1_212' title='bbox 775 2776 798 2814; x_wconf 88' lang='lat' dir='ltr'>p</span> <span class='ocrx_word' id='word_1_213' title='bbox 838 2765 926 2803; x_wconf 86' lang='lat'><strong>387.</strong></span> 
     </span>
    </p>

    <p class='ocr_par' dir='ltr' id='par_1_22' title="bbox 475 2824 1432 2998">
     <span class='ocr_line' id='line_1_43' title="bbox 532 2824 1432 2881; baseline 0.008 -22"><span class='ocrx_word' id='word_1_214' title='bbox 532 2824 582 2860; x_wconf 82' lang='lat' dir='ltr'>De</span> <span class='ocrx_word' id='word_1_215' title='bbox 611 2824 806 2875; x_wconf 84' lang='lat' dir='ltr'>sacrificio</span> <span class='ocrx_word' id='word_1_216' title='bbox 838 2827 968 2865; x_wconf 82' lang='lat' dir='ltr'>David</span> <span class='ocrx_word' id='word_1_217' title='bbox 996 2827 1241 2880; x_wconf 78' lang='lat' dir='ltr'>Prophetae,</span> <span class='ocrx_word' id='word_1_218' title='bbox 1274 2833 1308 2867; x_wconf 88' lang='lat' dir='ltr'>el</span> <span class='ocrx_word' id='word_1_219' title='bbox 1336 2828 1432 2881; x_wconf 80' lang='lat' dir='ltr'>quid</span> 
     </span>
     <span class='ocr_line' id='line_1_44' title="bbox 475 2883 1430 2939; baseline 0.008 -19"><span class='ocrx_word' id='word_1_220' title='bbox 475 2883 592 2922; x_wconf 86' lang='lat' dir='ltr'>distet</span> <span class='ocrx_word' id='word_1_221' title='bbox 619 2885 722 2924; x_wconf 82' lang='lat' dir='ltr'>inter</span> <span class='ocrx_word' id='word_1_222' title='bbox 753 2886 881 2937; x_wconf 86' lang='lat' dir='ltr'>ipsum</span> <span class='ocrx_word' id='word_1_223' title='bbox 913 2893 949 2926; x_wconf 89' lang='lat' dir='ltr'>et</span> <span class='ocrx_word' id='word_1_224' title='bbox 975 2889 1220 2939; x_wconf 69' lang='lat' dir='ltr'>sacrificium</span> <span class='ocrx_word' id='word_1_225' title='bbox 1244 2889 1430 2928; x_wconf 84' lang='lat' dir='ltr'>Abrahae</span> 
     </span>
     <span class='ocr_line' id='line_1_45' title="bbox 475 2946 947 2998; baseline 0.008 -15"><span class='ocrx_word' id='word_1_226' title='bbox 475 2946 758 2995; x_wconf 81' lang='lat' dir='ltr'>Patriarchae‚</span> <span class='ocrx_word' id='word_1_227' title='bbox 790 2961 825 2998; x_wconf 88' lang='lat' dir='ltr'>p.</span> <span class='ocrx_word' id='word_1_228' title='bbox 857 2950 947 2987; x_wconf 85' lang='lat'><strong>389.</strong></span> 
     </span>
    </p>

    <p class='ocr_par' dir='ltr' id='par_1_23' title="bbox 475 3009 1430 3126">
     <span class='ocr_line' id='line_1_46' title="bbox 527 3009 1430 3064; baseline 0.006 -19"><span class='ocrx_word' id='word_1_229' title='bbox 527 3009 582 3047; x_wconf 91' lang='lat' dir='ltr'>De</span> <span class='ocrx_word' id='word_1_230' title='bbox 610 3009 838 3059; x_wconf 77' lang='lat' dir='ltr'>differentia</span> <span class='ocrx_word' id='word_1_231' title='bbox 866 3012 1061 3064; x_wconf 76' lang='lat' dir='ltr'>sacrificii</span> <span class='ocrx_word' id='word_1_232' title='bbox 1087 3012 1275 3053; x_wconf 81' lang='lat' dir='ltr'>Abrahae</span> <span class='ocrx_word' id='word_1_233' title='bbox 1312 3025 1338 3051; x_wconf 87' lang='lat' dir='ltr'>a</span> <span class='ocrx_word' id='word_1_234' title='bbox 1367 3024 1430 3051; x_wconf 87' lang='lat' dir='ltr'>sa-</span> 
     </span>
     <span class='ocr_line' id='line_1_47' title="bbox 475 3070 1308 3126; baseline 0.011 -20"><span class='ocrx_word' id='word_1_235' title='bbox 475 3070 622 3120; x_wconf 78' lang='lat' dir='ltr'>crificio</span> <span class='ocrx_word' id='word_1_236' title='bbox 651 3072 694 3108; x_wconf 88' lang='lat' dir='ltr'>B.</span> <span class='ocrx_word' id='word_1_237' title='bbox 726 3073 882 3112; x_wconf 75' lang='lat' dir='ltr'>Maricm</span> <span class='ocrx_word' id='word_1_238' title='bbox 920 3074 1120 3123; x_wconf 67' lang='lat' dir='ltr'>Virqinis,</span> <span class='ocrx_word' id='word_1_239' title='bbox 1153 3087 1187 3126; x_wconf 88' lang='lat' dir='ltr'>p.</span> <span class='ocrx_word' id='word_1_240' title='bbox 1219 3076 1308 3114; x_wconf 84' lang='grc'><strong>394.</strong></span> 
     </span>
    </p>

    <p class='ocr_par' dir='ltr' id='par_1_24' title="bbox 868 3138 1036 3174">
     <span class='ocr_line' id='line_1_48' title="bbox 868 3138 1036 3174; baseline 0 0"><span class='ocrx_word' id='word_1_241' title='bbox 868 3138 960 3174; x_wconf 82' lang='lat' dir='ltr'>l&#39;ars</span> <span class='ocrx_word' id='word_1_242' title='bbox 991 3138 1036 3174; x_wconf 93' lang='lat' dir='ltr'>ll.</span> 
     </span>
    </p>

    <p class='ocr_par' dir='ltr' id='par_1_25' title="bbox 477 3193 1431 3312">
     <span class='ocr_line' id='line_1_49' title="bbox 531 3193 1430 3251; baseline 0.006 -21"><span class='ocrx_word' id='word_1_243' title='bbox 531 3193 736 3243; x_wconf 61' lang='lat' dir='ltr'>Exposia&#39;o</span> <span class='ocrx_word' id='word_1_244' title='bbox 764 3196 1039 3251; x_wconf 80' lang='lat' dir='ltr'>difficultatum</span> <span class='ocrx_word' id='word_1_245' title='bbox 1068 3197 1354 3238; x_wconf 78' lang='lat' dir='ltr'>suborientium</span> <span class='ocrx_word' id='word_1_246' title='bbox 1392 3199 1430 3236; x_wconf 83' lang='lat' dir='ltr'>in</span> 
     </span>
     <span class='ocr_line' id='line_1_50' title="bbox 477 3251 1431 3312; baseline 0.01 -25"><span class='ocrx_word' id='word_1_247' title='bbox 477 3251 731 3303; x_wconf 71' lang='lat' dir='ltr'>descriptione</span> <span class='ocrx_word' id='word_1_248' title='bbox 766 3259 1030 3299; x_wconf 80' lang='lat' dir='ltr'>Tabernaculi</span> <span class='ocrx_word' id='word_1_249' title='bbox 1053 3260 1251 3312; x_wconf 79' lang='lat' dir='ltr'>foederis,</span> <span class='ocrx_word' id='word_1_250' title='bbox 1283 3273 1317 3312; x_wconf 88' lang='lat' dir='ltr'>p.</span> <span class='ocrx_word' id='word_1_251' title='bbox 1345 3261 1431 3299; x_wconf 71' lang='lat'>402.</span> 
     </span>
    </p>

    <p class='ocr_par' dir='ltr' id='par_1_26' title="bbox 531 3311 1422 3373">
     <span class='ocr_line' id='line_1_51' title="bbox 531 3311 1422 3373; baseline 0.006 -19"><span class='ocrx_word' id='word_1_252' title='bbox 531 3311 588 3347; x_wconf 62' lang='lat' dir='ltr'>De</span> <span class='ocrx_word' id='word_1_253' title='bbox 609 3317 976 3365; x_wconf 64' lang='lat' dir='ltr'>rvmplosalomom&#39;s</span> <span class='ocrx_word' id='word_1_254' title='bbox 999 3322 1053 3359; x_wconf 86' lang='lat' dir='ltr'>ad</span> <span class='ocrx_word' id='word_1_255' title='bbox 1076 3322 1250 3365; x_wconf 73' lang='lat' dir='ltr'>literam.</span> <span class='ocrx_word' id='word_1_256' title='bbox 1276 3335 1310 3373; x_wconf 87' lang='lat' dir='ltr'>p.</span> <span class='ocrx_word' id='word_1_257' title='bbox 1336 3323 1422 3360; x_wconf 78' lang='grc'><strong>408.</strong></span> 
     </span>
    </p>
   </div>
   <div class='ocr_carea' id='block_1_8' title="bbox 1271 234 1702 272">
    <p class='ocr_par' dir='ltr' id='par_1_27' title="bbox 1271 234 1702 272">
     <span class='ocr_line' id='line_1_52' title="bbox 1271 234 1702 272; baseline 0 -2"><span class='ocrx_word' id='word_1_258' title='bbox 1271 234 1702 272; x_wconf 59' lang='lat' dir='ltr'>{nullatinus</span> 
     </span>
    </p>
   </div>
   <div class='ocr_carea' id='block_1_9' title="bbox 1504 303 2505 2690">
    <p class='ocr_par' dir='ltr' id='par_1_28' title="bbox 1520 303 2479 418">
     <span class='ocr_line' id='line_1_53' title="bbox 1577 303 2479 356; baseline 0.008 -18"><span class='ocrx_word' id='word_1_259' title='bbox 1577 303 1632 339; x_wconf 86' lang='lat' dir='ltr'>De</span> <span class='ocrx_word' id='word_1_260' title='bbox 1661 303 1870 342; x_wconf 83' lang='lat' dir='ltr'>concordia</span> <span class='ocrx_word' id='word_1_261' title='bbox 1900 307 2117 355; x_wconf 80' lang='lat' dir='ltr'>temporum</span> <span class='ocrx_word' id='word_1_262' title='bbox 2148 307 2297 356; x_wconf 76' lang='lat' dir='ltr'>Requm</span> <span class='ocrx_word' id='word_1_263' title='bbox 2343 317 2479 346; x_wconf 85' lang='lat' dir='ltr'>conre-</span> 
     </span>
     <span class='ocr_line' id='line_1_54' title="bbox 1520 363 2473 418; baseline 0.01 -20"><span class='ocrx_word' id='word_1_264' title='bbox 1520 363 1730 411; x_wconf 69' lang='lat' dir='ltr'>ynantium</span> <span class='ocrx_word' id='word_1_265' title='bbox 1758 375 1878 415; x_wconf 81' lang='lat' dir='ltr'>super</span> <span class='ocrx_word' id='word_1_266' title='bbox 1904 366 2048 404; x_wconf 79' lang='lat' dir='ltr'>Juclam</span> <span class='ocrx_word' id='word_1_267' title='bbox 2079 371 2114 405; x_wconf 79' lang='lat' dir='ltr'>et</span> <span class='ocrx_word' id='word_1_268' title='bbox 2143 366 2296 416; x_wconf 79' lang='lat' dir='ltr'>Israel,</span> <span class='ocrx_word' id='word_1_269' title='bbox 2321 379 2356 418; x_wconf 90' lang='lat' dir='ltr'>p.</span> <span class='ocrx_word' id='word_1_270' title='bbox 2384 369 2473 408; x_wconf 74' lang='grc'><strong>446.</strong></span> 
     </span>
    </p>

    <p class='ocr_par' dir='ltr' id='par_1_29' title="bbox 1521 424 2474 540">
     <span class='ocr_line' id='line_1_55' title="bbox 1577 424 2474 480; baseline 0.008 -19"><span class='ocrx_word' id='word_1_271' title='bbox 1577 424 1774 475; x_wconf 82' lang='lat' dir='ltr'>Mysticae</span> <span class='ocrx_word' id='word_1_272' title='bbox 1798 427 2067 466; x_wconf 79' lang='lat' dir='ltr'>annotationes</span> <span class='ocrx_word' id='word_1_273' title='bbox 2086 428 2474 480; x_wconf 74' lang='lat' dir='ltr'>quamplurimorum</span> 
     </span>
     <span class='ocr_line' id='line_1_56' title="bbox 1521 485 2368 540; baseline 0.007 -18"><span class='ocrx_word' id='word_1_274' title='bbox 1521 496 1712 523; x_wconf 82' lang='lat' dir='ltr'>versuum</span> <span class='ocrx_word' id='word_1_275' title='bbox 1744 485 1993 525; x_wconf 86' lang='lat' dir='ltr'>Psalmorum</span> <span class='ocrx_word' id='word_1_276' title='bbox 2024 490 2156 528; x_wconf 79' lang='lat' dir='ltr'>David</span> <span class='ocrx_word' id='word_1_277' title='bbox 2173 520 2179 533; x_wconf 89' lang='grc'>,</span> <span class='ocrx_word' id='word_1_278' title='bbox 2211 502 2247 540; x_wconf 88' lang='lat' dir='ltr'>p.</span> <span class='ocrx_word' id='word_1_279' title='bbox 2279 490 2368 528; x_wconf 73' lang='grc'><strong>425.</strong></span> 
     </span>
    </p>

    <p class='ocr_par' dir='ltr' id='par_1_30' title="bbox 1576 547 2476 601">
     <span class='ocr_line' id='line_1_57' title="bbox 1576 547 2476 601; baseline 0.007 -17"><span class='ocrx_word' id='word_1_280' title='bbox 1576 547 1623 584; x_wconf 88' lang='lat' dir='ltr'>In</span> <span class='ocrx_word' id='word_1_281' title='bbox 1639 547 1806 586; x_wconf 83' lang='lat' dir='ltr'>Cantica</span> <span class='ocrx_word' id='word_1_282' title='bbox 1822 547 2074 588; x_wconf 82' lang='lat' dir='ltr'>Canticorum</span> <span class='ocrx_word' id='word_1_283' title='bbox 2091 550 2318 601; x_wconf 55' lang='lat' dir='ltr'>explicatio,</span> <span class='ocrx_word' id='word_1_284' title='bbox 2336 563 2374 601; x_wconf 90' lang='lat' dir='ltr'>p.</span> <span class='ocrx_word' id='word_1_285' title='bbox 2386 552 2476 590; x_wconf 86' lang='grc'><strong>489.</strong></span> 
     </span>
    </p>

    <p class='ocr_par' dir='ltr' id='par_1_31' title="bbox 1523 608 2477 719">
     <span class='ocr_line' id='line_1_58' title="bbox 1584 608 2477 664; baseline 0.008 -20"><span class='ocrx_word' id='word_1_286' title='bbox 1584 608 1631 645; x_wconf 86' lang='lat' dir='ltr'>In</span> <span class='ocrx_word' id='word_1_287' title='bbox 1658 608 1848 647; x_wconf 79' lang='lat' dir='ltr'>vis-ionem</span> <span class='ocrx_word' id='word_1_288' title='bbox 1880 608 2098 649; x_wconf 80' lang='lat' dir='ltr'>Ezechielis</span> <span class='ocrx_word' id='word_1_289' title='bbox 2141 610 2308 651; x_wconf 80' lang='lat' dir='ltr'>literalis</span> <span class='ocrx_word' id='word_1_290' title='bbox 2347 611 2477 664; x_wconf 57' lang='lat' dir='ltr'>explil</span> 
     </span>
     <span class='ocr_line' id='line_1_59' title="bbox 1523 669 1844 719; baseline -0.009 -11"><span class='ocrx_word' id='word_1_291' title='bbox 1523 669 1624 708; x_wconf 83' lang='lat' dir='ltr'>catio</span> <span class='ocrx_word' id='word_1_292' title='bbox 1652 700 1659 718; x_wconf 89' lang='lat'>,</span> <span class='ocrx_word' id='word_1_293' title='bbox 1691 681 1726 719; x_wconf 87' lang='lat' dir='ltr'>p.</span> <span class='ocrx_word' id='word_1_294' title='bbox 1757 670 1844 708; x_wconf 68' lang='lat'>546.</span> 
     </span>
    </p>

    <p class='ocr_par' dir='ltr' id='par_1_32' title="bbox 1579 730 2302 783">
     <span class='ocr_line' id='line_1_60' title="bbox 1579 730 2302 783; baseline 0.006 -14"><span class='ocrx_word' id='word_1_295' title='bbox 1579 733 1632 770; x_wconf 82' lang='lat' dir='ltr'>De</span> <span class='ocrx_word' id='word_1_296' title='bbox 1660 731 1838 780; x_wconf 75' lang='lat' dir='ltr'>aedificio</span> <span class='ocrx_word' id='word_1_297' title='bbox 1871 730 2088 771; x_wconf 82' lang='lat' dir='ltr'>Ezechielis</span> <span class='ocrx_word' id='word_1_298' title='bbox 2106 763 2115 781; x_wconf 89' lang='lat'>,</span> <span class='ocrx_word' id='word_1_299' title='bbox 2145 744 2182 783; x_wconf 88' lang='lat' dir='ltr'>p.</span> <span class='ocrx_word' id='word_1_300' title='bbox 2212 735 2302 774; x_wconf 44' lang='lat'><strong>5491.</strong></span> 
     </span>
    </p>

    <p class='ocr_par' dir='ltr' id='par_1_33' title="bbox 1523 792 2472 905">
     <span class='ocr_line' id='line_1_61' title="bbox 1580 792 2472 849; baseline 0.001 -17"><span class='ocrx_word' id='word_1_301' title='bbox 1580 793 1806 845; x_wconf 72' lang='lat' dir='ltr'>Eoeplicatio</span> <span class='ocrx_word' id='word_1_302' title='bbox 1835 792 1989 844; x_wconf 80' lang='lat' dir='ltr'>aliquot</span> <span class='ocrx_word' id='word_1_303' title='bbox 2017 804 2214 844; x_wconf 77' lang='lat' dir='ltr'>passuum</span> <span class='ocrx_word' id='word_1_304' title='bbox 2244 795 2472 849; x_wconf 36' lang='lat' dir='ltr'>,difficilium</span> 
     </span>
     <span class='ocr_line' id='line_1_62' title="bbox 1523 855 1914 905; baseline 0 -13"><span class='ocrx_word' id='word_1_305' title='bbox 1523 855 1724 905; x_wconf 75' lang='lat' dir='ltr'>Apostoli,</span> <span class='ocrx_word' id='word_1_306' title='bbox 1757 867 1792 905; x_wconf 87' lang='lat' dir='ltr'>p.</span> <span class='ocrx_word' id='word_1_307' title='bbox 1823 855 1914 893; x_wconf 69' lang='lat'><strong>58⁴.</strong></span> 
     </span>
    </p>

    <p class='ocr_par' dir='ltr' id='par_1_34' title="bbox 1581 914 2474 968">
     <span class='ocr_line' id='line_1_63' title="bbox 1581 914 2474 968; baseline 0.003 -15"><span class='ocrx_word' id='word_1_308' title='bbox 1581 917 1625 953; x_wconf 84' lang='lat' dir='ltr'>In</span> <span class='ocrx_word' id='word_1_309' title='bbox 1635 915 1906 967; x_wconf 77' lang='lat' dir='ltr'>Apocalypsin</span> <span class='ocrx_word' id='word_1_310' title='bbox 1920 916 2100 964; x_wconf 76' lang='lat' dir='ltr'>Joannis,</span> <span class='ocrx_word' id='word_1_311' title='bbox 2118 914 2215 955; x_wconf 81' lang='lat' dir='ltr'>libri</span> <span class='ocrx_word' id='word_1_312' title='bbox 2231 917 2313 956; x_wconf 88' lang='lat' dir='ltr'>VII.</span> <span class='ocrx_word' id='word_1_313' title='bbox 2329 929 2366 968; x_wconf 87' lang='lat' dir='ltr'>p.</span> <span class='ocrx_word' id='word_1_314' title='bbox 2385 920 2474 958; x_wconf 77' lang='lat'><strong>589.</strong></span> 
     </span>
    </p>

    <p class='ocr_par' dir='ltr' id='par_1_35' title="bbox 1522 976 2505 1262">
     <span class='ocr_line' id='line_1_64' title="bbox 1576 976 2505 1033; baseline 0.001 -16"><span class='ocrx_word' id='word_1_315' title='bbox 1576 979 1745 1028; x_wconf 80' lang='lat' dir='ltr'>Scripsit</span> <span class='ocrx_word' id='word_1_316' title='bbox 1775 980 1892 1016; x_wconf 81' lang='lat' dir='ltr'>etiam</span> <span class='ocrx_word' id='word_1_317' title='bbox 1938 976 2248 1029; x_wconf 74' lang='lat' dir='ltr'>Eoeplanatiouis</span> <span class='ocrx_word' id='word_1_318' title='bbox 2288 979 2505 1033; x_wconf 55' lang='lat' dir='ltr'>mysticae</span> 
     </span>
     <span class='ocr_line' id='line_1_65' title="bbox 1525 1037 2472 1090; baseline 0.001 -14"><span class='ocrx_word' id='word_1_319' title='bbox 1525 1039 1564 1077; x_wconf 86' lang='lat' dir='ltr'>in</span> <span class='ocrx_word' id='word_1_320' title='bbox 1594 1037 1800 1077; x_wconf 81' lang='lat' dir='ltr'>Danielem</span> <span class='ocrx_word' id='word_1_321' title='bbox 1831 1037 1993 1076; x_wconf 81' lang='lat' dir='ltr'>Librum</span> <span class='ocrx_word' id='word_1_322' title='bbox 2021 1050 2169 1088; x_wconf 80' lang='lat' dir='ltr'>unum,</span> <span class='ocrx_word' id='word_1_323' title='bbox 2200 1038 2343 1090; x_wconf 87' lang='lat' dir='ltr'>cujus,</span> <span class='ocrx_word' id='word_1_324' title='bbox 2373 1039 2472 1078; x_wconf 89' lang='lat' dir='ltr'>indi-</span> 
     </span>
     <span class='ocr_line' id='line_1_66' title="bbox 1523 1101 2478 1152; baseline 0.002 -13"><span class='ocrx_word' id='word_1_325' title='bbox 1523 1112 1569 1139; x_wconf 83' lang='lat' dir='ltr'>ce</span> <span class='ocrx_word' id='word_1_326' title='bbox 1599 1101 1745 1147; x_wconf 80' lang='lat' dir='ltr'>Caveo,</span> <span class='ocrx_word' id='word_1_327' title='bbox 1778 1111 1962 1149; x_wconf 81' lang='lat' dir='ltr'>magnam</span> <span class='ocrx_word' id='word_1_328' title='bbox 1983 1105 2138 1150; x_wconf 84' lang='lat' dir='ltr'>partem</span> <span class='ocrx_word' id='word_1_329' title='bbox 2156 1101 2389 1152; x_wconf 83' lang='lat' dir='ltr'>compendio</span> <span class='ocrx_word' id='word_1_330' title='bbox 2413 1101 2478 1141; x_wconf 89' lang='lat' dir='ltr'>Al-</span> 
     </span>
     <span class='ocr_line' id='line_1_67' title="bbox 1522 1162 2476 1213; baseline 0 -13"><span class='ocrx_word' id='word_1_331' title='bbox 1522 1163 1827 1213; x_wconf 78' lang='lat' dir='ltr'>legoriarum&#39;in</span> <span class='ocrx_word' id='word_1_332' title='bbox 1859 1162 2062 1200; x_wconf 78' lang='lat' dir='ltr'>Danielem</span> <span class='ocrx_word' id='word_1_333' title='bbox 2096 1163 2267 1201; x_wconf 80' lang='lat' dir='ltr'>intexuit.</span> <span class='ocrx_word' id='word_1_334' title='bbox 2296 1163 2476 1202; x_wconf 80' lang='lat' dir='ltr'>Godefri-</span> 
     </span>
     <span class='ocr_line' id='line_1_68' title="bbox 1522 1224 1916 1262; baseline -0.003 -1"><span class='ocrx_word' id='word_1_335' title='bbox 1522 1224 1597 1262; x_wconf 86' lang='lat' dir='ltr'>dus</span> <span class='ocrx_word' id='word_1_336' title='bbox 1627 1224 1916 1262; x_wconf 86' lang='lat' dir='ltr'>Titclmannus.</span> 
     </span>
    </p>

    <p class='ocr_par' dir='ltr' id='par_1_36' title="bbox 1518 1284 2475 1460">
     <span class='ocr_line' id='line_1_69' title="bbox 1575 1284 2472 1336; baseline -0.001 -11"><span class='ocrx_word' id='word_1_337' title='bbox 1575 1286 1826 1336; x_wconf 86' lang='lat' dir='ltr'>Opusculum</span> <span class='ocrx_word' id='word_1_338' title='bbox 1859 1285 1947 1335; x_wconf 75' lang='lat' dir='ltr'>ejus</span> <span class='ocrx_word' id='word_1_339' title='bbox 1976 1285 2023 1324; x_wconf 84' lang='lat' dir='ltr'>de</span> <span class='ocrx_word' id='word_1_340' title='bbox 2050 1284 2224 1324; x_wconf 83' lang='lat' dir='ltr'>clamore</span> <span class='ocrx_word' id='word_1_341' title='bbox 2263 1286 2472 1334; x_wconf 80' lang='lat' dir='ltr'>interiori,</span> 
     </span>
     <span class='ocr_line' id='line_1_70' title="bbox 1520 1346 2475 1398; baseline 0.002 -13"><span class='ocrx_word' id='word_1_342' title='bbox 1520 1353 1559 1386; x_wconf 81' lang='lat' dir='ltr'>et</span> <span class='ocrx_word' id='word_1_343' title='bbox 1578 1347 1789 1398; x_wconf 81' lang='lat' dir='ltr'>Responsio</span> <span class='ocrx_word' id='word_1_344' title='bbox 1813 1346 2088 1398; x_wconf 79' lang='lat' dir='ltr'>quaestionum</span> <span class='ocrx_word' id='word_1_345' title='bbox 2120 1346 2175 1386; x_wconf 89' lang='lat' dir='ltr'>ad</span> <span class='ocrx_word' id='word_1_346' title='bbox 2209 1347 2475 1396; x_wconf 77' lang='lat' dir='ltr'>Bernardum,</span> 
     </span>
     <span class='ocr_line' id='line_1_71' title="bbox 1518 1409 2473 1460; baseline -0.001 -11"><span class='ocrx_word' id='word_1_347' title='bbox 1518 1411 1625 1449; x_wconf 80' lang='lat' dir='ltr'>MSS.</span> <span class='ocrx_word' id='word_1_348' title='bbox 1658 1410 1856 1448; x_wconf 76' lang='lat' dir='ltr'>habentur</span> <span class='ocrx_word' id='word_1_349' title='bbox 1889 1411 1925 1447; x_wconf 94' lang='lat' dir='ltr'>in</span> <span class='ocrx_word' id='word_1_350' title='bbox 1956 1409 2198 1448; x_wconf 79' lang='lat' dir='ltr'>Bibliotheca</span> <span class='ocrx_word' id='word_1_351' title='bbox 2235 1409 2473 1460; x_wconf 80' lang='lat' dir='ltr'>Cygneensi.</span> 
     </span>
    </p>

    <p class='ocr_par' dir='ltr' id='par_1_37' title="bbox 1518 1463 2473 1634">
     <span class='ocr_line' id='line_1_72' title="bbox 1571 1463 2472 1521; baseline -0.001 -11"><span class='ocrx_word' id='word_1_352' title='bbox 1571 1471 1657 1510; x_wconf 81' lang='lat' dir='ltr'>Alia</span> <span class='ocrx_word' id='word_1_353' title='bbox 1686 1470 1774 1520; x_wconf 86' lang='lat' dir='ltr'>ejus</span> <span class='ocrx_word' id='word_1_354' title='bbox 1803 1471 1931 1521; x_wconf 81' lang='lat' dir='ltr'>Opera</span> <span class='ocrx_word' id='word_1_355' title='bbox 1963 1470 2111 1510; x_wconf 86' lang='lat' dir='ltr'>inedita</span> <span class='ocrx_word' id='word_1_356' title='bbox 2141 1475 2336 1510; x_wconf 84' lang='lat' dir='ltr'>memorat</span> <span class='ocrx_word' id='word_1_357' title='bbox 2380 1463 2472 1509; x_wconf 88' lang='lat' dir='ltr'>Vin-</span> 
     </span>
     <span class='ocr_line' id='line_1_73' title="bbox 1518 1532 2473 1584; baseline -0.001 -13"><span class='ocrx_word' id='word_1_358' title='bbox 1518 1535 1676 1571; x_wconf 78' lang='lat' dir='ltr'>centius</span> <span class='ocrx_word' id='word_1_359' title='bbox 1699 1562 1706 1578; x_wconf 85' lang='lat'>,</span> <span class='ocrx_word' id='word_1_360' title='bbox 1740 1533 1995 1571; x_wconf 83' lang='lat' dir='ltr'>Beluacensis</span> <span class='ocrx_word' id='word_1_361' title='bbox 2020 1534 2060 1570; x_wconf 91' lang='lat' dir='ltr'>in</span> <span class='ocrx_word' id='word_1_362' title='bbox 2085 1533 2255 1584; x_wconf 76' lang='lat' dir='ltr'>Speculo</span> <span class='ocrx_word' id='word_1_363' title='bbox 2284 1532 2473 1572; x_wconf 80' lang='lat' dir='ltr'>historiali</span> 
     </span>
     <span class='ocr_line' id='line_1_74' title="bbox 1519 1596 1774 1634; baseline -0.02 -1"><span class='ocrx_word' id='word_1_364' title='bbox 1519 1596 1582 1633; x_wconf 87' lang='lat' dir='ltr'>lib.</span> <span class='ocrx_word' id='word_1_365' title='bbox 1614 1596 1774 1634; x_wconf 78' lang='lat' dir='ltr'>xxvu.</span> 
     </span>
    </p>

    <p class='ocr_par' dir='ltr' id='par_1_38' title="bbox 1515 1655 2475 2075">
     <span class='ocr_line' id='line_1_75' title="bbox 1572 1655 2475 1705; baseline 0 -11"><span class='ocrx_word' id='word_1_366' title='bbox 1572 1655 1885 1705; x_wconf 80' lang='lat' dir='ltr'>RlCllARDUS,</span> <span class='ocrx_word' id='word_1_367' title='bbox 1929 1655 2063 1696; x_wconf 85' lang='lat' dir='ltr'>Abbas</span> <span class='ocrx_word' id='word_1_368' title='bbox 2093 1657 2132 1696; x_wconf 91' lang='lat' dir='ltr'>S.</span> <span class='ocrx_word' id='word_1_369' title='bbox 2167 1656 2292 1696; x_wconf 83' lang='lat' dir='ltr'>Vitoni</span> <span class='ocrx_word' id='word_1_370' title='bbox 2333 1655 2475 1695; x_wconf 89' lang='lat' dir='ltr'>Virdu-</span> 
     </span>
     <span class='ocr_line' id='line_1_76' title="bbox 1519 1717 2466 1768; baseline 0 -12"><span class='ocrx_word' id='word_1_371' title='bbox 1519 1720 1684 1766; x_wconf 78' lang='lat' dir='ltr'>nensis,</span> <span class='ocrx_word' id='word_1_372' title='bbox 1717 1723 1898 1757; x_wconf 86' lang='lat' dir='ltr'>mortuus</span> <span class='ocrx_word' id='word_1_373' title='bbox 1926 1730 1960 1756; x_wconf 88' lang='lat' dir='ltr'>a.</span> <span class='ocrx_word' id='word_1_374' title='bbox 1995 1717 2108 1757; x_wconf 71' lang='grc'><strong>4406.</strong></span> <span class='ocrx_word' id='word_1_375' title='bbox 2139 1719 2268 1758; x_wconf 87' lang='lat' dir='ltr'>Vitam</span> <span class='ocrx_word' id='word_1_376' title='bbox 2299 1723 2388 1768; x_wconf 84' lang='lat' dir='ltr'>ejus</span> <span class='ocrx_word' id='word_1_377' title='bbox 2418 1729 2466 1756; x_wconf 90' lang='lat' dir='ltr'>ex</span> 
     </span>
     <span class='ocr_line' id='line_1_77' title="bbox 1516 1779 2474 1818; baseline 0 -1"><span class='ocrx_word' id='word_1_378' title='bbox 1516 1779 1660 1818; x_wconf 84' lang='lat' dir='ltr'>Codice</span> <span class='ocrx_word' id='word_1_379' title='bbox 1690 1780 1767 1818; x_wconf 88' lang='lat' dir='ltr'>MS.</span> <span class='ocrx_word' id='word_1_380' title='bbox 1800 1779 1923 1817; x_wconf 80' lang='lat' dir='ltr'>edidit</span> <span class='ocrx_word' id='word_1_381' title='bbox 1945 1779 2194 1818; x_wconf 84' lang='lat' dir='ltr'>Mabillonius</span> <span class='ocrx_word' id='word_1_382' title='bbox 2218 1790 2298 1818; x_wconf 89' lang='lat' dir='ltr'>sec.</span> <span class='ocrx_word' id='word_1_383' title='bbox 2319 1780 2381 1818; x_wconf 84' lang='lat' dir='ltr'>Vt.</span> <span class='ocrx_word' id='word_1_384' title='bbox 2403 1781 2474 1818; x_wconf 85' lang='lat' dir='ltr'>Be-</span> 
     </span>
     <span class='ocr_line' id='line_1_78' title="bbox 1517 1839 2471 1891; baseline 0 -13"><span class='ocrx_word' id='word_1_385' title='bbox 1517 1840 1722 1879; x_wconf 76' lang='lat' dir='ltr'>nudictino</span> <span class='ocrx_word' id='word_1_386' title='bbox 1751 1845 1849 1891; x_wconf 89' lang='lat' dir='ltr'>part.</span> <span class='ocrx_word' id='word_1_387' title='bbox 1881 1840 1925 1878; x_wconf 89' lang='lat' dir='ltr'>ll.</span> <span class='ocrx_word' id='word_1_388' title='bbox 1954 1851 1990 1890; x_wconf 90' lang='lat' dir='ltr'>p.</span> <span class='ocrx_word' id='word_1_389' title='bbox 2021 1841 2112 1879; x_wconf 71' lang='lat'>545.</span> <span class='ocrx_word' id='word_1_390' title='bbox 2141 1840 2310 1891; x_wconf 81' lang='lat' dir='ltr'>Scripsit</span> <span class='ocrx_word' id='word_1_391' title='bbox 2345 1839 2471 1880; x_wconf 80' lang='lat' dir='ltr'>Vitam</span> 
     </span>
     <span class='ocr_line' id='line_1_79' title="bbox 1516 1900 2466 1953; baseline 0.001 -14"><span class='ocrx_word' id='word_1_392' title='bbox 1516 1906 1553 1940; x_wconf 92' lang='lat' dir='ltr'>et</span> <span class='ocrx_word' id='word_1_393' title='bbox 1580 1900 1780 1940; x_wconf 85' lang='lat' dir='ltr'>miracula</span> <span class='ocrx_word' id='word_1_394' title='bbox 1809 1902 1850 1941; x_wconf 89' lang='lat' dir='ltr'>S.</span> <span class='ocrx_word' id='word_1_395' title='bbox 1885 1900 2013 1940; x_wconf 80' lang='lat' dir='ltr'>Vz&#39;toni</span> <span class='ocrx_word' id='word_1_396' title='bbox 2048 1901 2260 1953; x_wconf 83' lang='lat' dir='ltr'>Episcopi,</span> <span class='ocrx_word' id='word_1_397' title='bbox 2296 1912 2466 1952; x_wconf 88' lang='lat' dir='ltr'>quorum</span> 
     </span>
     <span class='ocr_line' id='line_1_80' title="bbox 1517 1963 2466 2014; baseline 0 -12"><span class='ocrx_word' id='word_1_398' title='bbox 1517 1964 1753 2013; x_wconf 80' lang='lat' dir='ltr'>particulam</span> <span class='ocrx_word' id='word_1_399' title='bbox 1786 1963 1910 2002; x_wconf 78' lang='lat' dir='ltr'>edidit</span> <span class='ocrx_word' id='word_1_400' title='bbox 1939 1963 2186 2004; x_wconf 85' lang='lat' dir='ltr'>Mabillonius</span> <span class='ocrx_word' id='word_1_401' title='bbox 2210 1964 2296 2011; x_wconf 44' lang='lat'>140.</span> <span class='ocrx_word' id='word_1_402' title='bbox 2317 1975 2354 2014; x_wconf 89' lang='lat' dir='ltr'>p.</span> <span class='ocrx_word' id='word_1_403' title='bbox 2377 1964 2466 2002; x_wconf 69' lang='lat'><strong>565.</strong></span> 
     </span>
     <span class='ocr_line' id='line_1_81' title="bbox 1515 2024 2306 2075; baseline -0.001 -12"><span class='ocrx_word' id='word_1_404' title='bbox 1515 2026 1583 2074; x_wconf 87' lang='lat' dir='ltr'>qui</span> <span class='ocrx_word' id='word_1_405' title='bbox 1616 2030 1748 2063; x_wconf 85' lang='lat' dir='ltr'>tamen</span> <span class='ocrx_word' id='word_1_406' title='bbox 1782 2024 1894 2074; x_wconf 84' lang='lat' dir='ltr'>Opus</span> <span class='ocrx_word' id='word_1_407' title='bbox 1927 2025 2126 2075; x_wconf 78' lang='lat' dir='ltr'>integrum</span> <span class='ocrx_word' id='word_1_408' title='bbox 2158 2024 2306 2064; x_wconf 88' lang='lat' dir='ltr'>habuit.</span> 
     </span>
    </p>

    <p class='ocr_par' dir='ltr' id='par_1_39' title="bbox 1504 2085 2487 2690">
     <span class='ocr_line' id='line_1_82' title="bbox 1563 2085 2468 2138; baseline 0.001 -14"><span class='ocrx_word' id='word_1_409' title='bbox 1563 2087 1583 2109; x_wconf 65' lang='lat'>³*</span> <span class='ocrx_word' id='word_1_410' title='bbox 1613 2087 1778 2137; x_wconf 78' lang='lat' dir='ltr'>Scripsit</span> <span class='ocrx_word' id='word_1_411' title='bbox 1807 2088 1953 2136; x_wconf 89' lang='lat' dir='ltr'>pariter</span> <span class='ocrx_word' id='word_1_412' title='bbox 1978 2087 2100 2124; x_wconf 86' lang='lat' dir='ltr'>vitam</span> <span class='ocrx_word' id='word_1_413' title='bbox 2132 2087 2171 2125; x_wconf 91' lang='lat' dir='ltr'>S.</span> <span class='ocrx_word' id='word_1_414' title='bbox 2189 2085 2354 2138; x_wconf 86' lang='lat' dir='ltr'>Rodingi</span> <span class='ocrx_word' id='word_1_415' title='bbox 2376 2097 2468 2126; x_wconf 89' lang='lat' dir='ltr'>con—</span> 
     </span>
     <span class='ocr_line' id='line_1_83' title="bbox 1511 2148 2465 2198; baseline 0 -12"><span class='ocrx_word' id='word_1_416' title='bbox 1511 2149 1674 2186; x_wconf 82' lang='lat' dir='ltr'>fessoris</span> <span class='ocrx_word' id='word_1_417' title='bbox 1694 2161 1701 2186; x_wconf 93' lang='lat'><strong>:</strong></span> <span class='ocrx_word' id='word_1_418' title='bbox 1734 2159 1807 2186; x_wconf 90' lang='lat' dir='ltr'>nec</span> <span class='ocrx_word' id='word_1_419' title='bbox 1836 2148 1959 2187; x_wconf 85' lang='lat' dir='ltr'>altera</span> <span class='ocrx_word' id='word_1_420' title='bbox 1979 2148 2078 2186; x_wconf 84' lang='lat' dir='ltr'>forte.</span> <span class='ocrx_word' id='word_1_421' title='bbox 2093 2152 2157 2186; x_wconf 85' lang='lat' dir='ltr'>cst</span> <span class='ocrx_word' id='word_1_422' title='bbox 2179 2148 2228 2186; x_wconf 88' lang='lat' dir='ltr'>ab</span> <span class='ocrx_word' id='word_1_423' title='bbox 2255 2159 2322 2195; x_wconf 88' lang='lat' dir='ltr'>ea,</span> <span class='ocrx_word' id='word_1_424' title='bbox 2346 2159 2465 2198; x_wconf 88' lang='lat' dir='ltr'>quam</span> 
     </span>
     <span class='ocr_line' id='line_1_84' title="bbox 1509 2209 2463 2249; baseline 0.001 -2"><span class='ocrx_word' id='word_1_425' title='bbox 1509 2210 1632 2248; x_wconf 82' lang='lat' dir='ltr'>edidit</span> <span class='ocrx_word' id='word_1_426' title='bbox 1670 2210 1918 2248; x_wconf 75' lang='lat' dir='ltr'>illabillonius</span> <span class='ocrx_word' id='word_1_427' title='bbox 1958 2210 1996 2247; x_wconf 91' lang='lat' dir='ltr'>in</span> <span class='ocrx_word' id='word_1_428' title='bbox 2041 2209 2163 2248; x_wconf 83' lang='lat' dir='ltr'>Actis.</span> <span class='ocrx_word' id='word_1_429' title='bbox 2200 2209 2253 2248; x_wconf 89' lang='lat' dir='ltr'>H.</span> <span class='ocrx_word' id='word_1_430' title='bbox 2293 2213 2321 2249; x_wconf 89' lang='lat' dir='ltr'>t.</span> <span class='ocrx_word' id='word_1_431' title='bbox 2365 2210 2463 2249; x_wconf 90' lang='lat' dir='ltr'>Vlll.</span> 
     </span>
     <span class='ocr_line' id='line_1_85' title="bbox 1509 2269 2466 2322; baseline -0.002 -12"><span class='ocrx_word' id='word_1_432' title='bbox 1509 2271 1599 2310; x_wconf 81' lang='lat'><strong>536.</strong></span> <span class='ocrx_word' id='word_1_433' title='bbox 1626 2272 1786 2322; x_wconf 86' lang='lat' dir='ltr'>scripsit</span> <span class='ocrx_word' id='word_1_434' title='bbox 1805 2275 1940 2309; x_wconf 87' lang='lat' dir='ltr'>autem</span> <span class='ocrx_word' id='word_1_435' title='bbox 1959 2271 2065 2310; x_wconf 88' lang='lat' dir='ltr'>illam</span> <span class='ocrx_word' id='word_1_436' title='bbox 2083 2269 2296 2309; x_wconf 87' lang='lat' dir='ltr'>honorifico</span> <span class='ocrx_word' id='word_1_437' title='bbox 2317 2281 2466 2310; x_wconf 87' lang='lat' dir='ltr'>sermo-</span> 
     </span>
     <span class='ocr_line' id='line_1_86' title="bbox 1509 2331 2462 2383; baseline -0.001 -12"><span class='ocrx_word' id='word_1_438' title='bbox 1509 2344 1556 2371; x_wconf 86' lang='lat' dir='ltr'>ne</span> <span class='ocrx_word' id='word_1_439' title='bbox 1576 2363 1584 2381; x_wconf 90' lang='lat'>,</span> <span class='ocrx_word' id='word_1_440' title='bbox 1602 2337 1645 2371; x_wconf 90' lang='lat' dir='ltr'>ut</span> <span class='ocrx_word' id='word_1_441' title='bbox 1674 2332 1806 2383; x_wconf 82' lang='lat' dir='ltr'>phrasi</span> <span class='ocrx_word' id='word_1_442' title='bbox 1830 2336 1918 2371; x_wconf 84' lang='lat' dir='ltr'>utar</span> <span class='ocrx_word' id='word_1_443' title='bbox 1935 2333 2141 2383; x_wconf 85' lang='lat' dir='ltr'>scriptoris</span> <span class='ocrx_word' id='word_1_444' title='bbox 2156 2333 2260 2370; x_wconf 87' lang='lat' dir='ltr'>vitae</span> <span class='ocrx_word' id='word_1_445' title='bbox 2283 2331 2462 2371; x_wconf 86' lang='lat' dir='ltr'>eiusdem</span> 
     </span>
     <span class='ocr_line' id='line_1_87' title="bbox 1509 2392 2464 2443; baseline -0.001 -12"><span class='ocrx_word' id='word_1_446' title='bbox 1509 2393 1704 2433; x_wconf 84' lang='lat' dir='ltr'>Richardi.</span> <span class='ocrx_word' id='word_1_447' title='bbox 1736 2395 1855 2432; x_wconf 86' lang='lat' dir='ltr'>Teste</span> <span class='ocrx_word' id='word_1_448' title='bbox 1880 2394 1998 2431; x_wconf 85' lang='lat' dir='ltr'>etiam</span> <span class='ocrx_word' id='word_1_449' title='bbox 2024 2392 2192 2443; x_wconf 69' lang='lat' dir='ltr'>&#39;Hugone</span> <span class='ocrx_word' id='word_1_450' title='bbox 2221 2393 2464 2432; x_wconf 85' lang='lat' dir='ltr'>Flaviacensi</span> 
     </span>
     <span class='ocr_line' id='line_1_88' title="bbox 1508 2447 2472 2505; baseline 0 -12"><span class='ocrx_word' id='word_1_451' title='bbox 1508 2457 1545 2493; x_wconf 94' lang='lat' dir='ltr'>in</span> <span class='ocrx_word' id='word_1_452' title='bbox 1578 2455 1771 2494; x_wconf 87' lang='lat' dir='ltr'>Chronico</span> <span class='ocrx_word' id='word_1_453' title='bbox 1797 2454 1906 2493; x_wconf 81' lang='lat' dir='ltr'>dedit</span> <span class='ocrx_word' id='word_1_454' title='bbox 1935 2458 1975 2493; x_wconf 89' lang='lat' dir='ltr'>et</span> <span class='ocrx_word' id='word_1_455' title='bbox 1991 2455 2166 2505; x_wconf 85' lang='lat' dir='ltr'>regulam</span> <span class='ocrx_word' id='word_1_456' title='bbox 2185 2447 2472 2503; x_wconf 84' lang='lat' dir='ltr'>solitariorum,&#39;</span> 
     </span>
     <span class='ocr_line' id='line_1_89' title="bbox 1505 2516 2464 2568; baseline 0.002 -14"><span class='ocrx_word' id='word_1_457' title='bbox 1505 2517 1608 2555; x_wconf 84' lang='lat' dir='ltr'>sicut</span> <span class='ocrx_word' id='word_1_458' title='bbox 1628 2521 1669 2555; x_wconf 85' lang='lat' dir='ltr'>et</span> <span class='ocrx_word' id='word_1_459' title='bbox 1688 2520 1837 2555; x_wconf 88' lang='lat' dir='ltr'>statuta</span> <span class='ocrx_word' id='word_1_460' title='bbox 1867 2516 2061 2567; x_wconf 83' lang='lat' dir='ltr'>quaedam</span> <span class='ocrx_word' id='word_1_461' title='bbox 2080 2527 2150 2568; x_wconf 89' lang='lat' dir='ltr'>pro</span> <span class='ocrx_word' id='word_1_462' title='bbox 2170 2517 2347 2556; x_wconf 86' lang='lat' dir='ltr'>Ecclesia</span> <span class='ocrx_word' id='word_1_463' title='bbox 2365 2516 2464 2556; x_wconf 76' lang='lat' dir='ltr'>Rho—</span> 
     </span>
     <span class='ocr_line' id='line_1_90' title="bbox 1504 2578 2461 2630; baseline 0 -14"><span class='ocrx_word' id='word_1_464' title='bbox 1504 2579 1723 2629; x_wconf 79' lang='lat' dir='ltr'>tomagensi</span> <span class='ocrx_word' id='word_1_465' title='bbox 1744 2607 1752 2626; x_wconf 92' lang='lat'>‚</span> <span class='ocrx_word' id='word_1_466' title='bbox 1773 2590 1893 2628; x_wconf 90' lang='lat' dir='ltr'>quam</span> <span class='ocrx_word' id='word_1_467' title='bbox 1924 2589 2131 2629; x_wconf 85' lang='lat' dir='ltr'>nunquam</span> <span class='ocrx_word' id='word_1_468' title='bbox 2157 2578 2348 2630; x_wconf 84' lang='lat' dir='ltr'>prodiisse</span> <span class='ocrx_word' id='word_1_469' title='bbox 2377 2590 2461 2618; x_wconf 87' lang='lat' dir='ltr'>cre-</span> 
     </span>
     <span class='ocr_line' id='line_1_91' title="bbox 1504 2640 2487 2690; baseline 0.002 -12"><span class='ocrx_word' id='word_1_470' title='bbox 1504 2640 1565 2678; x_wconf 90' lang='lat' dir='ltr'>do.</span> <span class='ocrx_word' id='word_1_471' title='bbox 1596 2641 1775 2690; x_wconf 87' lang='lat' dir='ltr'>Denique</span> <span class='ocrx_word' id='word_1_472' title='bbox 1800 2645 1903 2679; x_wconf 86' lang='lat' dir='ltr'>teste</span> <span class='ocrx_word' id='word_1_473' title='bbox 1930 2640 2068 2679; x_wconf 88' lang='lat' dir='ltr'>eodem</span> <span class='ocrx_word' id='word_1_474' title='bbox 2092 2641 2253 2679; x_wconf 83' lang='lat' dir='ltr'>extabat</span> <span class='ocrx_word' id='word_1_475' title='bbox 2275 2641 2366 2679; x_wconf 90' lang='lat' dir='ltr'>olim</span> <span class='ocrx_word' id='word_1_476' title='bbox 2384 2641 2462 2680; x_wconf 86' lang='lat' dir='ltr'>col·</span> <span class='ocrx_word' id='word_1_477' title='bbox 2483 2651 2487 2655; x_wconf 93' lang='grc'><em>·</em></span> 
     </span>
    </p>
   </div>
   <div class='ocr_carea' id='block_1_10' title="bbox 1494 2702 2461 2753">
    <p class='ocr_par' dir='ltr' id='par_1_40' title="bbox 1494 2702 2461 2753">
     <span class='ocr_line' id='line_1_92' title="bbox 1494 2702 2461 2753; baseline 0.002 -14"><span class='ocrx_word' id='word_1_478' title='bbox 1494 2703 1619 2740; x_wconf 85' lang='lat' dir='ltr'>lectio</span> <span class='ocrx_word' id='word_1_479' title='bbox 1648 2703 1886 2753; x_wconf 87' lang='lat' dir='ltr'>scriptarum</span> <span class='ocrx_word' id='word_1_480' title='bbox 1909 2702 1958 2741; x_wconf 93' lang='lat' dir='ltr'>ab</span> <span class='ocrx_word' id='word_1_481' title='bbox 1981 2713 2027 2741; x_wconf 83' lang='lat' dir='ltr'>eo</span> <span class='ocrx_word' id='word_1_482' title='bbox 2051 2702 2318 2752; x_wconf 81' lang='lat' dir='ltr'>Epistularum</span> <span class='ocrx_word' id='word_1_483' title='bbox 2336 2733 2346 2753; x_wconf 90' lang='lat'>,</span> <span class='ocrx_word' id='word_1_484' title='bbox 2365 2713 2461 2753; x_wconf 85' lang='lat' dir='ltr'>qua-</span> 
     </span>
    </p>
   </div>
   <div class='ocr_carea' id='block_1_11' title="bbox 1503 2763 2489 3370">
    <p class='ocr_par' dir='ltr' id='par_1_41' title="bbox 1503 2763 2489 3370">
     <span class='ocr_line' id='line_1_93' title="bbox 1505 2763 2458 2814; baseline 0.002 -13"><span class='ocrx_word' id='word_1_485' title='bbox 1505 2776 1590 2802; x_wconf 90' lang='lat' dir='ltr'>rum</span> <span class='ocrx_word' id='word_1_486' title='bbox 1641 2765 1845 2814; x_wconf 84' lang='lat' dir='ltr'>specimen</span> <span class='ocrx_word' id='word_1_487' title='bbox 1887 2768 1998 2802; x_wconf 87' lang='lat' dir='ltr'>extat</span> <span class='ocrx_word' id='word_1_488' title='bbox 2039 2764 2141 2814; x_wconf 89' lang='lat' dir='ltr'>apud</span> <span class='ocrx_word' id='word_1_489' title='bbox 2193 2763 2458 2809; x_wconf 81' lang='lat' dir='ltr'>Mabill&#39;onium</span> 
     </span>
     <span class='ocr_line' id='line_1_94' title="bbox 1504 2824 2459 2876; baseline 0.001 -14"><span class='ocrx_word' id='word_1_490' title='bbox 1504 2825 1647 2863; x_wconf 87' lang='lat' dir='ltr'>ibidem</span> <span class='ocrx_word' id='word_1_491' title='bbox 1681 2836 1715 2874; x_wconf 89' lang='lat' dir='ltr'>p.</span> <span class='ocrx_word' id='word_1_492' title='bbox 1739 2825 1830 2863; x_wconf 84' lang='lat'><strong>593.</strong></span> <span class='ocrx_word' id='word_1_493' title='bbox 1858 2826 1999 2863; x_wconf 89' lang='lat' dir='ltr'>Datam</span> <span class='ocrx_word' id='word_1_494' title='bbox 2029 2829 2070 2864; x_wconf 83' lang='lat' dir='ltr'>ct</span> <span class='ocrx_word' id='word_1_495' title='bbox 2100 2825 2204 2864; x_wconf 85' lang='lat' dir='ltr'>illam</span> <span class='ocrx_word' id='word_1_496' title='bbox 2235 2824 2284 2864; x_wconf 90' lang='lat' dir='ltr'>ad</span> <span class='ocrx_word' id='word_1_497' title='bbox 2310 2824 2459 2876; x_wconf 89' lang='lat' dir='ltr'>Poppo-</span> 
     </span>
     <span class='ocr_line' id='line_1_95' title="bbox 1504 2886 2458 2936; baseline 0.002 -12"><span class='ocrx_word' id='word_1_498' title='bbox 1504 2899 1593 2924; x_wconf 81' lang='lat' dir='ltr'>nem</span> <span class='ocrx_word' id='word_1_499' title='bbox 1617 2886 1810 2924; x_wconf 84' lang='lat' dir='ltr'>Abbatem</span> <span class='ocrx_word' id='word_1_500' title='bbox 1835 2887 2131 2925; x_wconf 83' lang='lat' dir='ltr'>Staverensem.</span> <span class='ocrx_word' id='word_1_501' title='bbox 2154 2887 2330 2936; x_wconf 82' lang='lat' dir='ltr'>Denique</span> <span class='ocrx_word' id='word_1_502' title='bbox 2345 2886 2458 2926; x_wconf 87' lang='lat' dir='ltr'>cbar-</span> 
     </span>
     <span class='ocr_line' id='line_1_96' title="bbox 1504 2948 2484 2998; baseline -0.003 -12"><span class='ocrx_word' id='word_1_503' title='bbox 1504 2954 1565 2986; x_wconf 76' lang='lat' dir='ltr'>tas</span> <span class='ocrx_word' id='word_1_504' title='bbox 1595 2948 1820 2986; x_wconf 85' lang='lat' dir='ltr'>Monasterii</span> <span class='ocrx_word' id='word_1_505' title='bbox 1851 2948 1911 2986; x_wconf 89' lang='lat' dir='ltr'>sui</span> <span class='ocrx_word' id='word_1_506' title='bbox 1942 2948 2128 2998; x_wconf 77' lang='lat' dir='ltr'>collegit,</span> <span class='ocrx_word' id='word_1_507' title='bbox 2158 2959 2260 2998; x_wconf 85' lang='lat' dir='ltr'>quae</span> <span class='ocrx_word' id='word_1_508' title='bbox 2276 2949 2455 2988; x_wconf 87' lang='lat' dir='ltr'>collectio</span> <span class='ocrx_word' id='word_1_509' title='bbox 2476 2970 2484 2983; x_wconf 80' lang='grc'>-,</span> 
     </span>
     <span class='ocr_line' id='line_1_97' title="bbox 1503 3009 2489 3064; baseline -0.001 -15"><span class='ocrx_word' id='word_1_510' title='bbox 1503 3010 1633 3049; x_wconf 85' lang='lat' dir='ltr'>adhuc</span> <span class='ocrx_word' id='word_1_511' title='bbox 1662 3013 1848 3060; x_wconf 88' lang='lat' dir='ltr'>superest</span> <span class='ocrx_word' id='word_1_512' title='bbox 1877 3011 2041 3060; x_wconf 80' lang='lat' dir='ltr'>Digioni.</span> <span class='ocrx_word' id='word_1_513' title='bbox 2059 3009 2168 3050; x_wconf 88' lang='lat' dir='ltr'>Haec</span> <span class='ocrx_word' id='word_1_514' title='bbox 2183 3011 2313 3050; x_wconf 88' lang='lat' dir='ltr'>omnia</span> <span class='ocrx_word' id='word_1_515' title='bbox 2339 3015 2489 3064; x_wconf 50' lang='lat' dir='ltr'>tenens·</span> 
     </span>
     <span class='ocr_line' id='line_1_98' title="bbox 1505 3072 2450 3114; baseline 0 -2"><span class='ocrx_word' id='word_1_516' title='bbox 1505 3086 1550 3112; x_wconf 81' lang='lat' dir='ltr'>ex</span> <span class='ocrx_word' id='word_1_517' title='bbox 1584 3072 1685 3111; x_wconf 87' lang='lat' dir='ltr'>Hist.</span> <span class='ocrx_word' id='word_1_518' title='bbox 1720 3074 1901 3111; x_wconf 85' lang='lat' dir='ltr'>Litterar.</span> <span class='ocrx_word' id='word_1_519' title='bbox 1931 3072 2078 3112; x_wconf 89' lang='lat' dir='ltr'>Gallica</span> <span class='ocrx_word' id='word_1_520' title='bbox 2102 3077 2130 3112; x_wconf 88' lang='lat' dir='ltr'>t.</span> <span class='ocrx_word' id='word_1_521' title='bbox 2149 3073 2232 3113; x_wconf 86' lang='lat' dir='ltr'>vlt.</span> <span class='ocrx_word' id='word_1_522' title='bbox 2258 3074 2348 3114; x_wconf 82' lang='lat'><strong>563.</strong></span> <span class='ocrx_word' id='word_1_523' title='bbox 2376 3078 2450 3112; x_wconf 86' lang='lat' dir='ltr'>etc.</span> 
     </span>
     <span class='ocr_line' id='line_1_99' title="bbox 1556 3135 2453 3186; baseline -0.001 -12"><span class='ocrx_word' id='word_1_524' title='bbox 1556 3135 1842 3175; x_wconf 72' lang='lat' dir='ltr'>RictiAtiDUS</span> <span class='ocrx_word' id='word_1_525' title='bbox 1881 3135 2018 3184; x_wconf 79' lang='lat' dir='ltr'>Vltus,</span> <span class='ocrx_word' id='word_1_526' title='bbox 2043 3136 2264 3174; x_wconf 69' lang='lat' dir='ltr'>historicus</span> <span class='ocrx_word' id='word_1_527' title='bbox 2286 3135 2453 3186; x_wconf 77' lang='lat' dir='ltr'>Anglus;</span> 
     </span>
     <span class='ocr_line' id='line_1_100' title="bbox 1504 3197 2489 3248; baseline -0.001 -13"><span class='ocrx_word' id='word_1_528' title='bbox 1504 3208 1622 3248; x_wconf 83' lang='lat' dir='ltr'>quem</span> <span class='ocrx_word' id='word_1_529' title='bbox 1647 3198 1873 3236; x_wconf 86' lang='lat' dir='ltr'>Florentius</span> <span class='ocrx_word' id='word_1_530' title='bbox 1899 3197 2188 3248; x_wconf 79' lang='lat' dir='ltr'>wigorniensis</span> <span class='ocrx_word' id='word_1_531' title='bbox 2209 3199 2304 3238; x_wconf 86' lang='lat' dir='ltr'>citat</span> <span class='ocrx_word' id='word_1_532' title='bbox 2327 3201 2367 3236; x_wconf 86' lang='lat' dir='ltr'>et</span> <span class='ocrx_word' id='word_1_533' title='bbox 2390 3207 2451 3235; x_wconf 77' lang='lat' dir='ltr'>sc-</span> <span class='ocrx_word' id='word_1_534' title='bbox 2482 3197 2489 3200; x_wconf 80' lang='grc'><em>“</em></span> 
     </span>
     <span class='ocr_line' id='line_1_101' title="bbox 1507 3258 2210 3310; baseline 0.001 -14"><span class='ocrx_word' id='word_1_535' title='bbox 1507 3261 1658 3309; x_wconf 79' lang='lat' dir='ltr'>quitur.</span> <span class='ocrx_word' id='word_1_536' title='bbox 1689 3260 1786 3297; x_wconf 82' lang='lat' dir='ltr'>Vide</span> <span class='ocrx_word' id='word_1_537' title='bbox 1815 3271 1934 3310; x_wconf 86' lang='lat' dir='ltr'>supra</span> <span class='ocrx_word' id='word_1_538' title='bbox 1967 3264 1994 3298; x_wconf 92' lang='lat' dir='ltr'>t.</span> <span class='ocrx_word' id='word_1_539' title='bbox 2027 3261 2054 3298; x_wconf 88' lang='lat' dir='ltr'>l.</span> <span class='ocrx_word' id='word_1_540' title='bbox 2085 3271 2121 3310; x_wconf 88' lang='lat' dir='ltr'>p.</span> <span class='ocrx_word' id='word_1_541' title='bbox 2146 3258 2210 3298; x_wconf 90' lang='grc'>97.</span> 
     </span>
     <span class='ocr_line' id='line_1_102' title="bbox 1554 3320 2467 3370; baseline 0 -12"><span class='ocrx_word' id='word_1_542' title='bbox 1554 3321 1836 3360; x_wconf 78' lang='lat' dir='ltr'>RlCllARDUS</span> <span class='ocrx_word' id='word_1_543' title='bbox 1868 3320 2085 3370; x_wconf 82' lang='lat' dir='ltr'>Ullerston,</span> <span class='ocrx_word' id='word_1_544' title='bbox 2117 3321 2467 3368; x_wconf 41' lang='lat' dir='ltr'>Laoc-‘astreiisisy¹</span> 
     </span>
    </p>
   </div>
   <div class='ocr_carea' id='block_1_12' title="bbox 2481 0 2533 4009">
    <p class='ocr_par' dir='ltr' id='par_1_42' title="bbox 2481 0 2533 4009">
     <span class='ocr_line' id='line_1_103' title="bbox 2481 0 2533 4009; baseline 0 0"><span class='ocrx_word' id='word_1_545' title='bbox 2481 0 2533 4009; x_wconf 95' lang='lat' dir='ltr'> </span> 
     </span>
    </p>
   </div>
  </div>
 </body>
</html>
