2533 4009
488 266 540 304 ffi
1021 248 1024 249 ’
1319 254 1622 296 mannus

481 335 503 372 d
509 340 641 379 ituit
675 330 811 367 vides
794 330 823 363 si
854 327 981 376 placet
1011 336 1112 374 quae
1143 324 1245 363 dicta
1283 336 1433 377 supra,

486 387 549 425 ubi
581 386 629 422 de
661 386 698 422 5.
730 378 934 419 FAUSlO.
961 383 1054 415 toni.
1086 378 1124 415 2.
1156 389 1192 431 p,
1201 378 1313 416 556.
1352 390 1434 428 seq.

1510 325 1601 363 inde
1633 325 1855 375 Episcopus
1871 327 1973 367 circa
1997 328 2071 367 An.
2094 326 2184 367 620.
2202 325 2369 378 Scripsit
2387 327 2468 366 An-

1508 385 1620 424 nales
1647 386 1809 425 Patriae
1838 398 1960 437 suae,
1985 395 2029 429 ut
2061 402 2110 429 ex
2145 389 2316 428 Lelando
2356 392 2469 427 notat

540 446 639 488 1204.
673 445 757 480 Vst'd
790 441 825 477 (Ἡ
854 440 893 477 S·
914 440 1046 477 ΜΒΠΓΟ
1068 439 1138 477 Ab·
1160 439 1350 477 dPSCsittl
1373 439 1436 477 dal
1508 448 1598 486 Bal(
1605 459 1650 486 us
1673 449 1721 485 X.
1747 448 1782 486 7.
1817 449 1884 486 His
1917 451 2071 490 Pitseus
2109 462 2197 500 pag.
2237 449 2328 488 107.
2353 449 2466 488 addit

483 510 521 546 P
553 505 707 545 Placido
739 500 948 540 ruccimlli
972 502 1102 538 Priore
1129 501 1347 538 Casinense
1380 502 1439 538 Fi-

484 579 602 606 ienze
632 562 906 604 Onofriiss70.
933 562 997 600 12.
1039 574 1074 611 p
1106 560 1196 600 3740.
1218 563 1227 609 )

535 626 739 667 MAURUS
767 623 917 674 Lupias
937 654 946 670 ‚
978 634 1097 673 supra
1128 628 1155 660 t.
1188 624 1249 662 IV.
1280 635 1315 673 p.
1347 622 1437 662 528.

537 686 724 726 Rabanus
768 685 1004 731 MAURES,
1037 685 1162 729 infra,
1194 685 1439 723 RABANUS.

535 749 745 788 MAURUS
769 746 1081 785 Ravennatensis
1108 745 1442 795 Archiepiscopus

481 816 648 851 conatus
678 809 1044 858 Archiepiscopatui
1090 819 1161 846 suo
1205 807 1444 856 autocepha-

481 875 572 912 liam
605 872 841 918 conciliare,
873 876 912 907 et
942 881 985 907 se
1016 869 1239 907 subducere
1280 868 1442 916 Romani

483 934 686 973 pontificis
703 932 941 976 auctoritati,
960 929 1216 979 quamobrem
1239 933 1279 966 et
1303 930 1323 966 a
1342 930 1444 977 Papa

484 997 680 1034 Vitaiiano
701 995 802 1032 circa
828 1004 891 1030 an.
913 991 1003 1028 668.
1036 999 1253 1039 percussus
1282 988 1446 1026 anathe-

484 1062 615 1103 mate,
641 1065 765 1093 ausus
790 1058 852 1090 est
887 1056 926 1088 et
952 1053 1035 1098 ipse
1060 1050 1105 1087 ad
1148 1060 1190 1086 se
1225 1049 1346 1086 citare
1378 1050 1446 1086 Pa-

483 1130 588 1169 pam,
611 1119 725 1165 eique
753 1113 905 1151 litteras
921 1109 1171 1159 obliyatz'onis
1187 1110 1273 1147 sive
1288 1120 1448 1147 excom-

485 1176 766 1216 municationis
790 1173 1087 1221 mittere,eique
1106 1175 1342 1220 potestatem
1358 1172 1448 1209 Mis-

485 1249 569 1276 sam
595 1234 762 1274 canendi
783 1233 1032 1271 interdicere.
1050 1232 1147 1270 Vide
1168 1231 1321 1281 Agnelli
1344 1235 1448 1270 vitas

483 1298 719 1336 Pontificum
741 1294 1125 1341 Ravennatensium,
1152 1295 1255 1330 notis
1281 1294 1446 1331 Benedi-

485 1361 538 1397 cti
560 1357 743 1396 Bacchini
767 1357 985 1395 illustratas
1009 1361 1121 1405 parte
1138 1355 1173 1392 2.
1194 1367 1227 1404 p.
1254 1356 1343 1393 275.
1364 1367 1447 1405 seq.

484 1420 584 1469 Ejus
610 1417 788 1469 Epistola
811 1417 858 1455 ad
885 1418 1099 1456 Martinum
1126 1417 1152 1453 1.
1179 1415 1270 1454 data
1301 1415 1448 1455 adver-

488 1493 560 1520 sus
590 1478 868 1519 Monotlzelitas
905 1482 1039 1516 exstat
1063 1488 1155 1515 cum
1187 1478 1334 1516 Graeca
1361 1489 1450 1515 ver-

489 1545 600 1582 sione
623 1544 659 1579 in
679 1542 791 1579 Actis
808 1540 970 1579 Concilii
993 1539 1278 1582 Lateranensis
1296 1539 1340 1577 Α.
1360 1540 1447 1577 619.

539 1604 746 1643 MAURUS
769 1601 946 1650 Rostius,
972 1601 1103 1639 Abbas
1121 1600 1362 1650 lburgensis,
1379 1602 1446 1651 qui

494 1665 620 1704 Vitam
645 1666 683 1703 S.
722 1662 917 1701 Bennonis
938 1674 959 1700 a
984 1661 1196 1699 decessore
1221 1673 1293 1700 suo
1332 1661 1451 1699 NOR-

487 1726 655 1765 RERTO
672 1724 824 1763 Abbate
843 1724 1047 1773 iburgensi
1066 1724 1256 1773 scriptam
1274 1723 1317 1761 A.
1333 1724 1450 1761 1118.

485 1788 662 1838 prosario
688 1795 884 1831 sermone,
913 1784 1064 1833 redegit
1091 1785 1127 1821 iu
1154 1784 1449 1833 compendium,

487 1853 606 1897 atque
642 1847 766 1896 elegis
791 1856 868 1882 non
909 1845 1072 1883 incultis
1097 1849 1158 1882 est
1184 1845 1445 1894 complexus,

489 1920 590 1959 quos
615 1907 805 1947 ‘Norberto
827 1905 1066 1957 subjunctos
1086 1905 1209 1943 edidit
1229 1907 1287 1943 Jo.
1328 1906 1449 1943 Geor-

487 1972 576 2021 gius
601 1968 805 2008 Eccardus
830 1973 924 2005 tom.
947 1967 982 2005 2.
1004 1968 1180 2018 corporis
1205 1969 1446 2018 scriptorum

486 2032 604 2070 medii
631 2032 718 2069 aevi
745 2042 779 2080 p.
805 2030 922 2068 2195.
944 2030 1062 2068 2196.

540 2092 745 2131 MAURUS
766 2103 813 2129 ex
830 2090 1020 2129 Monaeho
1039 2091 1076 2128 S.
1094 2091 1249 2128 Martini
1266 2090 1358 2128 Ord.
1377 2093 1448 2129 Be-

488 2154 579 2192 ned.
607 2156 643 2191 in
667 2158 802 2192 monte
824 2154 1068 2201 Pannoniae,
1094 2153 1127 2201 a)
1146 2152 1447 2204 Quinqueeccle-

487 2215 628 2254 siensz's
654 2217 690 2253 in
718 2217 918 2254 Pannonia
949 2215 1035 2251 sive
1061 2215 1260 2264 Hungaria
1284 2215 1448 2264 Episco-

487 2289 562 2328 pus
587 2279 691 2315 eirca
715 2277 790 2314 An.
816 2276 931 2314 1030.
954 2275 1065 2313 brevi
1097 2277 1324 2313 narratione
1350 2277 1446 2314 scri-

487 2340 566 2388 psit
586 2338 690 2376 vitas
715 2336 932 2385 Zoerarcli,
959 2337 1053 2374 dieti
1081 2336 1263 2374 Andreae
1279 2367 1289 2384 ,
1317 2340 1355 2374 et
1376 2337 1448 2374 Be-

486 2398 656 2444 nedicti,
681 2400 951 2437 Eremitarum
980 2400 1017 2436 in
1045 2399 1243 2448 liungaria
1268 2400 1371 2437 cIrca
1400 2398 1447 2436 A.

488 2461 605 2499 1020.
631 2471 732 2510 quas
757 2460 919 2497 exhibet
944 2461 1087 2498 Surius
1107 2459 1155 2497 ad
1183 2462 1216 2498 1.
1243 2459 1344 2509 Maji,
1376 2459 1444 2497 sed

486 2522 621 2560 Poloni
643 2526 682 2559 et
707 2522 881 2571 ilungari
905 2532 1042 2559 eorum
1075 2523 1305 2559 memoriam
1339 2532 1447 2559 reco-

487 2584 577 2622 lunt
603 2594 740 2621 mense
761 2583 888 2630 June,
914 2584 1048 2632 itaque
1072 2587 1112 2620 et
1136 2583 1325 2621 Actorum
1349 2584 1447 2621 San-

486 2650 583 2682 ctor.
609 2645 782 2682 editore-s
803 2644 966 2682 easdem
992 2644 1163 2682 efferunt
1181 2649 1276 2682 tom.
1294 2646 1356 2683 lV.
1380 2647 1449 2683 Ju-

488 2706 526 2742 lii
552 2706 613 2743 17.
640 2717 725 2755 pag.
752 2706 839 2743 336.
867 2704 957 2744 337.
996 2706 1168 2754 collatis,
1191 2712 1349 2756 praeter
1374 2708 1448 2745 Su-

485 2767 602 2812 rium,
631 2765 870 2814 Legendario
887 2766 1143 2804 Cracoviensi
1166 2768 1330 2805 joannis
1353 2768 1445 2806 Dlu-

486 2827 589 2875 gessi
616 2826 690 2864 Au.
730 2828 845 2864 1511.
883 2827 1070 2875 vulgato,
1101 2831 1141 2865 et
1178 2828 1444 2876 editionibus,

489 2888 641 2925 Gononi
675 2892 795 2935 atque
821 2887 1045 2924 Mabillonii.

541 2946 853 2986 MAWORMUS
871 2947 1024 2996 Anglus
1044 2948 1256 2997 Worgresii
1274 2948 1448 2997 discipu-

487 3010 550 3047 lus
574 3014 614 3047 et
644 3009 719 3047 sub
750 3009 812 3046 illo
844 3008 996 3046 Abbate
1036 3008 1253 3046 Monachus
1287 3009 1447 3046 Glasco-

486 3073 664 3119 niensis,
697 3070 873 3121 Congelii
903 3069 937 3118 b)
981 3069 1210 3108 institutum
1253 3074 1444 3107 secutus:

541 3235 574 3270 a)
601 3236 678 3265 vide
702 3237 854 3267 vossium
880 3238 919 3268 ΙΙ.
942 3237 993 3268 42.
1018 3246 1092 3277 pag.
1121 3237 1197 3268 558.
1218 3245 1288 3275 seq.

543 3282 578 3320 b>
596 3285 641 3313 De
661 3284 722 3314 hoc
746 3293 845 3324 supra
869 3288 963 3318 Tom.
991 3286 1018 3318 1.
1043 3295 1117 3326 pag.
1138 3286 1227 3317 1118.
1255 3286 1308 3317 11111
1333 3293 1392 3325 pro
1418 3288 1453 3316 A.

490 3333 526 3361 C.
549 3331 602 3360 55.
632 3332 806 3370 legendum
833 3334 908 3366 530.

1513 509 1749 556 Conci,0nes
1785 514 1824 546 et
1849 511 2103 558 Quaestiones
2125 524 2174 550 ex
2206 511 2331 550 sacris
2366 511 2470 550 Scri-

1513 572 1642 620 pturis
1667 572 1897 621 explicatas.

1567 632 1741 671 Joannes
1758 632 2075 681 MAXENTlUS,
2091 645 2210 684 supra
2227 640 2255 672 t.
2272 634 2368 684 le.
2381 633 2472 672 388.

1562 693 2472 749 MAXENTtUSPatriarchaAquilejerzsiscirca

1517 755 1589 792 An.
1616 756 1704 793 813.
1742 755 1789 793 ad
1817 755 1908 793 827.
1940 754 2037 793 Vide
2063 754 2272 805 Ughellum
2302 760 2399 794 tom.
2427 754 2472 793 V.

1517 827 1600 865 pag.
1635 817 1698 855 38.
1724 816 1822 865 Ejus
1848 815 2028 867 Epistola
2049 815 2103 854 ad
2138 816 2329 855 Carolum
2352 816 2408 856 M.
2428 815 2474 854 (le

1518 874 1666 915 ritibus
1690 877 1892 928 Baptismi
1904 887 2120 927 eorumque
2142 875 2477 927 seynificatuedita
2509 869 2513 877 ’

1517 939 1538 975 a
1576 938 1619 975 V.
1664 938 1706 975 C.
1745 937 1945 976 Bernardo
1982 939 2095 976 Pezio
2124 937 2275 975 101112.
2300 938 2474 976 thesauri

1520 997 1812 1036 Anecdotorum
1837 1003 1948 1048 parte
1970 999 2007 1037 2.
2025 1009 2110 1049 pag.
2133 997 2169 1036 7.
2195 996 2418 1047 subjunctis
2438 1010 2475 1048 p.

1520 1060 1581 1098 12.
1608 1060 1669 1098 16.
1692 1071 1741 1097 ex
1766 1059 1904 1097 eodem
1929 1060 2198 1109 Manuseripto
2214 1058 2356 1096 Codice
2374 1059 2479 1097 Rati-

1521 1120 1707 1158 sbonensi
1728 1119 1975 1160 collectaneis
1994 1119 2175 1170 ejusdem
2199 1120 2366 1158 fortasse
2386 1120 2481 1158 scri-

1521 1182 1645 1231 ptoris
1675 1181 1723 1218 de
1745 1181 1882 1219 eodem
1914 1186 2163 1232 argumento.

1573 1242 1912 1289 MAXIMIANUS,
1935 1242 2256 1291 Grammaticus,
2280 1242 2483 1294 versifica-

1523 1308 1608 1351 tor
1639 1316 1707 1355 qui
1732 1304 1771 1342 in
1810 1303 2024 1342 Academia
2051 1303 2274 1342 Pariszensi
2301 1303 2485 1354 praeleyi

1515 1365 1658 1415 pueris
1683 1363 1859 1413 solebat,
1889 1365 2000 1404 vescit
2020 1369 2110 1403 ante
2139 1366 2213 1403 An.
2238 1365 2352 1404 1200.
2380 1367 2482 1404 Haec

1522 1427 1726 1477 Cangius‚
1758 1427 1898 1476 iilum,
1933 1431 1976 1465 ut
2000 1438 2077 1465 non
2118 1426 2255 1465 dubito
2280 1427 2482 1465 Maximia-

1524 1500 1620 1527 num
1647 1489 1885 1538 intelligens,
1904 1487 2022 1539 cujus
2039 1499 2183 1527 versus
2205 1488 2247 1526 in
2273 1486 2482 1539 Viryilium

1523 1555 1563 1588 et
1594 1551 1629 1586 in
1659 1550 1885 1589 Ciceronem
1909 1550 2098 1599 leguntur
2130 1551 2233 1588 inter
2262 1550 2351 1588 XII.
2389 1551 2483 1588 Poe·

1526 1615 1655 1649 tarum
1684 1610 2019 1650 Scholasticorum
2038 1612 2222 1651 Carmina
2245 1612 2282 1648 in
2307 1611 2482 1661 antiquis

1523 1673 1771 1723 poematibus
1796 1674 1896 1710 Petri
1920 1673 2068 1711 Pithoei
2090 1686 2097 1711 :
2124 1677 2164 1711 et
2188 1672 2304 1722 cujus
2323 1671 2482 1722 Eleyiae

1522 1746 1598 1773 sese
1618 1734 1664 1772 de
1694 1734 1948 1773 incommodis
1976 1738 2185 1773 senectutis
2205 1764 2213 1782 ,
2237 1735 2356 1773 toties
2381 1738 2477 1773 sunt

1523 1796 1651 1835 editae
1683 1796 1757 1834 sub
1791 1797 1889 1835 falso
1920 1796 2090 1835 Cornelii
2130 1796 2258 1844 Galli,
2288 1795 2481 1846 Augustei

1522 1858 1608 1895 aevi
1632 1862 1770 1907 poetae
1793 1859 1953 1896 nomine
1970 1888 1981 1906 ,
2004 1862 2046 1896 ut
2070 1857 2150 1896 dixi
2170 1859 2206 1895 in
2225 1857 2323 1895 Bibl.
2346 1858 2480 1895 Latina

1522 1918 1585 1956 lib.
1619 1920 1653 1957 1.
1701 1929 1787 1968 cap.
1820 1918 1881 1957 11.
1913 1918 2104 1968 Ejusdem
2135 1916 2315 1968 requiam
2344 1917 2479 1955 metri-

1521 1992 1631 2028 cam,
1653 1992 1814 2018 carmen
1831 1979 1877 2018 cle
1900 1980 2048 2018 virtute
2068 1984 2107 2018 et
2128 1979 2280 2019 invidia
2296 2011 2305 2028 ,
2332 1979 2378 2018 de
2396 1979 2475 2028 ira,

1515 2041 1710 2093 patientia
1731 2045 1848 2092 atque
1880 2041 2058 2079 avaritia
2083 2045 2277 2080 memorat
2303 2041 2482 2081 Labbeus

1521 2103 1618 2141 Bibl.
1644 2114 1744 2141 nova
1770 2104 2073 2153 Manuscriptor.
2095 2114 2182 2153 pag.
2209 2103 2270 2140 63.
2296 2103 2479 2141 Reinesio

1515 2164 1649 2214 judice
1676 2165 1858 2202 meliores
1883 2169 1979 2203 sunt
2002 2163 2090 2213 ejus
2117 2174 2260 2203 versus
2283 2175 2403 2214 quam
2432 2168 2477 2202 ut

1519 2237 1610 2264 cum
1637 2225 1917 2264 semibarbaris
1940 2228 2209 2274 censeantur,
2231 2226 2318 2262 aevi
2343 2229 2478 2263 tamen
2532 2251 2533 2257 ,

1521 2299 1598 2325 non
1624 2288 1788 2337 optimi,
1818 2287 1946 2336 Epist.
1972 2286 2019 2324 ad
2044 2287 2258 2325 Daumium
2285 2297 2371 2337 pag.
2401 2287 2478 2325 203

1519 2349 1584 2387 ubi
1612 2349 1747 2398 piures
1775 2349 2032 2386 Maximianus
2057 2348 2202 2395 refert,
2227 2351 2267 2385 et
2290 2359 2377 2397 pag.
2400 2347 2477 2385 207
2528 2367 2529 2371 =

1521 2409 1690 2447 confinio
1715 2410 1837 2447 seculi
1864 2410 1966 2447 sexti
1992 2414 2031 2447 et
2055 2409 2213 2459 septimi
2248 2409 2478 2458 suspicatus

1523 2471 1644 2508 fuisse
1668 2470 1774 2509 hunc
1804 2471 2085 2509 Maximianum
2110 2499 2118 2518 ,
2142 2481 2190 2508 ex
2215 2469 2368 2508 Abbate.
2398 2481 2480 2508 me-

1522 2532 1684 2570 nasterii
1728 2532 1765 2570 S.
1805 2531 1980 2581 Gregorii
2017 2532 2162 2569 Romae
2178 2559 2188 2578 ,
2234 2531 2476 2580 Episcopum

1523 2593 1823 2642 Syracusanum
1844 2620 1851 2638 ,
1873 2592 2125 2630 carissimum
2161 2591 2347 2640 Gregorio
2369 2592 2416 2630 M.
2438 2595 2479 2628 et

1525 2654 1758 2692 familiarem
1778 2653 2478 2691 litteratorem.Citantu'rMaximiani

1523 2723 1667 2752 versus
1691 2715 1712 2751 a
1736 2713 1949 2752 JEREMIA
1969 2742 1977 2761 ,
2002 2714 2100 2753 Cive
2121 2712 2324 2760 Paduam,
2340 2712 2478 2751 Judice

1521 2775 1855 2815 MONTANARIO
1881 2775 1942 2823 (de
1962 2776 2226 2824 Moutagnone
2250 2775 2336 2812 sive
2373 2775 2481 2812 Mon·
2522 2786 2523 2791 ¹

1523 2838 1719 2884 tanianae,
1737 2835 1865 2885 oppidi
1897 2835 1943 2873 ad
1971 2836 2166 2872 Lenerum
2184 2845 2341 2873 amnem
2368 2834 2481 2873 ditio-

1524 2899 1585 2934 nis
1622 2897 1808 2944 Venetae)
1846 2897 1948 2933 eirca
1973 2894 2048 2933 An.
2076 2894 2192 2934 1270.
2223 2894 2341 2945 cujus
2367 2895 2480 2935 Com-

1516 2955 1704 3007 pendium
1728 2954 1941 2993 moralium
1961 2953 2193 2993 notabilium
2220 2957 2416 2995 Manuscr.
2440 2958 2477 2994 in

1522 3016 1620 3054 Bibl.
1646 3018 1835 3054 Patavina
1860 3021 1961 3054 teste
1986 3017 2197 3054 Tomasino
2221 3028 2258 3067 p.
2287 3017 2350 3055 23.
2376 3018 2480 3056 Ean-

1523 3077 1612 3114 dem
1645 3082 1739 3127 puto
1775 3077 2004 3128 Sapientiae
2041 3076 2248 3128 epitomam
2280 3088 2399 3127 quam
2428 3077 2476 3116 ad

1526 3139 1754 3176 Reinesium
1783 3140 1891 3176 misit
1920 3140 2114 3178 Daumius
2139 3150 2225 3189 pag.
2248 3139 2339 3178 205.
2364 3138 2480 3189 huju-

1526 3210 1624 3248 sque
1650 3204 1800 3248 partem
1824 3228 1830 3246 ,
1856 3199 1901 3238 cle
1926 3197 2159 3238 auctoribus
2187 3198 2446 3238 scientiarum
2465 3230 2476 3248 ,

1527 3272 1645 3308 quam
1664 3260 1858 3298 Simierus
1875 3264 2080 3299 memorat.
2097 3258 2222 3309 Hujus
2235 3262 2479 3309 Montanarii,

1528 3323 1593 3371 qui
1617 3321 1688 3360 An.
1716 3322 1832 3361 1281.
1862 3323 2038 3362 Veronae
2062 3321 2182 3371 obiit,
2208 3322 2375 3362 Carmen
2414 3322 2480 3361 he-
