2533 4009
461 310 511 348 3ss
879 319 883 322 »
1252 289 1647 332 maurinus

459 393 532 420 suo
562 381 668 424 loco.
700 380 734 414 et
769 369 961 412 PETRUS
990 366 1224 415 Rammius,
1247 365 1406 416 Ερῐερου

455 454 534 493 pus
562 435 804 478 Bellunensi's
837 443 956 482 quem
986 429 1121 469 laudat
1151 429 1289 466 Petrus
1318 427 1407 464 Del-

460 505 605 554 phinus
636 498 807 550 Epistola
838 495 984 533 XXXI.
1015 493 1162 541 scripta
1195 501 1257 528 an.
1291 488 1404 527 1176.

460 569 497 603 in
524 561 720 602 l-Ldinundi
747 561 920 597 Martene
947 560 1026 593 tom
1059 554 1094 592 3.
1115 556 1406 591 monumentor.

457 634 638 665 veterum
670 636 758 674 pag.
788 621 878 659 976.
911 621 939 658 Ε
971 617 1259 672 recentioribus
1298 627 1409 666 prae-

459 697 519 728 ter
549 685 877 727 Sammarthanos
920 687 1013 719 tom.
1049 682 1079 719 1.
1121 678 1269 717 Galliae
1300 678 1411 716 Chri-

458 753 609 789 stianae
632 760 718 799 pag.
746 745 835 784 73'4.
855 745 902 781 de
927 745 965 782 S.
991 743 1156 781 Martino
1177 739 1409 779 consulendi

456 815 630 850 loannes
660 811 770 848 Maan
803 809 840 844 in
872 816 988 856 opere
1010 804 1058 841 de
1089 803 1264 842 Ecclesia
1290 803 1413 839 Turo-

460 876 571 913 nensi
608 873 728 911 Paris.
770 870 882 909 1667.
912 868 974 906 fol.
1006 865 1282 903 'l‘illemontius
1306 868 1411 900 tomo

456 937 609 975 decimo
628 934 922 975 memoriarum,
944 934 983 966 vt
1001 926 1243 966 Benedictini
1264 927 1299 961 in
1318 925 1410 961 hist.

456 999 645 1037 littoraria
670 995 818 1033 Galliae
844 998 938 1029 tom.
966 993 998 1029 1.
1025 993 1136 1039 parte
1162 988 1197 1024 2.
1222 998 1307 1036 pag.
1334 986 1409 1023 4t3

456 1072 538 1110 seq.
568 1063 608 1097 ut
635 1059 677 1095 D.
710 1056 813 1094 Frid.
842 1051 1083 1091 Beehmanni
1110 1049 1267 1086 dissert.
1288 1047 1409 1085 Jenao

459 1122 573 1161 to97.
610 1122 638 1157 l..
671 1119 820 1156 editam
853 1119 893 1151 et
925 1114 980 1150 J0.
1013 1111 1284 1149 Christianum
1321 1110 1411 1146 Fro-

456 1193 647 1220 mannum
694 1180 728 1215 in
769 1173 910 1215 ansere
953 1173 1184 1212 Martiniano
1205 1201 1213 1217 ,
1258 1172 1410 1221 Lipsiae

456 1244 557 1281 1683
585 1243 619 1278 4,
650 1239 873 1286 similiaque
899 1236 1044 1285 scripta
1068 1238 1329 1284 praeteream.
1356 1234 1408 1270 De

455 1302 714 1341 translatione
736 1299 920 1348 Corporis
946 1298 986 1335 S.
1011 1296 1163 1334 Martini
1185 1326 1192 1344 ,
1213 1294 1407 1333 Salisbur-

454 1377 545 1411 gum
575 1368 617 1403 ut
641 1362 753 1412 ajunt
782 1362 905 1407 faeta,
934 1361 985 1397 ita
1013 1362 1185 1397 tractant
1208 1358 1294 1395 Act.
1312 1357 1410 1395 San-

453 1432 606 1464 ctorum
648 1423 821 1461 editores
854 1427 948 1458 tom.
988 1421 1050 1458 Vt.
1075 1420 1180 1458 Junii
1207 1430 1292 1468 pag.
1321 1420 1408 1457 1135.

455 1500 538 1537 seq.
565 1492 608 1525 ut
635 1487 686 1524 illi
713 1484 911 1523 traditioni
936 1494 1010 1520 non
1044 1481 1215 1519 multum
1243 1480 1331 1517 fidei
1355 1481 1412 1517 vi-

455 1549 625 1587 deantur
647 1548 831 1585 tribuere.
857 1546 918 1594 De
945 1548 1073 1582 aetate
1108 1544 1145 1581 S.
1180 1543 1333 1581 Martinl
1370 1548 1410 1580 et

453 1610 702 1660 quorundam
737 1608 823 1657 ejus
859 1611 1062 1656 gestorum
1093 1605 1265 1652 Ordine,
1307 1616 1410 1642 anno

454 1671 679 1718 emortuali,
703 1681 774 1708 nec
799 1680 874 1706 non
898 1668 945 1705 de
971 1668 1007 1705 S.
1031 1668 1179 1704 Briecio
1198 1667 1301 1704 illius
1320 1676 1410 1704 suc—

452 1744 610 1771 cessore
626 1763 636 1779 ,
660 1731 818 1781 Josephi
844 1730 1030 1768 Antelmii
1056 1729 1229 1779 l⁴3p³st0la
1251 1728 1298 1766 ad
1330 1728 1410 1766 An-

455 1797 605 1833 tonium
631 1794 793 1843 Pagium
819 1793 947 1830 lucem
973 1790 1069 1828 vidit
1106 1791 1263 1828 Parisiis
1294 1791 1409 1828 1693.

453 1857 514 1893 12.
537 1857 569 1903 a)
593 1857 734 1893 Fertur
767 1854 841 1891 sul)
863 1854 900 1891 S.
930 1853 1083 1890 Martini
1107 1851 1229 1901 hujus
1252 1853 1409 1890 nomine

453 1916 651 1968 Professio
676 1915 791 1954 Fidei
809 1914 855 1952 de
875 1915 914 1953 S.
938 1913 1139 1959 Trinitate,
1165 1914 1409 1962 <neutiquam

451 1978 729 2017 confundenda
756 1988 847 2015 cum
880 1975 1046 2013 formula
1069 1975 1259 2013 honestae
1281 1976 1411 2022 vitae⁷

451 2053 552 2091 quae
576 2041 788 2078 Martinum
812 2039 1072 2076 Dumiensem
1113 2041 1316 2075 auctorem
1344 2037 1412 2075 ha-

452 2104 517 2141 het
535 2117 555 2151 ,η
580 2103 723 2140 Prodiit
747 2103 919 2152 primum
945 2111 991 2138 ex
1022 2099 1157 2136 Jodoci
1191 2098 1411 2136 Clichtovei

452 2165 624 2202 editione
651 2165 770 2202 Paris.
809 2163 927 2201 1512.
971 2166 1054 2200 tum
1095 2165 1260 2199 curante
1300 2162 1413 2198 Petro

453 2226 612 2265 Pithoeo
631 2238 709 2263 una
728 2236 819 2262 cum
839 2223 925 2262 aliis
942 2223 1107 2261 aliorum
1127 2223 1273 2260 Galliae
1291 2222 1416 2260 Theo-

452 2288 629 2337 logorum
656 2287 859 2337 opusculis
884 2285 984 2324 1586
1009 2286 1042 2322 t.
1068 2289 1273 2335 praeterea
1295 2285 1332 2320 in
1354 2284 1416 2321 Bi-

453 2349 663 2387 bliothecis
702 2349 861 2386 Patrum
902 2347 1123 2384 universis:
1156 2351 1195 2383 et
1233 2347 1270 2382 in
1297 2345 1416 2382 tomis

453 2411 723 2450 Conciliorum
743 2423 748 2447 :
772 2414 812 2446 et
850 2413 944 2446 tom.
973 2409 1006 2446 1.
1046 2407 1242 2445 Sirmondi
1269 2407 1418 2445 Concil.

453 2473 601 2510 Galliae
631 2484 719 2522 pag.
744 2472 808 2509 QG.
835 2475 875 2507 et
912 2480 1001 2507 eum
1041 2469 1202 2507 scholiis
1243 2468 1417 2505 Thomae

453 2535 693 2573 Beauxamis
721 2533 767 2571 ad
791 2532 942 2571 calcem
965 2532 1072 2569 vitae
1102 2543 1123 2569 a
1159 2531 1306 2568 Severo
1331 2530 1419 2568 Sul-

454 2597 556 2645 picio
579 2597 780 2645 scriptae,
804 2596 925 2632 Paris,
951 2593 1067 2632 1671.
1094 2593 1128 2629 8.
1165 2592 1240 2631 Sed
1270 2594 1305 2629 in
1345 2592 1419 2630 Ca-

454 2660 582 2707 sparis
605 2657 754 2696 Barthii
779 2658 882 2694 notis
898 2656 946 2694 ad
964 2655 1120 2693 Gallum
1139 2655 1417 2693 Confessorem

454 2719 630 2757 Francof.
674 2720 787 2757 4623.
825 2720 861 2756 8.
902 2730 990 2768 pag.
1019 2717 1107 2755 ⁴⁶20.
1137 2719 1204 2766 qui
1231 2717 1415 2755 Barthius

453 2780 730 2830 apographum
762 2792 811 2818 ex
835 2780 1084 2818 membranis
1120 2780 1261 2829 priscis
1295 2779 1420 2816 Theo-

453 2841 537 2879 dori
569 2842 780 2879 Pulmanni
799 2871 806 2889 ,
828 2846 948 2890 atque
973 2841 1193 2878 editionem
1231 2840 1419 2888 TraJeeti-

455 2915 546 2941 nam
569 2915 632 2941 an.
659 2903 773 2941 1511.
798 2903 1018 2939 contulisse
1041 2912 1084 2937 se
1110 2901 1342 2950 profitetur,
1371 2905 1414 2938 ut

455 2964 721 3003 Combefisius
745 2968 842 3001 tom.
862 2964 959 3001 Vlll.
977 2963 1072 3000 Bihl.
1091 2963 1418 2999 Concionatoriae

455 3037 541 3075 pag.
569 3025 657 3063 470.
676 3026 996 3075 Manuseriptum
1020 3023 1203 3061 Codicem
1222 3022 1319 3060 Bibl.
1343 3023 1420 3060 Ma-

457 3088 694 3125 zarinianae.
720 3088 902 3136 Denique
940 3085 1194 3124 Christianus
1227 3082 1419 3132 Daumjus

453 3146 604 3185 hancce
639 3149 929 3198 professionem
959 3145 1168 3196 subjunxit
1192 3145 1417 3194 Hieronymi

454 3208 592 3245 Graeci
620 3211 805 3260 Theologi
830 3210 983 3260 dialogo
1007 3209 1055 3247 de
1077 3207 1143 3246 SS.
1166 3207 1357 3245 Trinitate
1378 3211 1417 3244 et

515 3341 549 3378 a)
572 3341 713 3371 Journal
736 3340 795 3371 des
813 3344 883 3372 Sav.
908 3340 997 3372 1695.
1024 3349 1099 3379 pag.
1119 3339 1170 3370 88.
1195 3339 1273 3370 edit.
1298 3341 1401 3370 Arnst.

513 3389 547 3425 b)
571 3389 642 3419 Joh.
669 3388 722 3421 ⁹21.
739 3390 791 3421 5223.

1477 359 1670 400 Gennadii
1696 357 1894 397 Cl‘olitani
1920 363 2006 400 viae
2034 359 2182 400 Salutis
2202 364 2321 410 atque
2344 359 2432 398 aliis

1479 420 1717 473 quibusdam
1737 423 2004 461 monumentis
2025 425 2061 461 in
2082 421 2211 460 libello
2229 421 2334 460 edito
2355 421 2434 471 Cy-

1479 495 1602 534 gneae
1636 480 1748 521 1677.
1792 481 1827 518 8.
1869 480 2005 520 Judice
2039 483 2217 523 Conrado
2250 482 2433 521 Samuele

1482 542 1816 585 Schurzlleischio
1837 542 1876 578 in
1898 542 2073 592 Epistola
2095 544 2142 584 ad
2178 543 2434 594 Christopho-

1483 619 1570 645 rum
1590 610 1619 644 Α
1628 605 1766 643 rnoldo
1775 616 1809 642 m
1831 614 1914 653 pag.
1933 603 2010 641 756
2028 615 2146 656 neque
2160 605 2314 658 formae
2331 603 2434 656 scyti,

1484 680 1608 719 neque
1642 666 1843 705 doctrinae
1868 665 1958 703 talis
2000 664 2182 718 Episcopi
2217 676 2436 717 conyruens

1485 734 1566 778 est,
1589 727 1789 780 planeque
1808 727 2011 766 diversum
2027 729 2226 766 auctorem
2243 725 2434 779 praefert.

1488 793 1538 829 Ut
1558 793 1697 828 Lector
1715 801 1784 841 per
1798 800 1840 828 se
1860 788 2026 840 judicet,
2039 799 2125 826 eam
2145 789 2353 841 integram,
2374 791 2438 827 est.

1491 853 1598 890 enim
1616 852 1870 899 brevissima,
1888 850 2057 888 hocloco
2073 848 2285 899 adjungere
2302 851 2430 901 juvat.

1539 915 1581 951 Β.
1612 913 1821 951 MARTINI
1837 944 1848 960 ‚
1887 913 2132 951 Turonensis
2173 911 2384 963 Episcopi,

1645 974 1840 1011 Professio
1871 973 1959 1011 fidei
1991 973 2040 1011 de.
2070 974 2276 1011 Trinitate.

1541 1033 1718 1073 Clemens
1763 1034 1939 1072 Trinitas
1964 1036 2024 1072 est
2048 1035 2130 1071 Una
2160 1033 2357 1072 Divinitas
2396 1037 2443 1074 Ut

1485 1099 1615 1134 autem
1633 1107 1708 1146 per
1728 1097 2031 1135 Sacramentum
2051 1098 2333 1146 coynoscatur,
2354 1097 2442 1134 uni-

1487 1162 1547 1196 tas
1568 1162 1627 1196 est
1642 1156 1693 1195 ab
1718 1169 1760 1196 eo
1785 1157 1856 1209 qui
1874 1161 1956 1204 est,
1983 1160 2021 1195 et
2042 1157 2219 1208 Spiritus
2242 1158 2413 1196 Sanctus
2430 1189 2441 1206 ‚

1485 1220 1510 1257 a
1534 1231 1612 1270 quo
1641 1219 1713 1270 qui
1731 1223 1811 1266 est,
1836 1222 1873 1257 et
1893 1217 2132 1269 Uniyenitus.
2158 1218 2224 1258 Sic
2266 1219 2443 1259 existens

1483 1281 1650 1319 Divinae
1674 1281 1876 1329 Naturae,
1908 1280 2046 1327 Lucis,
2077 1280 2273 1331 Spiritus,
2298 1293 2324 1318 a
2347 1291 2433 1318 sese

1479 1354 1554 1394 per
1577 1346 1791 1391 naturam,
1811 1354 1886 1394 per
1919 1340 2217 1381 subsistentiam.
2250 1342 2442 1392 majesta-

1487 1405 1547 1453 tis,
1564 1404 1785 1455 potestatis,
1807 1403 1985 1451 virtutis,
2008 1403 2174 1441 Divinae
2198 1402 2298 1442 lucis
2338 1405 2443 1442 Unus

1486 1467 1525 1504 in
1549 1465 1721 1513 duobus,
1748 1469 1785 1503 et
1812 1468 1977 1515 uterque
2001 1464 2232 1515 inidipsum
2264 1464 2443 1503 Pateria

1486 1528 1586 1566 Filio
1603 1560 1613 1577 ,
1641 1527 1768 1566 Filius
1794 1526 1832 1564 in
1858 1527 2005 1574 Patre,
2031 1528 2199 1578 Uterque
2223 1526 2263 1564 in
2287 1525 2441 1577 Spiritu

1485 1592 1652 1630 Sancto:
1677 1589 1734 1627 sic
1760 1587 1888 1627 tribus
1903 1589 2088 1640 personis
2112 1588 2340 1640 confitemur
2353 1599 2439 1627 cor-

1480 1663 1557 1703 pus
1576 1650 1891 1703 praescientiae,
1913 1650 2018 1700 quod
2036 1660 2157 1700 super
2181 1650 2311 1688 omnia
2344 1661 2439 1688 cun-

1485 1718 1547 1752 cta
1567 1712 1774 1752 concludit.
1796 1713 1838 1750 In
1859 1711 1927 1750 hoc
1948 1711 2180 1762 mysterium
2200 1722 2291 1762 er9o
2313 1711 2439 1750 credi-

1485 1787 1573 1813 mus
1589 1786 1673 1813 esse
1696 1786 1751 1812 eac
1764 1773 1883 1812 nullis
1905 1771 2157 1812 eacstantibus
2178 1775 2321 1811 cuncta
2338 1776 2438 1811 orta.

1485 1836 1598 1886 Quod
1625 1836 1857 1887 mysterium
1889 1846 1997 1874 mens
2034 1834 2208 1873 humana
2232 1835 2440 1885 concipere

1485 1910 1559 1936 non
1578 1901 1728 1949 potest,
1755 1908 1824 1935 nec
1849 1897 2028 1935 oratoria
2062 1896 2197 1947 linqua
2219 1908 2414 1935 enarrare
2429 1928 2439 1946 ‚

1486 1970 1609 2010 neque
1634 1957 1772 2009 diffusi
1791 1958 1984 1997 sermonis
2023 1957 2354 1997 Biblz'otlzecarum
2377 1971 2443 1998 vo-

1487 2020 1649 2059 lumina.
1670 2021 1716 2060 Si
1734 2023 1855 2058 totum
1876 2019 2066 2058 mundum
2090 2018 2184 2057 libri
2200 2019 2388 2071 repleant,
2406 2021 2441 2069 b)

1487 2083 1631 2122 Divina
1674 2082 1840 2121 scientia
1876 2093 1951 2119 non
1987 2081 2118 2133 possit
2159 2079 2445 2120 inenarrabilis

1489 2144 1704 2183 enarrari:
1735 2143 1807 2195 qui
1834 2147 1894 2182 est
1917 2142 2158 2193 indicibilis,
2193 2142 2298 2181 nullo
2331 2143 2443 2182 modo

1483 2207 1611 2259 possit
1632 2205 1834 2254 describi,
1860 2217 1985 2257 neque
2022 2204 2224 2254 concludi,
2252 2209 2325 2244 aut
2358 2217 2447 2244 ver-

1491 2268 1580 2307 bum
1597 2272 1670 2306 aut
1686 2267 1911 2306 substantia
1921 2267 2092 2319 propria
2109 2266 2335 2306 Divinitatis
2349 2278 2446 2306 suae

1490 2331 1560 2381 qui
1581 2334 1639 2368 est
1657 2329 1746 2381 sons
1766 2329 1930 2368 Divinae
1947 2328 2058 2378 lucis,
2076 2329 2246 2377 luminis,
2264 2327 2447 2368 substan-

1492 2394 1589 2439 tiae,
1615 2403 1691 2430 sua
1712 2395 1874 2429 natura.
1915 2389 2041 2429 Sileat
2065 2389 2201 2441 linqua
2239 2389 2447 2440 oratoria,

1492 2454 1589 2506 quia
1612 2454 1740 2505 deficit
1774 2464 1903 2492 sermo
1928 2452 1974 2491 de
1999 2451 2201 2490 indicibili.
2230 2451 2330 2492 Cum
2361 2463 2450 2490 con-

1493 2516 1756 2556 summaverit
1776 2526 1884 2553 mens
1905 2514 2081 2552 humana
2101 2513 2146 2552 de
2164 2513 2309 2553 Divina
2327 2515 2449 2566 maje-

1492 2583 1592 2618 state
1616 2579 1770 2627 dicere,
1810 2581 1883 2615 aut
1920 2576 2142 2624 disserere,
2174 2580 2265 2615 tunc
2300 2576 2448 2629 incipit.

1494 2643 1650 2690 Quanta
1673 2641 1724 2679 sit
1747 2643 1879 2678 autem
1904 2639 2050 2678 Divina
2077 2637 2310 2686 Clementia,
2335 2650 2447 2677 nemo

1493 2704 1583 2752 scit,
1609 2703 1690 2741 nisi
1713 2702 1784 2753 qui
1802 2701 1955 2752 yenuit,
1981 2703 2019 2738 et
2039 2711 2149 2737 nemo
2179 2699 2370 2750 comperit
2388 2710 2449 2738 se-

1495 2769 1605 2803 creta
1632 2764 1790 2812 Patris,
1822 2763 1899 2801 nisi
1923 2762 1980 2809 is,
2018 2760 2089 2812 qui
2117 2771 2192 2812 per
2228 2764 2444 2810 naturam,

1495 2825 1685 2864 nascendi
1708 2824 1862 2862 initium
1890 2822 2033 2860 amisit.
2062 2821 2196 2860 Omnis
2221 2833 2312 2873 erqo
2338 2833 2447 2860 man-

1494 2887 1657 2927 suetudo
1678 2893 1716 2924 et
1733 2885 1922 2923 modestia
1941 2883 2167 2934 peritorum
2190 2887 2446 2922 convertatur

1491 2948 1546 2986 ad
1584 2947 1840 2997 Prophetam:
1880 2945 1926 2984 de
1970 2944 2173 2983 Dominica
2210 2945 2447 2984 auctoritate

1488 3011 1727 3060 praesumat
1748 3007 1932 3046 dicendo:
1958 3006 2114 3045 Credidi
2141 3011 2302 3057 propter
2338 3007 2444 3056 quod

1493 3071 1650 3108 locutus
1666 3081 1769 3107 sum.
1788 3068 1821 3117 c)
1841 3068 1954 3117 Quod
1969 3073 2098 3107 autem
2111 3080 2185 3119 per
2200 3068 2443 3119 mysterium,

1492 3130 1664 3181 simplex
1686 3131 1739 3169 sit
1754 3129 1963 3182 professio,
1988 3133 2033 3168 ut
2049 3128 2349 3181 fundamentum
2373 3129 2447 3167 Ec-
2510 3143 2519 3151 ·

1493 3192 1634 3231 clesiae
1647 3192 1836 3231 solidatae
1844 3191 1872 3230 A
1875 3191 2067 3244 postolica
2083 3191 2319 3231 auctoritate
2322 3202 2444 3242 prae-

1547 3333 1781 3373 c)psa1.1to.
1805 3332 1843 3364 10
