2566 4009
875 270 913 308 M
935 272 963 308 A
991 270 1017 308 r.
1043 270 1055 307 ι,
1076 269 1105 307 Α
1130 269 1161 306 N
1188 268 1262 326 urs
2020 273 2072 310 27

77 346 296 382 mentorum
320 351 455 380 nexus
472 371 481 388 ,
505 339 711 392 illaqueor.
736 342 895 389 retexit,
914 352 1033 392 eape-

76 405 165 444 dior
188 419 197 444 .·
229 403 373 442 inserit
395 400 550 441 alicubi
567 404 923 451 narratiunculas,
962 403 1034 442 du-

75 479 172 507 cor:
198 466 429 505 modulatur
452 477 635 515 carmen,
675 471 830 506 teneor:
860 467 1028 518 jocatur

83 528 268 578 nonnihil,
284 527 394 567 rideo
414 541 422 566 :
442 528 602 579 premit,
627 533 819 582 urqetque
846 529 967 573 veris,
983 527 1031 566 do
1059 581 1061 583 -

73 603 233 631 manus:
255 593 381 630 tentat
394 590 562 642 affectus
591 591 777 637 mitiores,
801 591 934 630 statim
958 591 1031 629 mi-

71 654 115 694 lzi
128 666 206 707 per
228 666 269 694 os
294 653 516 705 lacrymae}
541 653 690 693 clamat
709 654 860 701 iratus,
879 658 1034 693 terreor

71 729 119 756 ac
153 707 309 756 uenisse
322 717 413 769 jam
442 715 593 755 nollem.
617 716 791 768 Denique
808 729 884 769 pro
909 729 954 756 re
976 717 1033 768 ip-

70 792 144 829 sa,
170 791 291 832 quam
317 783 490 828 tractat,
516 779 720 831 etfiquras
735 780 874 819 variat
890 810 897 827 ,
916 784 954 818 et
965 792 1032 819 vo-

0 830 5 854 *
66 844 124 882 cis
154 844 292 895 flemus
312 875 322 891 ‚
350 846 387 882 et
406 841 556 894 ubique
576 844 768 881 actionem
787 846 903 893 qestu
927 855 1032 882 com-

67 905 236 945 mendat.
258 905 363 945 Mihi
374 917 468 945 vero
484 905 602 943 etiam
621 906 677 953 (ut
686 904 830 958 fatear]
849 917 1030 945 crescere

68 968 108 1007 in
130 968 216 1020 ipso
235 967 390 1021 pulpito
411 1000 420 1016 ,
450 979 520 1006 nec
544 978 673 1018 supra
696 967 764 1006 sui
797 967 921 1017 modo,
959 968 1033 1008 sed

67 1031 220 1070 omnino
245 1043 369 1083 supra
390 1030 556 1070 bominis
579 1042 808 1069 mensuram
832 1042 949 1082 saepe
974 1035 1033 1070 est

66 1093 191 1133 visus.
206 1093 263 1132 Ac
283 1093 377 1132 dum
393 1093 449 1132 sic
466 1093 615 1141 omnia,
632 1093 752 1146 quasi
769 1092 926 1144 singula
942 1105 1030 1132 con-

68 1155 246 1208 templor,
263 1156 383 1195 cessit
396 1154 591 1194 miraculo
599 1155 811 1207 judicium.
834 1154 1030 1194 Putabam

62 1218 149 1271 fore
173 1221 304 1256 tamen
318 1249 329 1266 ,
351 1221 398 1256 ut
418 1220 649 1269 consumpta
669 1216 921 1267 postmodum
961 1229 1028 1256 no-

64 1281 196 1327 vitate,
211 1279 342 1317 minus
365 1279 406 1316 in
430 1279 514 1318 dies
538 1291 598 1317 me
621 1284 795 1330 caperet.
818 1280 1028 1319 Caeterum

64 1345 202 1381 contra
221 1340 385 1380 occidit:
408 1341 512 1380 idem
537 1341 639 1379 enim
658 1340 853 1394 postridie
873 1373 880 1391 ,
906 1343 1030 1394 quasi

64 1403 169 1443 alius
192 1402 432 1442 audiebatur
450 1436 459 1452 ,
482 1403 553 1443 sed
571 1403 635 1442 illo
662 1403 744 1456 ipso
771 1404 930 1454 melior,
957 1407 1029 1458 qui

61 1466 194 1520 pridie
217 1467 330 1506 visus
354 1466 536 1518 optimus.
560 1467 640 1505 Nec
663 1470 704 1505 tu
742 1466 843 1505 illud
873 1479 1015 1518 corpu-

68 1527 223 1568 sculum
248 1529 539 1581 contempseris.
577 1530 794 1577 Invictum,
834 1528 1021 1582 infatiqa-

68 1590 142 1630 bile
162 1595 242 1630 est:
262 1594 308 1630 ut
328 1602 404 1629 non
427 1590 588 1630 aliunde
607 1591 735 1643 maqis
757 1604 955 1644 reparare
967 1594 1024 1633 vi-

67 1666 149 1697 res,
167 1665 288 1706 quam
298 1653 344 1692 de
369 1652 574 1693 laboribus
599 1653 694 1706 ipsis
716 1654 911 1694 videatur.
925 1655 1023 1705 Quis

70 1717 159 1757 inde
185 1721 317 1756 autem
344 1719 495 1755 tantum
511 1728 619 1756 vocis
634 1749 643 1765 ‚
670 1721 821 1756 tantuin
842 1719 1022 1769 spiritus

66 1784 220 1819 tantum
243 1780 394 1819 virium
412 1811 422 1827 ,
444 1791 492 1818 ac
517 1779 688 1819 laterum
711 1782 923 1832 speraret?
942 1781 1021 1820 Ad-

67 1843 114 1882 de
136 1842 242 1895 quod
258 1846 297 1882 et
313 1842 534 1882 rusticatus
558 1842 793 1895 quandoque
812 1856 900 1882 sum
922 1876 929 1893 .
955 1844 1020 1883 de-

63 1905 181 1957 nique
204 1916 295 1943 cum
320 1904 402 1956 ipso
424 1904 674 1958 familiarius
697 1906 779 1956 eyi:
805 1910 843 1944 et
864 1907 1020 1958 quidem

64 1966 164 2006 nihil
176 1967 262 2007 vidi
276 1966 474 2019 placidius
493 2000 500 2012 ‚
521 1967 621 2006 nihil
644 1971 774 2006 tamen
791 1969 910 2007 etiam
924 1981 1020 2008 cau-

65 2029 156 2068 tius.
177 2030 264 2069 Non
287 2029 374 2081 ejus
386 2028 588 2069 absterret
601 2030 820 2079 severitas,
836 2044 912 2070 non
930 2032 1019 2071 item

63 2092 288 2144 corrumpit
305 2091 494 2145 facilitas.
515 2091 598 2131 Alii
619 2104 707 2131 cum
731 2105 773 2132 se
796 2095 1012 2145 maqistros

65 2153 325 2195 ecclesiarum
348 2155 613 2207 profitentur,
639 2155 809 2195 credunt
836 2155 917 2196 sibi
939 2157 1018 2209 jus

63 2227 148 2255 esse
168 2217 207 2256 in
231 2216 404 2256 homines
428 2217 536 2256 vitae
552 2249 563 2266 ‚
586 2221 625 2256 et
645 2218 756 2257 necis
777 2233 786 2257 .-
809 2219 941 2270 itaque
964 2221 1022 2259 sic

63 2277 370 2331 intemperanter
391 2283 584 2331 potestate
607 2279 850 2329 abutuntur,
867 2285 913 2320 ut
923 2293 1021 2320 nun-

63 2351 183 2393 quam
195 2341 466 2393 supercilium,
482 2354 688 2394 nunquam
698 2342 922 2395 paedayoqi
933 2344 1020 2383 vul-

64 2406 145 2441 tum
160 2434 170 2452 ,
192 2408 232 2443 et
255 2402 382 2443 verba
405 2403 476 2443 illa
512 2406 654 2444 tetrica
693 2405 904 2458 deponant.
942 2407 1016 2446 Hic

62 2467 194 2503 autem
213 2469 347 2504 noster
369 2466 427 2504 sic
450 2466 611 2505 modum
631 2471 765 2506 tenere
785 2467 922 2506 didicit
940 2498 948 2515 ,
970 2473 1017 2508 ut

63 2526 104 2565 in
122 2526 205 2578 ipso
230 2530 382 2566 tantum
399 2527 553 2580 pulpito
577 2540 793 2567 censuram
816 2535 1018 2570 emerceat:

63 2598 151 2626 cum
169 2587 396 2635 descendit,
421 2589 587 2629 invicem
616 2589 787 2629 civiliter
821 2592 1016 2643 eacctpiat.

63 2652 199 2700 Quare
218 2650 276 2690 sic
299 2663 322 2703 a
344 2663 424 2700 me,
441 2651 498 2690 sic
514 2663 540 2690 a
558 2652 648 2691 Pico
665 2652 756 2690 item
777 2653 821 2691 M
827 2652 1018 2692 irandula

62 2723 148 2751 meo
177 2716 185 2751 l
193 2709 288 2752 bone
311 2713 442 2760 Deus,
462 2725 539 2765 quo
555 2714 678 2763 viros&
693 2713 922 2766 frequenter
934 2715 1019 2754 adi-

63 2779 156 2823 tur,
181 2779 228 2814 ut
247 2774 354 2815 nullo
378 2776 508 2826 maqis
533 2787 656 2828 quam
680 2787 859 2815 sermone
883 2776 989 2816 illius
1010 2809 1018 2827 ,

65 2840 104 2875 et
123 2837 401 2877 consuetudine
427 2838 632 2877 tristitiam
657 2837 811 2877 laboris
834 2838 1021 2878 discutia-

62 2911 164 2939 mus.
189 2899 292 2939 Nam
316 2901 557 2940 Laurentius
592 2901 676 2954 ipse
710 2901 904 2946 Medices,
947 2902 1019 2940 ele-

62 2973 164 3015 qans
189 2961 434 3013 inqeniorum
452 2968 675 3014 spectator,
693 2968 885 3016 qua-ntum
899 2964 1020 3004 homi-

64 3023 110 3063 ni
133 3022 311 3063 tribuat:
334 3035 411 3062 non
433 3024 544 3064 modo
576 3025 802 3066 substructa
836 3028 1020 3079 protinus

70 3087 216 3138 insiqni
239 3087 280 3126 S.
299 3084 407 3125 Galli
417 3085 596 3125 coenobio
621 3088 811 3136 ostendit,
831 3089 901 3128 sed
921 3090 1020 3129 mul-

65 3153 101 3188 to
125 3149 243 3188 etiam
269 3148 392 3199 moqis
414 3147 654 3188 assiduitate
677 3150 870 3201 quadam,
896 3151 1022 3191 cultu-

65 3221 142 3262 que
159 3224 167 3249 :
193 3215 239 3250 ut
261 3222 343 3249 una
358 3222 448 3249 cum
464 3210 529 3250 illo
546 3209 928 3252 ambulatiunculam
941 3226 1022 3253 om-

68 3271 187 3312 nibus
209 3272 336 3325 ferme
358 3273 464 3312 vitae
487 3271 671 3312 urbanae
691 3273 938 3314 discursibus
950 3289 1021 3315 an-

73 3338 238 3387 teponat.
263 3336 402 3387 Itaque
427 3339 460 3374 te
483 3347 634 3387 quoque
659 3335 811 3385 hortor,
829 3337 1018 3389 inspicias

65 3395 254 3437 bominem
281 3398 333 3448 (si
353 3399 476 3451 potes)
505 3401 543 3437 et
565 3397 775 3450 emptores,
808 3399 926 3439 etiam
972 3399 1018 3440 de

1104 339 1291 390 prooeimo
1314 372 1322 389 ‚
1349 339 1532 379 laudabis
1558 341 1619 379 nic
1647 341 1835 381 Politiani
1872 343 1934 381 tui
1957 342 2071 394 judi-

1107 403 1222 440 cium.
1243 402 1323 441 Nec
1347 402 1407 441 illi
1428 402 1614 443 molestus
1639 417 1817 456 unquam
1836 416 1981 451 venies,
2006 417 2071 443 ne-

1103 465 1181 502 scit
1198 465 1353 515 offendi.
1386 465 1474 504 Non
1489 465 1592 504 enim
1616 467 1651 505 is
1680 471 1741 507 est
1764 467 1837 520 qui
1858 466 1983 507 lucem
2007 480 2069 505 re-

1103 525 1260 579 fitqi'at,
1286 531 1323 566 et
1341 527 1490 567 oculos:
1504 532 1614 581 pulc,
1637 530 1733 581 quia
1762 529 2069 569 bonaconscien-

1109 589 1164 627 tia
1184 588 1348 629 testibus
1369 590 1522 629 omnino
1543 591 1709 641 qaudet,
1735 593 1918 644 quamvis
1928 593 2064 645 utique

1108 663 1184 690 non
1206 652 1422 692 desiderat.
1452 652 1542 692 Vale
1564 654 1590 693 6
1616 653 1778 693 Calend.
1796 654 1926 707 April.
1946 657 2062 695 4489.

1163 715 1277 754 Liber
1306 715 1355 754 de
1386 716 1466 755 vita
1497 720 1538 754 et
1568 716 1737 756 heroicis
1760 718 1983 757 actionibus
2008 730 2069 757 re-

1109 777 1338 828 ligiosorum
1385 778 1425 817 S.
1468 778 1683 830 Augustini
1713 792 1782 831 per
1820 782 2068 832 octingentos

1110 851 1251 887 annos,
1283 845 1323 879 et
1352 840 1532 890 ejusdem
1563 840 1713 879 ordinis
1737 843 2066 891 Constitutiones,

1109 902 1470 954 Ordinationesque
1495 915 1596 954 quae
1618 904 1726 943 fuere
1751 916 1821 955 per
1844 906 1944 944 tanti
1965 910 2066 944 tem-

1105 966 1231 1015 poriS,
1261 965 1284 1003 a
1328 967 1501 1004 Mariano
1544 965 1721 1018 digestae
1764 967 2066 1007 interciderunt.

1106 1027 1202 1066 Vide
1234 1027 1398 1078 Philippi
1428 1029 1548 1067 Elssii
1592 1031 1900 1069 encomiasticon
1931 1030 2065 1081 Augu-

1105 1090 1322 1128 stinianum
1356 1102 1439 1141 pag.
1473 1091 1560 1130 465.

1158 1151 1418 1191 MARIANUS
1437 1151 1686 1191 Florentinus
1703 1153 1795 1192 Ord.
1811 1155 1948 1192 Minor.
1968 1157 2065 1192 scri-

1104 1219 1193 1265 ptor
1223 1213 1428 1253 Fasciculi
1471 1214 1757 1255 Chronicorum
1787 1215 1947 1254 Ordinis
1976 1218 2063 1261 sui,

1102 1276 1280 1316 distincti
1327 1279 1364 1316 in
1411 1277 1531 1316 libros
1559 1279 1603 1316 V.
1640 1284 1680 1316 et
1723 1279 1854 1317 adhuc
1900 1278 2062 1325 inediti,

1101 1339 1206 1388 quod
1237 1339 1385 1378 desinit
1417 1341 1454 1377 in
1486 1351 1548 1377 an.
1582 1340 1696 1379 4486.
1727 1340 1776 1378 dc
1806 1352 1883 1390 quo
1920 1340 2060 1378 viden-

1100 1400 1176 1439 dus
1205 1402 1263 1439 Jo.
1302 1402 1502 1450 Launojus
1546 1401 1644 1439 libro
1674 1402 1722 1440 de
1753 1407 1914 1441 auctore
1945 1403 2062 1440 libro—

1099 1473 1187 1500 rum
1218 1462 1268 1501 de
1302 1464 1521 1501 imitatione
1552 1464 1734 1513 Cliristi,
1765 1466 1893 1515 capite
1923 1465 1991 1503 VH
2021 1469 2061 1503 et

1097 1525 1227 1563 Julius
1255 1526 1373 1577 Niger
1404 1527 1441 1562 in
1468 1525 1788 1564 Florentinorum
1814 1528 2054 1576 scriptorum

1101 1588 1268 1626 Historia
1299 1599 1385 1638 pag.
1417 1588 1509 1626 397.
1532 1588 1595 1626 ubi
1623 1587 1795 1626 traditur
1819 1589 1938 1626 etiam
1965 1589 2063 1626 scri-

1097 1651 1225 1700 psisse
1257 1649 1320 1688 hic
1348 1652 1547 1689 Marianus
1579 1649 1813 1701 Cataloqum
1848 1651 1934 1688 sive
1971 1649 2058 1690 bre-

1097 1712 1246 1752 viorem
1278 1712 1485 1751 historiam
1509 1713 1670 1766 piorum
1698 1712 1879 1766 fratrum
1922 1713 2059 1753 Laico-

1095 1787 1188 1814 rum
1207 1775 1275 1814 sui
1298 1775 1472 1823 Ordinis,
1498 1783 1537 1814 et
1560 1775 1666 1815 vitas
1693 1777 1821 1816 CLIX.
1844 1776 2059 1816 mulierum

1098 1837 1260 1876 Ordinis
1283 1839 1322 1878 S.
1352 1838 1517 1878 Clarae:
1543 1838 1808 1877 Itinerarium
1841 1837 1957 1878 Urbis
1986 1842 2060 1880 Ro-

1095 1913 1181 1939 mae
1205 1901 1434 1941 distinctum
1459 1902 1499 1940 in
1525 1902 1666 1955 Capita
1691 1903 1833 1941 XVIII.
1867 1908 1908 1940 et
1941 1902 2059 1941 histo-

1094 1963 1200 2002 riam
1220 1964 1266 2003 de
1292 1964 1555 2003 translatione
1577 1963 1737 2004 habitus
1762 1964 1894 2003 sancti
1917 1965 2055 2004 Patris

1098 2027 1307 2066 Francisci
1332 2040 1358 2066 a
1381 2029 1508 2066 Monte
1537 2031 1651 2067 acuto
1692 2026 1961 2078 Florentiam,
1992 2031 2057 2067 cui

1098 2090 1347 2129 translationi
1378 2095 1517 2129 auctor
1548 2092 1631 2142 ipse.
1661 2091 1841 2129 interfuit
1870 2092 1916 2129 A.
1940 2092 2055 2130 4504.

1150 2153 1265 2203 (497.
1304 2154 1394 2192 Vita
1432 2155 1476 2192 B.
1506 2152 1706 2192 Antoniae
1751 2154 1800 2192 de
1844 2154 2056 2193 Florentia.

1095 2216 1310 2254 Tractatus
1354 2215 1402 2254 de
1433 2217 1585 2267 origine
1625 2216 1832 2255 nobilitate
1861 2221 1901 2254 et
1929 2217 2060 2256 excel-

1094 2277 1216 2317 lentia
1245 2279 1415 2317 Tusciae
1464 2280 1700 2329 explicitum
1749 2290 1813 2317 an.
1861 2278 1977 2318 4547·
2015 2284 2058 2318 ut

1092 2341 1202 2380 MSS.
1235 2342 1455 2380 Florentiae
1475 2343 1512 2379 in
1532 2342 1627 2380 Bibl.
1660 2343 1728 2380 ΡΡ.
1761 2341 2048 2392 D'Oqtzi'ssanti

1095 2408 1370 2442 memorantur
1394 2405 1432 2442 in
1457 2403 1718 2455 Biblioqrafia
1738 2416 1758 2442 a
1783 2406 1990 2454 Morenio.)

1144 2466 1399 2505 MARIANUS
1429 2468 1570 2506 Scotus
1599 2469 1685 2505 sive
1718 2466 1948 2513 Hibernas,
1977 2470 2055 2506 Mo-

1097 2528 1249 2566 nachus
1279 2528 1372 2566 Ord.
1403 2529 1551 2567 Bened.
1576 2530 1772 2576 Coloniae,
1798 2529 2054 2577 Fuldae,Mo-

1093 2591 1279 2638 guntiae,
1310 2601 1384 2628 nec
1415 2602 1491 2628 non
1525 2590 1787 2637 Ratisbonae,
1818 2590 1883 2629 ubi
1903 2591 2054 2629 Mathe--

1093 2652 1259 2689 matioas
1288 2656 1328 2690 et
1370 2664 1504 2691 sacras
1549 2653 1701 2691 litteras
1738 2651 1897 2699 docuit,
1928 2658 2048 2702 atquo

1093 2714 1237 2752 iterum
1265 2716 1515 2765 Moguntiae,
1541 2714 1606 2753 uhi
1624 2714 1838 2752 defunctus
1863 2714 1906 2752 A.
1934 2714 2048 2753 4088.

1091 2776 1147 2813 De
1180 2776 1252 2814 hoo
1276 2781 1437 2827 praeter
1461 2777 1627 2815 Balcum
1653 2773 1756 2813 xlv.
1784 2776 1845 2815 45.
1866 2777 2048 2816 vossium

1093 2849 1177 2889 pag.
1210 2839 1302 2877 38⁶..
1335 2839 1512 2878 Caveum
1539 2838 1587 2877 ad
1618 2849 1679 2876 an.
1708 2838 1822 2877 4059.
1846 2837 2048 2878 Oudinum

1092 2904 1186 2938 tom.
1218 2901 1254 2950 2,
1286 2912 1370 2952 pag.
1403 2902 1494 2939 698.
1523 2903 1604 2939 Aac.
1635 2900 1849 2939 Waraeum
1879 2900 1927 2939 de
1952 2903 2049 2940 scri-

1092 2963 1272 3013 ptoribus
1304 2964 1510 3002 Hiberniae
1538 2963 1601 3001 lib.
1630 2965 1662 3002 4.
1690 2975 1777 3013 pag.
1797 2964 1845 3001 50
1870 2964 2046 3015 aliosque.

1096 3025 1278 3065 laudatos
1309 3038 1331 3066 a
1361 3027 1515 3065 Labbeo
1545 3031 1639 3064 tom.
1670 3026 1706 3064 2.
1737 3025 1785 3063 de
1816 3025 1852 3063 S.
1885 3027 1928 3064 E.
1959 3038 2045 3078 pag.

1095 3088 1156 3127 52.
1174 3088 1355 3128 adeunda
1374 3090 1471 3128 Acta
1488 3091 1665 3128 Sanctor.
1684 3094 1776 3125 tom.
1800 3088 1835 3125 2..
1860 3089 2042 3129 Februar.

1096 3162 1183 3201 pag.
1215 3152 1304 3191 364.
1336 3163 1419 3202 seq.
1460 3157 1500 3189 ot
1543 3151 1734 3201 Georgius
1775 3149 1976 3190 Makcnzie
2005 3155 2042 3192 in

1094 3223 1211 3263 opere
1242 3213 1290 3252 de.
1306 3215 1399 3252 vitis
1424 3215 1662 3263 scriptorum
1685 3213 1906 3262 Scotorum,
1923 3215 2046 3254 Edin-

1095 3276 1208 3326 burgi
1240 3276 1354 3315 4708.
1390 3276 1450 3313 iol.
1482 3276 1645 3323 Anglioe
1677 3275 1792 3314 oditis
1825 3281 1917 3315 tom.
1951 3280 1985 3317 4.
2006 3292 2042 3330 p.

1094 3339 1156 3375 99.
1187 3339 1278 3377 409.
1308 3339 1479 3376 Exstant
1508 3337 1594 3388 ejus
1634 3337 1921 3378 chronicorum
1964 3342 2042 3380 An-

1092 3401 1242 3442 nalium
1260 3399 1355 3439 libri
1374 3401 1445 3439 111.
1464 3413 1632 3451 quorum
1651 3403 1803 3453 primus
1818 3399 1944 3452 ἀκέφα
1954 3403 2042 3441 λθ*
