2517 4009
974 197 1273 240 THOMAS

101 280 287 334 qnatione
326 278 478 320 ordinis
509 289 583 332 per
615 277 906 318 Dominicanos.
945 278 1059 317 Prius

106 356 207 396 opus
230 345 399 384 Balaeus
437 345 600 385 Centur.
627 344 670 382 V.
696 342 749 382 58
773 354 864 383 cum
900 343 1063 383 Consor-

107 408 292 446 mitatum
329 407 427 446 libro
455 412 669 458 comparat.
697 407 809 446 Adde
845 406 1063 446 Lelandum

107 481 142 510 c.
176 470 253 510 284
287 474 328 509 et
370 471 545 509 Pitseum
587 481 620 508 c.
665 469 754 510 524.
794 468 1064 520 Waddingum

109 533 136 573 l.
159 544 193 573 c.
218 533 358 573 Willot
383 545 418 584 p.
441 533 532 573 334.

163 595 363 636 THOMAS
401 594 688 645 Edwardscon‚
714 595 885 647 Anqus,
910 593 1071 633 Ordinis

108 658 379 699 Eremitarum
405 659 444 698 S.
478 659 693 711 Augustini
715 671 737 698 e
760 658 949 698 coenobio
983 657 1072 696 Cla-

110 722 218 762 rensi
252 722 291 761 in
324 722 522 771 Suffolcia‚
545 722 780 773 Theologiae
798 722 944 760 Doctor
968 718 1074 758 Oxo-

111 785 276 835 niensis‚
302 785 475 825 Leonelli
495 786 616 824 Ducis
634 785 858 825 Clarentiae
885 794 1004 835 opera
1024 781 1073 822 ad

111 847 509 900 Archiepiscopatum
530 850 750 901 (Hiberniae
768 851 883 899 putat
904 848 1072 895 Pitseus,

113 910 184 951 sed
209 912 453 952 reclamante
475 914 656 953 Waraeoz
679 914 763 962 Ego
784 912 956 964 putarim
981 911 1075 949 titu-

113 973 238 1014 larem
260 975 384 1015 fuisse
402 978 439 1016 in
462 978 643 1028 partibus
663 976 901 1021 infidelium)
920 984 1073 1025 promo-

113 1040 192 1077 tus:
218 1039 314 1079 obiit
348 1051 383 1080 a.
411 1040 514 1080 4396
543 1045 583 1080 et
608 1042 646 1080 in
683 1040 872 1079 coenobio
897 1036 1075 1078 Clarensi

113 1103 298 1154 sepultus
323 1109 398 1143 est.
429 1105 597 1155 Scripsit
629 1104 839 1143 Sermones
861 1099 1073 1149 solemnes,

115 1165 473 1206 Determinationes
522 1165 775 1218 Theoloyzkze,
811 1171 850 1205 et
884 1166 1076 1205 Lecturas

112 1227 393 1270 scholasticas.
420 1230 590 1270 Balaeus
610 1229 721 1269 Cent.
751 1230 832 1268 VII.
854 1228 892 1267 7.
914 1229 1073 1268 Pitseus

110 1301 147 1329 c.
182 1292 273 1331 246.
314 1292 511 1332 Waraeus
548 1292 597 1332 de
637 1293 772 1343 script.
800 1292 1011 1331 Hiberniae
1037 1302 1071 1341 p.

113 1354 204 1394 ⁴26.
243 1353 341 1394 Phil.
360 1356 520 1396 Elssius
545 1356 584 1394 in
615 1355 911 1395 Encomiastico
938 1354 1073 1406 Augu-

111 1417 284 1456 stiniano
308 1430 344 1469 p.
371 1418 460 1458 660.

164 1480 370 1521 ΤΗΟΜΑ8
406 1480 583 1521 Eliensis
619 1481 796 1521 coenobii
835 1480 1077 1528 Monachus,

113 1542 257 1583 claruit
280 1555 315 1584 a.
347 1545 464 1585 4470.
489 1544 589 1597 Ejus
614 1548 712 1584 sunt
742 1543 828 1583 Vita
866 1544 906 1584 S.
944 1541 1075 1581 Ethel-

112 1604 278 1655 dredae,
317 1608 490 1659 Reginae
522 1613 564 1647 et
602 1608 838 1647 Abbatissae
883 1606 1073 1653 Eliensis,

112 1669 228 1722 cujus
262 1670 360 1710 libro
391 1670 438 1710 11.
465 1664 693 1711 continetur
724 1668 906 1709 Historia
942 1680 1076 1707 mona-

112 1731 233 1772 sterii
247 1732 433 1773 Eliensis:
448 1738 676 1784 sequuntur
686 1734 728 1772 M
731 1730 888 1771 iracula
906 1731 944 1770 in
965 1734 1075 1769 tran-

114 1792 279 1835 slatione
302 1796 342 1836 S.
367 1794 632 1835 Echeldreclae
662 1794 780 1834 edita.
808 1795 951 1834 Omnia
976 1793 1073 1832 haec

112 1857 217 1896 edita
239 1863 347 1906 sunt,
368 1865 408 1897 et
431 1858 758 1897 adnotationibus
784 1858 980 1896 illustrata
1002 1867 1072 1907 per

111 1918 211 1958 Dan.
245 1920 577 1972 Papebrochium‚
610 1921 650 1958 in
676 1920 789 1959 Actis
827 1921 1071 1959 Sanctorum

113 1985 206 2020 tom.
232 1981 295 2021 IV.
319 1984 425 2023 Junii
451 1996 488 2034 p.
514 1983 702 2023 493-582.
725 1982 829 2022 Ante
864 1982 972 2021 hunc
1002 1981 1073 2020 Hi-

111 2043 292 2093 storiam,
317 2046 388 2085 sed
415 2047 609 2092 mutilam,
631 2046 795 2085 dederat
815 2046 871 2084 Jo.
899 2045 1072 2084 Mabillo-

111 2107 203 2147 nius
223 2119 302 2148 sec.
341 2110 389 2148 II.
418 2110 676 2150 Benedictino
712 2121 800 2161 pag.
824 2109 914 2147 738.
945 2107 1070 2146 Vitam

112 2169 236 2210 edidit
254 2170 415 2222 Galeus,
431 2179 471 2212 et
495 2174 688 2213 Historiae
705 2173 856 2212 Eliensi
878 2176 1070 2222 tanquam

112 2233 160 2272 ab
179 2233 392 2287 Anonymo
415 2237 604 2288 scriptam
630 2235 788 2286 adjecit,
810 2240 906 2273 tom.
931 2236 958 2273 Ι.
985 2235 1072 2284 (Ca-

113 2307 214 2335 veus
237 2297 382 2349 allegat
417 2303 512 2337 tom.
538 2300 603 2338 111.
629 2299 697 2349 qui
733 2298 827 2337 mihi
854 2302 973 2337 notus
994 2308 1071 2335 non

113 2359 188 2409 est)
209 2358 360 2411 ρ.-489.
387 2360 624 2413 Praeloyum
646 2362 771 2400 totius
795 2362 925 2412 operis
961 2370 1074 2410 sepa-

112 2423 229 2462 ratim
264 2422 372 2462 dedit
394 2425 510 2463 Henr.
537 2423 784 2462 Whartonus
807 2423 973 2473 Angliae
1004 2423 1074 2461 Sa-

113 2496 204 2525 crae
239 2490 336 2525 tom.
373 2487 403 2526 I.
438 2498 474 2538 p.
514 2487 578 2527 39.
609 2485 736 2524 Vitam
771 2491 812 2524 et
852 2483 1072 2524 Historiam

112 2549 151 2587 in
176 2549 455 2601 compendium
482 2549 633 2600 redegit
657 2549 916 2599 Anonymus,
951 2560 1070 2599 quem

113 2610 191 2650 sub
238 2612 397 2651 nomine
438 2611 613 2651 Thomae
658 2612 782 2649 nostri
810 2611 934 2650 edidit
970 2611 1073 2651 Guil.

114 2673 332 2726 Dugdalius
351 2679 447 2714 tom.
462 2675 492 2713 I.
509 2674 711 2714 Monastici
726 2673 933 2724 Anglicani
948 2685 984 2725 p.
1008 2673 1074 2712 87.

169 2736 269 2776 Vide
285 2738 464 2779 Caveum
483 2735 888 2788 pag.59li.0udinum
906 2742 1013 2776 tomo
1028 2737 1076 2776 11.

112 2884 116 2888 -
172 2862 375 2902 THOMAS
393 2859 589 2906 Elmham.
612 2873 690 2900 non
712 2860 909 2907 Elinham,
935 2866 979 2902 ut
1002 2863 1081 2902 Pit-

119 2935 214 2965 seus
237 2924 418 2977 Append.
443 2926 605 2964 Centur.
630 2925 693 2964 IV.
728 2926 776 2964 59
797 2925 921 2965 multo
946 2926 1080 2964 minus

114 2986 372 3039 Holinqham,
412 2991 456 3026 ut
481 2985 584 3025 idem
621 2998 660 3024 n.
693 2986 745 3025 00
783 2989 849 3038 qui
875 2992 1079 3038 praeterea

117 3049 219 3090 duos
240 3062 289 3090 ex
312 3061 391 3090 uno
414 3050 517 3089 facit.
545 3050 633 3088 Fuit
652 3050 777 3100 patria
803 3061 877 3088 non
904 3050 1078 3101 Anglus,

116 3113 188 3152 sed
213 3114 526 3159 transmarinuS,
554 3112 724 3162 primum
758 3111 978 3151 monachus
999 3112 1078 3152 Ab-

114 3177 245 3216 batiae
281 3177 319 3216 S.
345 3177 558 3226 Augustini
576 3174 691 3225 juxta
712 3176 964 3224 Canturiam‚
988 3181 1077 3226 post

113 3250 149 3279 a.
171 3237 287 3279 4407.
309 3238 613 3286 Thesaurarius,
637 3237 797 3276 tandem
817 3239 853 3276 in
878 3239 1073 3278 Coenobio

111 3301 162 3342 de
201 3304 381 3350 Lenton,
418 3303 500 3354 agri
536 3299 938 3352 Nottinghamenais‚
978 3301 1073 3341 Ord.

113 3361 389 3409 Cluniacensis
422 3375 457 3406 a.
489 3363 607 3406 1444.
640 3363 771 3414 Prior,
795 3361 898 3414 quod
938 3367 1072 3404 tamen

2033 199 2114 241 545

1136 285 1286 314 munus
1311 272 1478 315 ο.“4426
1510 274 1742 327 resignavit.
1778 273 1954 327 Scripsit
1986 272 2113 315 Vitam

1137 336 1173 376 el
1200 336 1320 377 Gesta
1346 337 1513 377 Henrici
1548 339 1587 377 V.
1612 337 1778 390 Angliae
1817 339 1957 389 Regis,
1984 348 2108 389 quam

1140 401 1293 450 primus
1318 400 1441 438 edidit
1460 402 1634 440 Thomas
1652 402 1818 450 marne,
1843 400 1970 440 Oxon.
1993 399 2112 449 1727,

1140 462 1178 501 8.
1199 463 1374 502 Eandem
1397 463 1523 502 Vitam
1548 462 1711 502 metrice
1731 475 1892 514 quoquc
1914 462 2114 511 confecit,

1144 524 1260 577 cujus
1282 527 1501 576 specimina
1535 525 1644 566 dedit
1673 527 1870 566 Hearnius
1893 527 1929 564 in
1955 524 2117 577 Appen—

1145 586 1231 627 dice
1256 600 1291 639 p.
1315 589 1403 638 375,
1428 589 1517 628 376.
1541 588 1735 630 Ultimum
1758 600 1810 628 ex
1833 588 1975 629 iisdem
2001 587 2116 629 exhi-

1145 650 1310 689 bemus:

1201 721 1385 761 SCrvtVs
1423 723 1660 775 conspirat,
1707 724 1887 765 RiMat-Vr
1925 722 2114 765 OLeuGia

1148 785 1284 835 PLebi,

1283 849 1437 899 Rumpe
1476 849 1570 901 lugo
1608 849 1684 890 Cor
1719 848 1863 898 Aiens‚
1888 850 1966 890 Res
1995 849 2112 889 Dabit

1149 911 1259 951 Vltra
1283 910 1434 951 Sonum
1459 925 1470 952 :

1203 973 1310 1014 EIA!
1335 976 1428 1015 Ruit
1448 975 1564 1016 GenS
1580 975 1711 1027 Avita‚
1727 976 1838 1016 Malis
1857 976 1969 1027 Opus
1993 977 2114 1016 Hoste

1152 1037 1400 1089 Triumphat.
1471 1082 1480 1089 ο

1199 1101 1317 1140 Primi
1334 1112 1479 1141 versus
1494 1101 1631 1142 literae
1644 1102 1815 1142 initiales
1825 1113 1969 1142 nomen
1982 1103 2115 1142 Patro-

1151 1165 1339 1214 innuunt,
1365 1166 1431 1216 qui
1458 1165 1533 1204 fuit
1555 1164 1756 1205 Henricus
1777 1167 1942 1218 Scrope:
1968 1165 2111 1216 reliqui

1151 1228 1382 1267 numerales
1398 1239 1548 1267 annum
1572 1229 1614 1268 C.
1638 1228 1754 1268 4415.
1773 1228 1946 1268 Secundi
1965 1238 2112 1267 versus

1147 1290 1289 1330 literae
1327 1290 1502 1330 indicant
1526 1290 1783 1331 RICARDUM
1809 1292 1972 1331 fratrem
1992 1291 2115 1330 Ducis

1146 1353 1427 1393 Eboracensis.
1453 1355 1576 1393 Tertii
1609 1366 1755 1395 versus
1788 1355 1926 1395 literae
1962 1356 2114 1406 primae

1148 1420 1253 1455 retro
1276 1417 1402 1456 lectae
1423 1417 1543 1456 alium
1567 1423 1780 1468 patronum
1806 1418 2023 1465 celebrant,
2044 1416 2116 1468 qui

1149 1475 1221 1515 fuit
1245 1475 1411 1516 Thomas
1433 1476 1577 1529 Graye.
1606 1477 1682 1517 Sed
1705 1483 1821 1529 turpe
1848 1481 1911 1517 est
1932 1477 2115 1517 difficiles

1148 1538 1295 1577 habere
1332 1551 1470 1590 nugas.
1492 1540 1707 1580 Caeterum
1730 1552 1833 1591 quae
1868 1540 1918 1579 de
1941 1539 2016 1579 hoc
2044 1550 2113 1579 au-

1148 1606 1256 1640 ctore
1281 1601 1475 1651 diximus,
1497 1615 1543 1643 ea
1564 1608 1672 1643 certa
1694 1607 1806 1651 sunt,
1828 1607 1868 1643 et
1891 1615 1941 1643 ex
1964 1602 2118 1654 praefa-

1149 1666 1255 1703 tione
1277 1665 1362 1703 libri
1389 1667 1534 1716 petita,
1557 1667 1621 1706 ubi
1649 1667 1786 1717 plures
1806 1667 1870 1705 alii
1900 1677 1977 1705 non
1999 1675 2118 1705 accu-

1148 1734 1233 1767 rate
1258 1727 1307 1767 de
1329 1734 1464 1768 nostro
1489 1731 1714 1769 scribentes
1735 1730 1973 1769 refutantur.
1995 1728 2113 1767 Adde

1146 1792 1308 1831 Journal
1331 1793 1404 1833 des
1437 1795 1617 1842 Scavans
1654 1792 1771 1833 4728.
1810 1793 1907 1832 Νον.
1943 1803 1981 1844 p.
2020 1792 2114 1832 344.

1145 1855 1243 1895 Acta
1266 1856 1529 1896 Eruditorum
1553 1856 1669 1903 4730,
1691 1868 1729 1907 p.
1752 1855 1842 1894 476.

1202 1918 1405 1958 THOMAS
1439 1918 1744 1972 Eporediensis,
1769 1929 1791 1957 a
1816 1918 1970 1968 patria,
1998 1915 2114 1955 hodie

1151 1982 1293 2029 Terea,
1325 1983 1381 2021 sic
1406 1981 1553 2028 dictus,
1577 1981 1659 2020 ord.
1683 1981 2024 2028 Praedicatorum⁷
2046 1980 2115 2019 flo-

1148 2045 1226 2083 ruit
1247 2056 1279 2083 a.
1305 2045 1421 2084 4516.
1445 2045 1612 2095 Scripsit
1638 2045 1763 2083 Vitam
1785 2044 1828 2082 B.
1854 2042 2112 2094 Maryaritae

1147 2106 1194 2146 de
1232 2106 1460 2152 Sabaudia,
1488 2107 1680 2146 Theodori
1711 2105 1962 2147 Marcliionis
1999 2105 2114 2144 Mon-

1149 2169 1354 2222 tisferraci
1374 2171 1572 2223 conjuyis,
1609 2174 1648 2209 et
1668 2182 1695 2208 a
1720 2170 1854 2222 sponsi
1885 2172 2011 2208 morte
2033 2179 2114 2206 mo—

1148 2233 1321 2272 nasterii
1352 2232 1537 2272 Albensis
1567 2231 1813 2285 fundatricis
1838 2235 1876 2271 et
1890 2230 2112 2284 professae.

1147 2296 1227 2335 Jac.
1250 2296 1387 2342 Quetif
1406 2301 1513 2335 tomo
1536 2297 1582 2335 ΙΙ.
1606 2308 1642 2346 p.
1669 2296 1732 2334 34.

1204 2358 1413 2398 THOMAS
1433 2358 1477 2398 de
1501 2359 1646 2406 Fauce,
1667 2357 1917 2408 Eugubinus,
1939 2357 2114 2407 Congre-

1148 2422 1317 2472 gationis
1350 2421 1673 2472 Scopettinorum
1707 2419 1915 2458 Generalis
1943 2430 1978 2458 a.
2006 2418 2103 2459 1464

1149 2485 1308 2534 scripsit
1341 2488 1482 2523 contra
1512 2483 1661 2523 cultum
1696 2481 1969 2531 Ethaicorum,
2009 2491 2111 2533 opus

1146 2546 1494 2595 laudatissimum,
1531 2551 1576 2586 ut
1610 2546 1855 2585 Armannius
1889 2546 1928 2583 in
1962 2544 2110 2586 Chron.

1145 2609 1304 2660 Eugub.
1320 2610 1455 2649 refert.
1469 2610 1573 2649 Haec
1597 2608 1812 2648 Jacobillus
1836 2608 1874 2646 in
1896 2607 1992 2646 Bibl.
2015 2605 2112 2646 Um-

1148 2671 1256 2711 briae
1276 2684 1313 2724 p.
1335 2672 1425 2711 260.

1204 2733 1415 2774 THOMAS
1437 2733 1553 2784 Fieh,
1581 2735 1808 2776 Canonicus
1843 2730 2039 2784 regularis
2067 2733 2109 2770 et

1153 2797 1344 2849 Subprior
1367 2797 1570 2837 Ecclesiae
1590 2795 1831 2837 cathedralis
1846 2795 1886 2835 S.
1901 2793 2109 2834 Trinitatis

1152 2860 1342 2909 Dublinii,
1363 2861 1522 2911 scripsit
1557 2859 1601 2898 de
1630 2857 1751 2898 rebus
1770 2856 1972 2897 Ecclesiae
1990 2866 2108 2903 suae,

1154 2923 1222 2973 qui
1256 2920 1356 2961 liber
1379 2921 1495 2961 albus
1518 2922 1679 2970 dicitur,
1701 2922 1870 2960 fortasse
1904 2923 1944 2958 et
1964 2918 2111 2957 Necro-

1153 2984 1320 3037 onium‚
1345 2988 1438 3036 quia
1472 2985 1677 3025 character
1709 2984 1796 3022 libri
1816 2982 1893 3022 MS.
1928 2979 2024 3020 illud
2045 2989 2112 3018 ae-

1152 3060 1249 3089 vum
1286 3049 1443 3087 indicat:
1480 3048 1574 3086 obiit
1607 3059 1642 3086 a.
1679 3045 1793 3086 4547.
1832 3044 2029 3083 Waraeus
2060 3041 2110 3081 de

1151 3111 1418 3162 Scriptoribus
1443 3109 1655 3148 Hiberniae
1676 3120 1712 3159 p.
1734 3107 1797 3146 84.

1203 3172 1407 3213 TllOMAS
1430 3170 1477 3210 de
1502 3171 1657 3219 Firmo,
1677 3182 1697 3210 a
1726 3169 1853 3221 patria
1874 3168 1931 3208 sic
1951 3167 2084 3207 dictus
2098 3195 2110 3214 ,

1149 3236 1233 3276 ord.
1275 3234 1592 3274 Praedicatorum
1610 3265 1620 3282 ‚
1669 3232 1842 3272 Concilio
1891 3231 2031 3270 Pisano
2076 3240 2112 3269 a.

1151 3299 1254 3340 4409
1274 3297 1412 3346 adfuit,
1432 3298 1617 3349 Magister
1636 3295 1799 3345 ordinis,
1821 3299 1911 3346 post
1928 3293 2110 3334 Nuncius

1149 3362 1401 3414 Apostolicus
1433 3360 1597 3401 Joannis
1620 3358 1768 3399 XXIII.
1804 3357 1899 3398 obiit
1922 3368 1958 3397 a.
1992 3355 2108 3395 4443.

1735 3439 1813 3479 220
