<?xml version="1.0" encoding="UTF-8"?>
<!DOCTYPE html PUBLIC "-//W3C//DTD XHTML 1.0 Transitional//EN"
    "http://www.w3.org/TR/xhtml1/DTD/xhtml1-transitional.dtd">
<html xmlns="http://www.w3.org/1999/xhtml" xml:lang="en" lang="en">
 <head>
  <title>
</title>
<meta http-equiv="Content-Type" content="text/html;charset=utf-8" />
  <meta name='ocr-system' content='tesseract 3.04.00' />
  <meta name='ocr-capabilities' content='ocr_page ocr_carea ocr_par ocr_line ocrx_word'/>
</head>
<body>
  <div class='ocr_page' id='page_1' title='image "./bibliothecalatin05fabruoft/bibliothecalatin05fabruoft_0384.png"; bbox 0 0 2533 4009; ppageno 0'>
   <div class='ocr_carea' id='block_1_1' title="bbox 485 231 1458 3046">
    <p class='ocr_par' dir='ltr' id='par_1_1' title="bbox 485 231 1434 398">
     <span class='ocr_line' id='line_1_1' title="bbox 485 231 562 268; baseline -0.013 0"><span class='ocrx_word' id='word_1_1' title='bbox 485 231 562 268; x_wconf 71' lang='lat'>‘78</span> 
     </span>
     <span class='ocr_line' id='line_1_2' title="bbox 486 286 1433 341; baseline -0.011 -5"><span class='ocrx_word' id='word_1_2' title='bbox 486 297 642 336; x_wconf 72' lang='lat' dir='ltr'>titulum</span> <span class='ocrx_word' id='word_1_3' title='bbox 672 294 718 331; x_wconf 80' lang='lat' dir='ltr'>tlt·</span> <span class='ocrx_word' id='word_1_4' title='bbox 744 293 831 341; x_wconf 78' lang='lat' dir='ltr'>soro</span> <span class='ocrx_word' id='word_1_5' title='bbox 854 286 1083 338; x_wconf 70' lang='lat' dir='ltr'>corripetente&#39;</span> <span class='ocrx_word' id='word_1_6' title='bbox 1100 316 1108 330; x_wconf 79' lang='lat'>,</span> <span class='ocrx_word' id='word_1_7' title='bbox 1136 286 1356 324; x_wconf 76' lang='lat' dir='ltr'><strong><em>Orationes.</em></strong></span> <span class='ocrx_word' id='word_1_8' title='bbox 1377 287 1433 326; x_wconf 79' lang='lat' dir='ltr'>Ge</span> 
     </span>
     <span class='ocr_line' id='line_1_3' title="bbox 490 346 1434 398; baseline -0.002 -9"><span class='ocrx_word' id='word_1_9' title='bbox 490 357 712 398; x_wconf 63' lang='lat' dir='ltr'>Mackonzic</span> <span class='ocrx_word' id='word_1_10' title='bbox 734 353 781 388; x_wconf 85' lang='lat' dir='ltr'>de</span> <span class='ocrx_word' id='word_1_11' title='bbox 803 349 931 386; x_wconf 75' lang='lat' dir='ltr'>scotis</span> <span class='ocrx_word' id='word_1_12' title='bbox 949 346 1124 384; x_wconf 80' lang='lat' dir='ltr'>Eruditis</span> <span class='ocrx_word' id='word_1_13' title='bbox 1142 346 1217 391; x_wconf 71' lang='lat' dir='ltr'>vol.</span> <span class='ocrx_word' id='word_1_14' title='bbox 1239 348 1265 385; x_wconf 91' lang='lat' dir='ltr'>l.</span> <span class='ocrx_word' id='word_1_15' title='bbox 1292 359 1328 396; x_wconf 91' lang='lat' dir='ltr'>p.</span> <span class='ocrx_word' id='word_1_16' title='bbox 1347 349 1434 387; x_wconf 91' lang='grc'>437.</span> 
     </span>
    </p>

    <p class='ocr_par' dir='ltr' id='par_1_2' title="bbox 487 405 1447 892">
     <span class='ocr_line' id='line_1_4' title="bbox 541 405 1439 456; baseline -0.009 0"><span class='ocrx_word' id='word_1_17' title='bbox 541 410 821 456; x_wconf 69' lang='lat' dir='ltr'>ulcu-mnus</span> <span class='ocrx_word' id='word_1_18' title='bbox 854 405 1163 446; x_wconf 77' lang='lat' dir='ltr'>Cornubiensr&#39;s.</span> <span class='ocrx_word' id='word_1_19' title='bbox 1189 409 1330 446; x_wconf 76' lang='lat' dir='ltr'>Oxouii</span> <span class='ocrx_word' id='word_1_20' title='bbox 1353 415 1439 448; x_wconf 90' lang='lat' dir='ltr'>stu-</span> 
     </span>
     <span class='ocr_line' id='line_1_5' title="bbox 487 469 1438 518; baseline -0.011 0"><span class='ocrx_word' id='word_1_21' title='bbox 487 483 584 518; x_wconf 83' lang='lat' dir='ltr'>duit.</span> <span class='ocrx_word' id='word_1_22' title='bbox 610 474 702 514; x_wconf 77' lang='lat' dir='ltr'>ord.</span> <span class='ocrx_word' id='word_1_23' title='bbox 725 476 762 510; x_wconf 77' lang='lat' dir='ltr'>S.</span> <span class='ocrx_word' id='word_1_24' title='bbox 790 471 999 514; x_wconf 66' lang='lat' dir='ltr'>Francisci.</span> <span class='ocrx_word' id='word_1_25' title='bbox 1025 469 1258 517; x_wconf 71' lang='lat' dir='ltr'>&#39;l&#39;lieologiae</span> <span class='ocrx_word' id='word_1_26' title='bbox 1279 471 1438 517; x_wconf 82' lang='lat' dir='ltr'>Doctor⁷</span> 
     </span>
     <span class='ocr_line' id='line_1_6' title="bbox 487 530 1440 581; baseline -0.009 -3"><span class='ocrx_word' id='word_1_27' title='bbox 487 546 523 578; x_wconf 73' lang='lat' dir='ltr'>et</span> <span class='ocrx_word' id='word_1_28' title='bbox 544 540 708 576; x_wconf 75' lang='lat' dir='ltr'>sortasse</span> <span class='ocrx_word' id='word_1_29' title='bbox 731 532 872 570; x_wconf 80' lang='lat' dir='ltr'>ibidem</span> <span class='ocrx_word' id='word_1_30' title='bbox 893 531 1106 568; x_wconf 76' lang='lat' dir='ltr'>Professor.</span> <span class='ocrx_word' id='word_1_31' title='bbox 1138 530 1246 569; x_wconf 72' lang='lat' dir='ltr'>AEtas</span> <span class='ocrx_word' id='word_1_32' title='bbox 1267 531 1354 581; x_wconf 78' lang='lat' dir='ltr'>ejus</span> <span class='ocrx_word' id='word_1_33' title='bbox 1378 536 1440 571; x_wconf 84' lang='lat' dir='ltr'>est</span> 
     </span>
     <span class='ocr_line' id='line_1_7' title="bbox 489 592 1439 637; baseline -0.005 0"><span class='ocrx_word' id='word_1_34' title='bbox 489 603 658 637; x_wconf 75' lang='lat' dir='ltr'>incerta:</span> <span class='ocrx_word' id='word_1_35' title='bbox 687 606 763 632; x_wconf 90' lang='lat' dir='ltr'>non</span> <span class='ocrx_word' id='word_1_36' title='bbox 789 592 1097 631; x_wconf 71' lang='lat' dir='ltr'>confundendus</span> <span class='ocrx_word' id='word_1_37' title='bbox 1114 598 1248 631; x_wconf 81' lang='lat' dir='ltr'>tamen</span> <span class='ocrx_word' id='word_1_38' title='bbox 1267 605 1357 633; x_wconf 91' lang='lat' dir='ltr'>cum</span> <span class='ocrx_word' id='word_1_39' title='bbox 1378 596 1439 634; x_wconf 83' lang='lat' dir='ltr'>Ri-</span> 
     </span>
     <span class='ocr_line' id='line_1_8' title="bbox 487 651 1441 704; baseline -0.002 -7"><span class='ocrx_word' id='word_1_40' title='bbox 487 651 634 697; x_wconf 65' lang='lat' dir='ltr'>chal-do</span> <span class='ocrx_word' id='word_1_41' title='bbox 658 657 780 700; x_wconf 76' lang='lat' dir='ltr'>Rufo,</span> <span class='ocrx_word' id='word_1_42' title='bbox 803 654 907 704; x_wconf 88' lang='lat' dir='ltr'>quod</span> <span class='ocrx_word' id='word_1_43' title='bbox 935 655 1059 692; x_wconf 90' lang='lat' dir='ltr'>voluit</span> <span class='ocrx_word' id='word_1_44' title='bbox 1094 655 1302 694; x_wconf 77' lang='lat' dir='ltr'>Lolandus.</span> <span class='ocrx_word' id='word_1_45' title='bbox 1340 657 1441 695; x_wconf 80' lang='lat' dir='ltr'>Scri-</span> 
     </span>
     <span class='ocr_line' id='line_1_9' title="bbox 487 716 1443 771; baseline 0 -15"><span class='ocrx_word' id='word_1_46' title='bbox 487 723 564 771; x_wconf 82' lang='lat' dir='ltr'>psit</span> <span class='ocrx_word' id='word_1_47' title='bbox 593 717 892 768; x_wconf 54' lang='lat' dir='ltr'>1‘n2l1091‘strmn</span> <span class='ocrx_word' id='word_1_48' title='bbox 936 716 1248 754; x_wconf 76' lang='lat' dir='ltr'><em>Sententiarum.</em></span> <span class='ocrx_word' id='word_1_49' title='bbox 1289 720 1443 756; x_wconf 76' lang='lat' dir='ltr'>Pitscus</span> 
     </span>
     <span class='ocr_line' id='line_1_10' title="bbox 489 777 1447 830; baseline -0.001 -12"><span class='ocrx_word' id='word_1_50' title='bbox 489 794 524 819; x_wconf 79' lang='lat' dir='ltr'>in</span> <span class='ocrx_word' id='word_1_51' title='bbox 552 779 729 830; x_wconf 74' lang='lat' dir='ltr'>Append.</span> <span class='ocrx_word' id='word_1_52' title='bbox 757 790 789 816; x_wconf 85' lang='lat' dir='ltr'>c.</span> <span class='ocrx_word' id='word_1_53' title='bbox 813 779 874 815; x_wconf 82' lang='lat'>79.</span> <span class='ocrx_word' id='word_1_54' title='bbox 901 777 1151 828; x_wconf 72' lang='lat' dir='ltr'>Waddingus</span> <span class='ocrx_word' id='word_1_55' title='bbox 1174 791 1210 829; x_wconf 89' lang='lat' dir='ltr'>p.</span> <span class='ocrx_word' id='word_1_56' title='bbox 1237 780 1325 818; x_wconf 91' lang='lat'>305.</span> <span class='ocrx_word' id='word_1_57' title='bbox 1351 780 1447 817; x_wconf 76' lang='lat' dir='ltr'>wn-</span> 
     </span>
     <span class='ocr_line' id='line_1_11' title="bbox 489 842 720 892; baseline -0.009 -12"><span class='ocrx_word' id='word_1_58' title='bbox 489 845 541 880; x_wconf 86' lang='lat' dir='ltr'>lot</span> <span class='ocrx_word' id='word_1_59' title='bbox 568 854 603 892; x_wconf 89' lang='lat' dir='ltr'>p.</span> <span class='ocrx_word' id='word_1_60' title='bbox 630 842 720 880; x_wconf 73' lang='grc'>314.</span> 
     </span>
    </p>

    <p class='ocr_par' dir='ltr' id='par_1_3' title="bbox 488 901 1448 1004">
     <span class='ocr_line' id='line_1_12' title="bbox 538 901 1448 951; baseline -0.001 -10"><span class='ocrx_word' id='word_1_61' title='bbox 538 902 820 942; x_wconf 71' lang='lat' dir='ltr'>RlcuAleS</span> <span class='ocrx_word' id='word_1_62' title='bbox 847 902 1051 941; x_wconf 71' lang='lat' dir='ltr'>Corcestus</span> <span class='ocrx_word' id='word_1_63' title='bbox 1071 933 1080 948; x_wconf 78' lang='lat'><em>,</em></span> <span class='ocrx_word' id='word_1_64' title='bbox 1114 901 1215 939; x_wconf 83' lang='lat' dir='ltr'>idem</span> <span class='ocrx_word' id='word_1_65' title='bbox 1243 903 1309 951; x_wconf 84' lang='lat' dir='ltr'>qui</span> <span class='ocrx_word' id='word_1_66' title='bbox 1339 901 1448 941; x_wconf 75' lang='lat' dir='ltr'>Cice—</span> 
     </span>
     <span class='ocr_line' id='line_1_13' title="bbox 488 965 682 1004; baseline -0.015 0"><span class='ocrx_word' id='word_1_67' title='bbox 488 965 682 1004; x_wconf 60' lang='lat' dir='ltr'>sti-tensis.</span> 
     </span>
    </p>

    <p class='ocr_par' dir='ltr' id='par_1_4' title="bbox 542 1025 1420 1075">
     <span class='ocr_line' id='line_1_14' title="bbox 542 1025 1420 1075; baseline -0.005 -10"><span class='ocrx_word' id='word_1_68' title='bbox 542 1026 851 1072; x_wconf 64' lang='lat' dir='ltr'>alell-unlus,</span> <span class='ocrx_word' id='word_1_69' title='bbox 878 1026 1102 1075; x_wconf 74' lang='lat' dir='ltr'>Episcopus</span> <span class='ocrx_word' id='word_1_70' title='bbox 1130 1025 1420 1063; x_wconf 75' lang='lat' dir='ltr'><em>Cremonensis.</em></span> 
     </span>
    </p>

    <p class='ocr_par' dir='ltr' id='par_1_5' title="bbox 491 1086 1453 1506">
     <span class='ocr_line' id='line_1_15' title="bbox 547 1086 1450 1139; baseline -0.001 -13"><span class='ocrx_word' id='word_1_71' title='bbox 547 1089 646 1139; x_wconf 81' lang='lat' dir='ltr'>Ejus</span> <span class='ocrx_word' id='word_1_72' title='bbox 670 1090 834 1126; x_wconf 82' lang='lat' dir='ltr'>Summa</span> <span class='ocrx_word' id='word_1_73' title='bbox 859 1086 905 1123; x_wconf 75' lang='lat' dir='ltr'>tle</span> <span class='ocrx_word' id='word_1_74' title='bbox 932 1086 1079 1138; x_wconf 80' lang='lat' dir='ltr'>Officiis</span> <span class='ocrx_word' id='word_1_75' title='bbox 1100 1116 1106 1133; x_wconf 66' lang='lat' dir='ltr'><strong><em>z</em></strong></span> <span class='ocrx_word' id='word_1_76' title='bbox 1133 1098 1252 1136; x_wconf 87' lang='lat' dir='ltr'>quam</span> <span class='ocrx_word' id='word_1_77' title='bbox 1279 1088 1450 1137; x_wconf 77' lang='lat' dir='ltr'>appella-</span> 
     </span>
     <span class='ocr_line' id='line_1_16' title="bbox 496 1147 1448 1198; baseline 0.001 -13"><span class='ocrx_word' id='word_1_78' title='bbox 496 1152 553 1187; x_wconf 76' lang='lat' dir='ltr'>vit</span> <span class='ocrx_word' id='word_1_79' title='bbox 578 1147 787 1195; x_wconf 76' lang='lat' dir='ltr'><em>Naturale,</em></span> <span class='ocrx_word' id='word_1_80' title='bbox 805 1150 950 1186; x_wconf 82' lang='lat' dir='ltr'>citatur</span> <span class='ocrx_word' id='word_1_81' title='bbox 976 1149 1012 1185; x_wconf 87' lang='lat' dir='ltr'>in</span> <span class='ocrx_word' id='word_1_82' title='bbox 1031 1149 1217 1198; x_wconf 78' lang='lat' dir='ltr'>Catalogo</span> <span class='ocrx_word' id='word_1_83' title='bbox 1234 1148 1448 1187; x_wconf 79' lang='lat' dir='ltr'>Doctorum</span> 
     </span>
     <span class='ocr_line' id='line_1_17' title="bbox 491 1211 1451 1261; baseline -0.001 -12"><span class='ocrx_word' id='word_1_84' title='bbox 491 1223 558 1261; x_wconf 87' lang='lat' dir='ltr'>pro</span> <span class='ocrx_word' id='word_1_85' title='bbox 585 1211 836 1249; x_wconf 72' lang='lat' dir='ltr'>immaculata</span> <span class='ocrx_word' id='word_1_86' title='bbox 861 1212 1120 1260; x_wconf 69' lang='lat' dir='ltr'>conceptione</span> <span class='ocrx_word' id='word_1_87' title='bbox 1145 1212 1286 1249; x_wconf 87' lang='lat' dir='ltr'>Mariae</span> <span class='ocrx_word' id='word_1_88' title='bbox 1314 1212 1350 1248; x_wconf 88' lang='lat' dir='ltr'>in</span> <span class='ocrx_word' id='word_1_89' title='bbox 1385 1212 1451 1248; x_wconf 82' lang='lat' dir='ltr'>l&#39;e-</span> 
     </span>
     <span class='ocr_line' id='line_1_18' title="bbox 493 1272 1452 1322; baseline -0.002 -12"><span class='ocrx_word' id='word_1_90' title='bbox 493 1275 539 1310; x_wconf 78' lang='lat' dir='ltr'>zii</span> <span class='ocrx_word' id='word_1_91' title='bbox 566 1279 604 1310; x_wconf 73' lang='lat' dir='ltr'>et</span> <span class='ocrx_word' id='word_1_92' title='bbox 630 1273 798 1311; x_wconf 66' lang='lat' dir='ltr'>llucberi</span> <span class='ocrx_word' id='word_1_93' title='bbox 831 1272 974 1311; x_wconf 79' lang='lat' dir='ltr'>Codice</span> <span class='ocrx_word' id='word_1_94' title='bbox 998 1272 1164 1322; x_wconf 87' lang='lat' dir='ltr'>Diplom.</span> <span class='ocrx_word' id='word_1_95' title='bbox 1188 1272 1255 1310; x_wconf 88' lang='lat'>111.</span> <span class='ocrx_word' id='word_1_96' title='bbox 1288 1285 1321 1322; x_wconf 89' lang='lat' dir='ltr'>p.</span> <span class='ocrx_word' id='word_1_97' title='bbox 1363 1273 1452 1311; x_wconf 73' lang='lat'><strong>322.</strong></span> 
     </span>
     <span class='ocr_line' id='line_1_19' title="bbox 495 1334 1453 1385; baseline -0.003 -10"><span class='ocrx_word' id='word_1_98' title='bbox 495 1334 715 1375; x_wconf 75' lang='lat' dir='ltr'>Chronicon</span> <span class='ocrx_word' id='word_1_99' title='bbox 736 1334 841 1372; x_wconf 88' lang='lat' dir='ltr'>illius</span> <span class='ocrx_word' id='word_1_100' title='bbox 882 1345 973 1372; x_wconf 90' lang='lat' dir='ltr'>cum</span> <span class='ocrx_word' id='word_1_101' title='bbox 1014 1335 1155 1384; x_wconf 78' lang='lat' dir='ltr'>insigni</span> <span class='ocrx_word' id='word_1_102' title='bbox 1195 1335 1320 1385; x_wconf 69' lang='lat' dir='ltr'>elogio</span> <span class='ocrx_word' id='word_1_103' title='bbox 1358 1337 1453 1373; x_wconf 87' lang='lat' dir='ltr'>citat</span> 
     </span>
     <span class='ocr_line' id='line_1_20' title="bbox 493 1396 1450 1446; baseline -0.002 -11"><span class='ocrx_word' id='word_1_104' title='bbox 493 1396 727 1446; x_wconf 82' lang='lat' dir='ltr'>Radulphus</span> <span class='ocrx_word' id='word_1_105' title='bbox 765 1396 813 1433; x_wconf 86' lang='lat' dir='ltr'>de</span> <span class='ocrx_word' id='word_1_106' title='bbox 851 1396 1056 1434; x_wconf 77' lang='lat' dir='ltr'>Columna.</span> <span class='ocrx_word' id='word_1_107' title='bbox 1083 1399 1179 1434; x_wconf 62' lang='lat' dir='ltr'>jean</span> <span class='ocrx_word' id='word_1_108' title='bbox 1207 1397 1321 1434; x_wconf 86' lang='lat' dir='ltr'>Liron</span> <span class='ocrx_word' id='word_1_109' title='bbox 1355 1396 1450 1434; x_wconf 82' lang='lat' dir='ltr'>Bibl.</span> 
     </span>
     <span class='ocr_line' id='line_1_21' title="bbox 495 1457 902 1506; baseline -0.007 -10"><span class='ocrx_word' id='word_1_110' title='bbox 495 1458 727 1497; x_wconf 79' lang='lat' dir='ltr'>Cliartraine</span> <span class='ocrx_word' id='word_1_111' title='bbox 749 1468 784 1506; x_wconf 89' lang='lat' dir='ltr'>p.</span> <span class='ocrx_word' id='word_1_112' title='bbox 813 1457 902 1495; x_wconf 67' lang='grc'>421.</span> 
     </span>
    </p>

    <p class='ocr_par' dir='ltr' id='par_1_6' title="bbox 488 1516 1455 1999">
     <span class='ocr_line' id='line_1_22' title="bbox 546 1516 1449 1569; baseline 0.001 -12"><span class='ocrx_word' id='word_1_113' title='bbox 546 1520 832 1557; x_wconf 72' lang='lat' dir='ltr'>RlCHARDUS</span> <span class='ocrx_word' id='word_1_114' title='bbox 873 1516 1189 1557; x_wconf 76' lang='lat' dir='ltr'>Cre&#39;clcelatlensis</span> <span class='ocrx_word' id='word_1_115' title='bbox 1206 1551 1215 1567; x_wconf 82' lang='lat'><em>,</em></span> <span class='ocrx_word' id='word_1_116' title='bbox 1268 1520 1422 1569; x_wconf 72' lang='lat' dir='ltr'>Anglus</span> <span class='ocrx_word' id='word_1_117' title='bbox 1440 1550 1449 1566; x_wconf 58' lang='grc'>,.</span> 
     </span>
     <span class='ocr_line' id='line_1_23' title="bbox 491 1581 1450 1632; baseline -0.002 -13"><span class='ocrx_word' id='word_1_118' title='bbox 491 1581 586 1619; x_wconf 76' lang='lat' dir='ltr'>ord.</span> <span class='ocrx_word' id='word_1_119' title='bbox 608 1582 644 1619; x_wconf 82' lang='lat' dir='ltr'>S.</span> <span class='ocrx_word' id='word_1_120' title='bbox 670 1582 879 1630; x_wconf 68' lang='lat' dir='ltr'>Augustini</span> <span class='ocrx_word' id='word_1_121' title='bbox 907 1583 1133 1619; x_wconf 64' lang='lat' dir='ltr'>canonicus</span> <span class='ocrx_word' id='word_1_122' title='bbox 1169 1582 1376 1632; x_wconf 75' lang='lat' dir='ltr'>Regularis</span> <span class='ocrx_word' id='word_1_123' title='bbox 1415 1582 1450 1618; x_wconf 93' lang='lat' dir='ltr'>in</span> 
     </span>
     <span class='ocr_line' id='line_1_24' title="bbox 491 1642 1455 1687; baseline -0.001 -7"><span class='ocrx_word' id='word_1_124' title='bbox 491 1643 679 1680; x_wconf 79' lang='lat' dir='ltr'>coenobio</span> <span class='ocrx_word' id='word_1_125' title='bbox 704 1644 930 1680; x_wconf 76' lang='lat' dir='ltr'>Comitatus</span> <span class='ocrx_word' id='word_1_126' title='bbox 948 1642 1240 1687; x_wconf 63' lang='lat' dir='ltr'>Noifolcensis.</span> <span class='ocrx_word' id='word_1_127' title='bbox 1269 1654 1344 1679; x_wconf 90' lang='lat' dir='ltr'>non</span> <span class='ocrx_word' id='word_1_128' title='bbox 1374 1644 1455 1680; x_wconf 91' lang='lat' dir='ltr'>lon-</span> 
     </span>
     <span class='ocr_line' id='line_1_25' title="bbox 489 1702 1453 1753; baseline 0.002 -15"><span class='ocrx_word' id='word_1_129' title='bbox 489 1717 536 1753; x_wconf 62' lang='lat' dir='ltr'>ge</span> <span class='ocrx_word' id='word_1_130' title='bbox 561 1705 609 1741; x_wconf 86' lang='lat' dir='ltr'>ab</span> <span class='ocrx_word' id='word_1_131' title='bbox 634 1704 776 1753; x_wconf 79' lang='lat' dir='ltr'>oppido</span> <span class='ocrx_word' id='word_1_132' title='bbox 797 1704 1115 1751; x_wconf 67' lang='lat' dir='ltr'>Walsingliamo‚</span> <span class='ocrx_word' id='word_1_133' title='bbox 1139 1702 1242 1752; x_wconf 84' lang='lat' dir='ltr'>quod</span> <span class='ocrx_word' id='word_1_134' title='bbox 1272 1703 1365 1741; x_wconf 79' lang='lat' dir='ltr'>Cric</span> <span class='ocrx_word' id='word_1_135' title='bbox 1391 1703 1453 1740; x_wconf 88' lang='lat' dir='ltr'>vel</span> 
     </span>
     <span class='ocr_line' id='line_1_26' title="bbox 492 1763 1446 1813; baseline -0.002 -11"><span class='ocrx_word' id='word_1_136' title='bbox 492 1763 745 1803; x_wconf 70' lang='lat' dir='ltr'>Criclcesclale</span> <span class='ocrx_word' id='word_1_137' title='bbox 776 1765 892 1813; x_wconf 68' lang='lat' dir='ltr'>vulgo</span> <span class='ocrx_word' id='word_1_138' title='bbox 917 1764 1133 1802; x_wconf 77' lang='lat' dir='ltr'>dicebatur.</span> <span class='ocrx_word' id='word_1_139' title='bbox 1177 1765 1355 1802; x_wconf 81' lang='lat' dir='ltr'>Mortuus</span> <span class='ocrx_word' id='word_1_140' title='bbox 1383 1768 1446 1801; x_wconf 87' lang='lat' dir='ltr'>est</span> 
     </span>
     <span class='ocr_line' id='line_1_27' title="bbox 488 1824 1445 1875; baseline -0.001 -10"><span class='ocrx_word' id='word_1_141' title='bbox 488 1830 588 1865; x_wconf 87' lang='lat' dir='ltr'>circa</span> <span class='ocrx_word' id='word_1_142' title='bbox 611 1839 645 1865; x_wconf 91' lang='lat' dir='ltr'>a.</span> <span class='ocrx_word' id='word_1_143' title='bbox 673 1828 787 1865; x_wconf 86' lang='grc'>4310.</span> <span class='ocrx_word' id='word_1_144' title='bbox 815 1827 982 1875; x_wconf 72' lang='lat' dir='ltr'>Scripsit</span> <span class='ocrx_word' id='word_1_145' title='bbox 1017 1824 1063 1863; x_wconf 77' lang='lat' dir='ltr'>tle</span> <span class='ocrx_word' id='word_1_146' title='bbox 1092 1825 1329 1864; x_wconf 79' lang='lat' dir='ltr'>Testamento</span> <span class='ocrx_word' id='word_1_147' title='bbox 1370 1828 1445 1864; x_wconf 87' lang='grc' dir='ltr'>Ρα-</span> 
     </span>
     <span class='ocr_line' id='line_1_28' title="bbox 493 1885 1449 1935; baseline 0.001 -11"><span class='ocrx_word' id='word_1_148' title='bbox 493 1892 599 1926; x_wconf 85' lang='lat' dir='ltr'>trum</span> <span class='ocrx_word' id='word_1_149' title='bbox 619 1920 628 1935; x_wconf 79' lang='lat'><em>‚</em></span> <span class='ocrx_word' id='word_1_150' title='bbox 659 1887 705 1925; x_wconf 79' lang='lat' dir='ltr'>tle</span> <span class='ocrx_word' id='word_1_151' title='bbox 736 1886 927 1925; x_wconf 78' lang='lat' dir='ltr'>connubio</span> <span class='ocrx_word' id='word_1_152' title='bbox 955 1885 1105 1933; x_wconf 78' lang='lat' dir='ltr'>Jacob,</span> <span class='ocrx_word' id='word_1_153' title='bbox 1141 1886 1333 1926; x_wconf 76' lang='lat' dir='ltr'>Homilt&#39;as</span> <span class='ocrx_word' id='word_1_154' title='bbox 1371 1888 1449 1925; x_wconf 81' lang='lat' dir='ltr'>An-</span> 
     </span>
     <span class='ocr_line' id='line_1_29' title="bbox 489 1949 973 1999; baseline -0.002 -12"><span class='ocrx_word' id='word_1_155' title='bbox 489 1949 628 1999; x_wconf 66' lang='lat' dir='ltr'>ylicas.</span> <span class='ocrx_word' id='word_1_156' title='bbox 650 1951 805 1988; x_wconf 74' lang='lat' dir='ltr'>Pitseus</span> <span class='ocrx_word' id='word_1_157' title='bbox 829 1960 863 1987; x_wconf 88' lang='lat' dir='ltr'>c.</span> <span class='ocrx_word' id='word_1_158' title='bbox 888 1950 973 1987; x_wconf 77' lang='grc'>448.</span> 
     </span>
    </p>

    <p class='ocr_par' dir='ltr' id='par_1_7' title="bbox 494 2010 1458 3046">
     <span class='ocr_line' id='line_1_30' title="bbox 550 2010 1450 2060; baseline -0.003 -10"><span class='ocrx_word' id='word_1_159' title='bbox 550 2012 834 2051; x_wconf 72' lang='lat' dir='ltr'>RlCHARnus</span> <span class='ocrx_word' id='word_1_160' title='bbox 873 2010 1050 2056; x_wconf 75' lang='lat' dir='ltr'>Crocus,</span> <span class='ocrx_word' id='word_1_161' title='bbox 1092 2011 1269 2060; x_wconf 61' lang='lat' dir='ltr'>Anglus,</span> <span class='ocrx_word' id='word_1_162' title='bbox 1312 2010 1450 2048; x_wconf 84' lang='lat' dir='ltr'>Londi-</span> 
     </span>
     <span class='ocr_line' id='line_1_31' title="bbox 494 2072 1448 2122; baseline -0.001 -11"><span class='ocrx_word' id='word_1_163' title='bbox 494 2075 630 2112; x_wconf 85' lang='lat' dir='ltr'>ncnsis</span> <span class='ocrx_word' id='word_1_164' title='bbox 647 2105 656 2119; x_wconf 76' lang='lat'><em>,</em></span> <span class='ocrx_word' id='word_1_165' title='bbox 681 2084 799 2122; x_wconf 69' lang='lat' dir='ltr'>quem</span> <span class='ocrx_word' id='word_1_166' title='bbox 829 2073 1026 2110; x_wconf 83' lang='lat' dir='ltr'>Lelandus</span> <span class='ocrx_word' id='word_1_167' title='bbox 1053 2072 1259 2121; x_wconf 79' lang='lat' dir='ltr'>Curvum,</span> <span class='ocrx_word' id='word_1_168' title='bbox 1284 2073 1406 2117; x_wconf 66' lang='lat' dir='ltr'>(forte¹</span> <span class='ocrx_word' id='word_1_169' title='bbox 1427 2084 1448 2110; x_wconf 84' lang='lat' dir='ltr'>a</span> 
     </span>
     <span class='ocr_line' id='line_1_32' title="bbox 495 2133 1447 2185; baseline -0.003 -12"><span class='ocrx_word' id='word_1_170' title='bbox 495 2137 645 2185; x_wconf 82' lang='lat' dir='ltr'>patria,</span> <span class='ocrx_word' id='word_1_171' title='bbox 685 2136 797 2185; x_wconf 81' lang='lat' dir='ltr'>quasi</span> <span class='ocrx_word' id='word_1_172' title='bbox 840 2134 1049 2182; x_wconf 79' lang='lat' dir='ltr'>Gz&#39;rvium)</span> <span class='ocrx_word' id='word_1_173' title='bbox 1096 2139 1235 2181; x_wconf 85' lang='lat' dir='ltr'>vocat,</span> <span class='ocrx_word' id='word_1_174' title='bbox 1282 2146 1302 2172; x_wconf 88' lang='lat' dir='ltr'>a</span> <span class='ocrx_word' id='word_1_175' title='bbox 1345 2133 1447 2172; x_wconf 91' lang='lat' dir='ltr'>Guil.</span> 
     </span>
     <span class='ocr_line' id='line_1_33' title="bbox 494 2195 1452 2236; baseline -0.003 -1"><span class='ocrx_word' id='word_1_176' title='bbox 494 2198 662 2236; x_wconf 87' lang='lat' dir='ltr'>Grocino</span> <span class='ocrx_word' id='word_1_177' title='bbox 686 2197 858 2235; x_wconf 81' lang='lat' dir='ltr'>Graecas</span> <span class='ocrx_word' id='word_1_178' title='bbox 878 2201 918 2234; x_wconf 86' lang='lat' dir='ltr'>et</span> <span class='ocrx_word' id='word_1_179' title='bbox 943 2197 1199 2234; x_wconf 73' lang='lat' dir='ltr'><strong>humaniores</strong></span> <span class='ocrx_word' id='word_1_180' title='bbox 1223 2196 1359 2234; x_wconf 77' lang='lat' dir='ltr'>literas</span> <span class='ocrx_word' id='word_1_181' title='bbox 1395 2195 1452 2233; x_wconf 83' lang='lat' dir='ltr'>di-</span> 
     </span>
     <span class='ocr_line' id='line_1_34' title="bbox 497 2256 1452 2306; baseline -0.001 -10"><span class='ocrx_word' id='word_1_182' title='bbox 497 2258 720 2306; x_wconf 86' lang='lat' dir='ltr'>dicit‚quas</span> <span class='ocrx_word' id='word_1_183' title='bbox 743 2258 778 2295; x_wconf 91' lang='lat' dir='ltr'>in</span> <span class='ocrx_word' id='word_1_184' title='bbox 808 2256 1020 2295; x_wconf 73' lang='lat' dir='ltr'>Academia</span> <span class='ocrx_word' id='word_1_185' title='bbox 1046 2257 1221 2295; x_wconf 84' lang='lat' dir='ltr'>Parisina</span> <span class='ocrx_word' id='word_1_186' title='bbox 1247 2259 1452 2295; x_wconf 86' lang='lat' dir='ltr'>continua-</span> 
     </span>
     <span class='ocr_line' id='line_1_35' title="bbox 496 2318 1449 2368; baseline -0.001 -11"><span class='ocrx_word' id='word_1_187' title='bbox 496 2321 571 2357; x_wconf 81' lang='lat' dir='ltr'>vit.</span> <span class='ocrx_word' id='word_1_188' title='bbox 593 2320 852 2368; x_wconf 76' lang='lat' dir='ltr'>Praeceptore</span> <span class='ocrx_word' id='word_1_189' title='bbox 878 2329 976 2356; x_wconf 90' lang='lat' dir='ltr'>usus</span> <span class='ocrx_word' id='word_1_190' title='bbox 1016 2319 1170 2357; x_wconf 85' lang='lat' dir='ltr'>Hieron.</span> <span class='ocrx_word' id='word_1_191' title='bbox 1211 2318 1449 2356; x_wconf 81' lang='lat' dir='ltr'>Alexandro.</span> 
     </span>
     <span class='ocr_line' id='line_1_36' title="bbox 494 2380 1451 2430; baseline -0.001 -12"><span class='ocrx_word' id='word_1_192' title='bbox 494 2381 526 2426; x_wconf 76' lang='lat' dir='ltr'>a)</span> <span class='ocrx_word' id='word_1_193' title='bbox 553 2380 648 2418; x_wconf 90' lang='lat' dir='ltr'>lnde</span> <span class='ocrx_word' id='word_1_194' title='bbox 672 2381 841 2430; x_wconf 88' lang='lat' dir='ltr'>Lipsiam</span> <span class='ocrx_word' id='word_1_195' title='bbox 871 2381 1006 2427; x_wconf 85' lang='lat' dir='ltr'>venit,</span> <span class='ocrx_word' id='word_1_196' title='bbox 1045 2384 1085 2417; x_wconf 90' lang='lat' dir='ltr'>et</span> <span class='ocrx_word' id='word_1_197' title='bbox 1120 2391 1220 2430; x_wconf 86' lang='lat' dir='ltr'>pene</span> <span class='ocrx_word' id='word_1_198' title='bbox 1256 2381 1451 2426; x_wconf 84' lang='lat' dir='ltr'>triennio,</span> 
     </span>
     <span class='ocr_line' id='line_1_37' title="bbox 494 2441 1450 2491; baseline 0 -11"><span class='ocrx_word' id='word_1_199' title='bbox 494 2442 543 2480; x_wconf 84' lang='lat' dir='ltr'>ab</span> <span class='ocrx_word' id='word_1_200' title='bbox 565 2453 598 2480; x_wconf 83' lang='lat' dir='ltr'>a.</span> <span class='ocrx_word' id='word_1_201' title='bbox 626 2441 743 2480; x_wconf 83' lang='grc'>4544.</span> <span class='ocrx_word' id='word_1_202' title='bbox 779 2441 826 2480; x_wconf 86' lang='lat' dir='ltr'>ad</span> <span class='ocrx_word' id='word_1_203' title='bbox 870 2441 986 2480; x_wconf 79' lang='grc'>4547.</span> <span class='ocrx_word' id='word_1_204' title='bbox 1024 2445 1235 2491; x_wconf 81' lang='lat' dir='ltr'>utramque</span> <span class='ocrx_word' id='word_1_205' title='bbox 1275 2442 1450 2491; x_wconf 71' lang='lat' dir='ltr'>linguam</span> 
     </span>
     <span class='ocr_line' id='line_1_38' title="bbox 496 2503 1452 2553; baseline 0 -12"><span class='ocrx_word' id='word_1_206' title='bbox 496 2503 642 2551; x_wconf 84' lang='lat' dir='ltr'>docuit,</span> <span class='ocrx_word' id='word_1_207' title='bbox 668 2503 704 2550; x_wconf 88' lang='lat' dir='ltr'>b)</span> <span class='ocrx_word' id='word_1_208' title='bbox 732 2504 914 2553; x_wconf 80' lang='lat' dir='ltr'>interque</span> <span class='ocrx_word' id='word_1_209' title='bbox 939 2503 1156 2553; x_wconf 79' lang='lat' dir='ltr'>discipulos</span> <span class='ocrx_word' id='word_1_210' title='bbox 1180 2504 1452 2542; x_wconf 85' lang='lat' dir='ltr'>Camerarium</span> 
     </span>
     <span class='ocr_line' id='line_1_39' title="bbox 495 2565 1456 2616; baseline -0.002 -12"><span class='ocrx_word' id='word_1_211' title='bbox 495 2577 654 2616; x_wconf 87' lang='lat' dir='ltr'>quoque</span> <span class='ocrx_word' id='word_1_212' title='bbox 681 2565 832 2604; x_wconf 83' lang='lat' dir='ltr'>habuit.</span> <span class='ocrx_word' id='word_1_213' title='bbox 857 2567 1062 2615; x_wconf 79' lang='lat' dir='ltr'>Tanquam</span> <span class='ocrx_word' id='word_1_214' title='bbox 1106 2565 1274 2604; x_wconf 87' lang='lat' dir='ltr'>coelitus</span> <span class='ocrx_word' id='word_1_215' title='bbox 1310 2565 1456 2603; x_wconf 85' lang='lat' dir='ltr'>demis—</span> 
     </span>
     <span class='ocr_line' id='line_1_40' title="bbox 498 2628 1455 2676; baseline -0.001 -11"><span class='ocrx_word' id='word_1_216' title='bbox 498 2639 587 2666; x_wconf 88' lang='lat' dir='ltr'>sum</span> <span class='ocrx_word' id='word_1_217' title='bbox 619 2637 759 2665; x_wconf 80' lang='lat' dir='ltr'>omnes</span> <span class='ocrx_word' id='word_1_218' title='bbox 799 2628 976 2665; x_wconf 83' lang='lat' dir='ltr'>venerati</span> <span class='ocrx_word' id='word_1_219' title='bbox 1018 2632 1139 2674; x_wconf 83' lang='lat' dir='ltr'>sunt,</span> <span class='ocrx_word' id='word_1_220' title='bbox 1176 2628 1455 2676; x_wconf 85' lang='lat' dir='ltr'>unusquisque</span> 
     </span>
     <span class='ocr_line' id='line_1_41' title="bbox 501 2689 1454 2737; baseline 0 -10"><span class='ocrx_word' id='word_1_221' title='bbox 501 2689 650 2727; x_wconf 82' lang='lat' dir='ltr'>felicem</span> <span class='ocrx_word' id='word_1_222' title='bbox 687 2700 730 2726; x_wconf 84' lang='lat' dir='ltr'>sc</span> <span class='ocrx_word' id='word_1_223' title='bbox 762 2689 982 2737; x_wconf 79' lang='lat' dir='ltr'>judicavit,</span> <span class='ocrx_word' id='word_1_224' title='bbox 1015 2691 1046 2727; x_wconf 91' lang='lat' dir='ltr'>si</span> <span class='ocrx_word' id='word_1_225' title='bbox 1078 2691 1114 2726; x_wconf 87' lang='lat' dir='ltr'>in</span> <span class='ocrx_word' id='word_1_226' title='bbox 1149 2690 1454 2728; x_wconf 79' lang='lat' dir='ltr'>familiaritatem</span> 
     </span>
     <span class='ocr_line' id='line_1_42' title="bbox 500 2750 1458 2800; baseline 0.002 -13"><span class='ocrx_word' id='word_1_227' title='bbox 500 2751 625 2800; x_wconf 85' lang='lat' dir='ltr'>ipsius</span> <span class='ocrx_word' id='word_1_228' title='bbox 648 2750 954 2789; x_wconf 70' lang='lat' dir='ltr'>admitteretur:</span> <span class='ocrx_word' id='word_1_229' title='bbox 986 2752 1151 2789; x_wconf 83' lang='lat' dir='ltr'>Docenti</span> <span class='ocrx_word' id='word_1_230' title='bbox 1179 2763 1272 2789; x_wconf 85' lang='lat' dir='ltr'>vero</span> <span class='ocrx_word' id='word_1_231' title='bbox 1309 2762 1458 2789; x_wconf 81' lang='lat' dir='ltr'>merce-</span> 
     </span>
     <span class='ocr_line' id='line_1_43' title="bbox 497 2812 1456 2863; baseline 0.001 -14"><span class='ocrx_word' id='word_1_232' title='bbox 497 2812 586 2850; x_wconf 92' lang='lat' dir='ltr'>dem</span> <span class='ocrx_word' id='word_1_233' title='bbox 626 2823 729 2861; x_wconf 86' lang='lat' dir='ltr'>quae</span> <span class='ocrx_word' id='word_1_234' title='bbox 778 2812 1075 2862; x_wconf 74' lang='lat' dir='ltr'>postularetur,</span> <span class='ocrx_word' id='word_1_235' title='bbox 1113 2814 1371 2863; x_wconf 84' lang='lat' dir='ltr'>persolvere,</span> <span class='ocrx_word' id='word_1_236' title='bbox 1417 2818 1456 2850; x_wconf 85' lang='lat' dir='ltr'>et</span> 
     </span>
     <span class='ocr_line' id='line_1_44' title="bbox 502 2874 1454 2925; baseline 0 -14"><span class='ocrx_word' id='word_1_237' title='bbox 502 2884 742 2923; x_wconf 81' lang='lat' dir='ltr'>quocunque</span> <span class='ocrx_word' id='word_1_238' title='bbox 769 2874 852 2911; x_wconf 91' lang='lat' dir='ltr'>loco</span> <span class='ocrx_word' id='word_1_239' title='bbox 886 2877 926 2910; x_wconf 74' lang='lat' dir='ltr'>ft</span> <span class='ocrx_word' id='word_1_240' title='bbox 963 2878 1142 2923; x_wconf 84' lang='lat' dir='ltr'>tempore</span> <span class='ocrx_word' id='word_1_241' title='bbox 1180 2879 1340 2925; x_wconf 87' lang='lat' dir='ltr'>praesto</span> <span class='ocrx_word' id='word_1_242' title='bbox 1364 2885 1454 2913; x_wconf 81' lang='lat' dir='ltr'>esso</span> 
     </span>
     <span class='ocr_line' id='line_1_45' title="bbox 503 2935 1453 2983; baseline 0.003 -12"><span class='ocrx_word' id='word_1_243' title='bbox 503 2946 619 2972; x_wconf 88' lang='lat' dir='ltr'>nemo</span> <span class='ocrx_word' id='word_1_244' title='bbox 644 2936 860 2973; x_wconf 83' lang='lat' dir='ltr'>recusavit.</span> <span class='ocrx_word' id='word_1_245' title='bbox 890 2940 923 2983; x_wconf 83' lang='lat' dir='ltr'>c)</span> <span class='ocrx_word' id='word_1_246' title='bbox 949 2935 1024 2973; x_wconf 79' lang='lat' dir='ltr'>Scd</span> <span class='ocrx_word' id='word_1_247' title='bbox 1051 2940 1183 2973; x_wconf 89' lang='lat' dir='ltr'>tamen</span> <span class='ocrx_word' id='word_1_248' title='bbox 1216 2935 1264 2972; x_wconf 89' lang='lat' dir='ltr'>ibi</span> <span class='ocrx_word' id='word_1_249' title='bbox 1292 2947 1453 2974; x_wconf 84' lang='lat' dir='ltr'>manere</span> 
     </span>
     <span class='ocr_line' id='line_1_46' title="bbox 503 2996 1453 3046; baseline 0.002 -14"><span class='ocrx_word' id='word_1_250' title='bbox 503 2996 641 3042; x_wconf 87' lang='lat' dir='ltr'>noluit,</span> <span class='ocrx_word' id='word_1_251' title='bbox 659 2996 728 3034; x_wconf 87' lang='lat' dir='ltr'>scd</span> <span class='ocrx_word' id='word_1_252' title='bbox 754 2997 883 3046; x_wconf 88' lang='lat' dir='ltr'>potius</span> <span class='ocrx_word' id='word_1_253' title='bbox 903 2996 1162 3034; x_wconf 88' lang='lat' dir='ltr'>Mosellanum</span> <span class='ocrx_word' id='word_1_254' title='bbox 1181 3007 1453 3035; x_wconf 79' lang='lat' dir='ltr'>successorem</span> 
     </span>
    </p>
   </div>
   <div class='ocr_carea' id='block_1_2' title="bbox 506 3058 1462 3107">
    <p class='ocr_par' dir='ltr' id='par_1_8' title="bbox 506 3058 1462 3107">
     <span class='ocr_line' id='line_1_47' title="bbox 506 3058 1462 3107; baseline 0.003 -14"><span class='ocrx_word' id='word_1_255' title='bbox 506 3062 675 3105; x_wconf 82' lang='lat' dir='ltr'>nactuS‚</span> <span class='ocrx_word' id='word_1_256' title='bbox 700 3059 919 3096; x_wconf 88' lang='lat' dir='ltr'>Lovanium</span> <span class='ocrx_word' id='word_1_257' title='bbox 945 3059 1147 3107; x_wconf 77' lang='lat' dir='ltr'>perrexit,</span> <span class='ocrx_word' id='word_1_258' title='bbox 1171 3069 1242 3096; x_wconf 89' lang='lat' dir='ltr'>nec</span> <span class='ocrx_word' id='word_1_259' title='bbox 1265 3058 1368 3096; x_wconf 85' lang='lat' dir='ltr'>ultra</span> <span class='ocrx_word' id='word_1_260' title='bbox 1394 3058 1462 3096; x_wconf 85' lang='lat' dir='ltr'>ali-</span> 
     </span>
    </p>
   </div>
   <div class='ocr_carea' id='block_1_3' title="bbox 566 3197 1468 3237">
    <p class='ocr_par' dir='ltr' id='par_1_9' title="bbox 566 3197 1468 3237">
     <span class='ocr_line' id='line_1_48' title="bbox 566 3197 1468 3237; baseline 0.007 -14"><span class='ocrx_word' id='word_1_261' title='bbox 566 3203 597 3230; x_wconf 55' lang='lat' dir='ltr'>a„</span> <span class='ocrx_word' id='word_1_262' title='bbox 614 3197 948 3234; x_wconf 78' lang='lat' dir='ltr'>Declamatl0‚nescio</span> <span class='ocrx_word' id='word_1_263' title='bbox 966 3199 1071 3237; x_wconf 88' lang='lat' dir='ltr'>cujus,</span> <span class='ocrx_word' id='word_1_264' title='bbox 1085 3198 1172 3228; x_wconf 81' lang='lat' dir='ltr'>intcr</span> <span class='ocrx_word' id='word_1_265' title='bbox 1185 3198 1468 3230; x_wconf 75' lang='lat' dir='ltr'>Melanchthonia-</span> 
     </span>
    </p>
   </div>
   <div class='ocr_carea' id='block_1_4' title="bbox 517 3245 909 3283">
    <p class='ocr_par' dir='ltr' id='par_1_10' title="bbox 517 3245 909 3283">
     <span class='ocr_line' id='line_1_49' title="bbox 517 3245 909 3283; baseline 0.018 -14"><span class='ocrx_word' id='word_1_266' title='bbox 517 3249 572 3270; x_wconf 72' lang='lat' dir='ltr'>nas</span> <span class='ocrx_word' id='word_1_267' title='bbox 590 3248 670 3274; x_wconf 75' lang='lat' dir='ltr'>torn.</span> <span class='ocrx_word' id='word_1_268' title='bbox 689 3247 724 3274; x_wconf 85' lang='lat' dir='ltr'>v.</span> <span class='ocrx_word' id='word_1_269' title='bbox 744 3254 818 3283; x_wconf 67' lang='lat' dir='ltr'>pag.</span> <span class='ocrx_word' id='word_1_270' title='bbox 835 3245 909 3276; x_wconf 68' lang='lat'>58&#39;1:</span> 
     </span>
    </p>
   </div>
   <div class='ocr_carea' id='block_1_5' title="bbox 561 3291 1470 3335">
    <p class='ocr_par' dir='ltr' id='par_1_11' title="bbox 561 3291 1470 3335">
     <span class='ocr_line' id='line_1_50' title="bbox 561 3291 1470 3335; baseline 0.011 -17"><span class='ocrx_word' id='word_1_271' title='bbox 561 3291 579 3318; x_wconf 72' lang='lat' dir='ltr'>l»</span> <span class='ocrx_word' id='word_1_272' title='bbox 612 3293 819 3323; x_wconf 68' lang='lat' dir='ltr'>camerarius</span> <span class='ocrx_word' id='word_1_273' title='bbox 840 3296 873 3325; x_wconf 89' lang='lat' dir='ltr'>in</span> <span class='ocrx_word' id='word_1_274' title='bbox 895 3297 967 3326; x_wconf 79' lang='lat' dir='ltr'>Vita</span> <span class='ocrx_word' id='word_1_275' title='bbox 981 3295 1250 3328; x_wconf 60' lang='lat' dir='ltr'>tic-lanchthonis</span> <span class='ocrx_word' id='word_1_276' title='bbox 1269 3297 1470 3335; x_wconf 77' lang='lat' dir='ltr'>p.:27.}lenr.</span> 
     </span>
    </p>
   </div>
   <div class='ocr_carea' id='block_1_6' title="bbox 1252 211 2464 331">
    <p class='ocr_par' dir='ltr' id='par_1_12' title="bbox 1252 211 2464 331">
     <span class='ocr_line' id='line_1_51' title="bbox 1252 211 1693 250; baseline 0 0"><span class='ocrx_word' id='word_1_277' title='bbox 1252 213 1282 250; x_wconf 81' lang='lat' dir='ltr'><strong>R</strong></span> <span class='ocrx_word' id='word_1_278' title='bbox 1308 213 1319 250; x_wconf 93' lang='lat' dir='ltr'>l</span> <span class='ocrx_word' id='word_1_279' title='bbox 1343 213 1370 250; x_wconf 76' lang='lat' dir='ltr'>C</span> <span class='ocrx_word' id='word_1_280' title='bbox 1394 213 1430 250; x_wconf 80' lang='lat' dir='ltr'>fl</span> <span class='ocrx_word' id='word_1_281' title='bbox 1453 214 1483 249; x_wconf 75' lang='lat' dir='ltr'>A</span> <span class='ocrx_word' id='word_1_282' title='bbox 1505 214 1537 250; x_wconf 71' lang='lat' dir='ltr'>lt</span> <span class='ocrx_word' id='word_1_283' title='bbox 1555 212 1588 250; x_wconf 88' lang='lat' dir='ltr'><strong>D</strong></span> <span class='ocrx_word' id='word_1_284' title='bbox 1614 211 1643 250; x_wconf 83' lang='lat' dir='ltr'>U</span> <span class='ocrx_word' id='word_1_285' title='bbox 1667 215 1693 250; x_wconf 73' lang='grc'>5</span> 
     </span>
     <span class='ocr_line' id='line_1_52' title="bbox 1508 285 2464 331; baseline 0.005 -12"><span class='ocrx_word' id='word_1_286' title='bbox 1508 287 1605 331; x_wconf 80' lang='lat' dir='ltr'>quot</span> <span class='ocrx_word' id='word_1_287' title='bbox 1630 293 1789 321; x_wconf 84' lang='lat' dir='ltr'>menses</span> <span class='ocrx_word' id='word_1_288' title='bbox 1814 285 1954 324; x_wconf 85' lang='lat' dir='ltr'>ibidem</span> <span class='ocrx_word' id='word_1_289' title='bbox 1976 289 2248 324; x_wconf 79' lang='lat' dir='ltr'>commoratus</span> <span class='ocrx_word' id='word_1_290' title='bbox 2269 289 2345 324; x_wconf 85' lang='lat' dir='ltr'>est.</span> <span class='ocrx_word' id='word_1_291' title='bbox 2370 286 2464 325; x_wconf 84' lang='lat' dir='ltr'>lude</span> 
     </span>
    </p>
   </div>
   <div class='ocr_carea' id='block_1_7' title="bbox 1513 344 2467 398">
    <p class='ocr_par' dir='ltr' id='par_1_13' title="bbox 1513 344 2467 398">
     <span class='ocr_line' id='line_1_53' title="bbox 1513 344 2467 398; baseline 0.005 -17"><span class='ocrx_word' id='word_1_292' title='bbox 1513 346 1549 381; x_wconf 86' lang='lat' dir='ltr'>in</span> <span class='ocrx_word' id='word_1_293' title='bbox 1575 344 1756 393; x_wconf 78' lang='lat' dir='ltr'>Angliam</span> <span class='ocrx_word' id='word_1_294' title='bbox 1799 357 1991 386; x_wconf 84' lang='lat' dir='ltr'>reversus</span> <span class='ocrx_word' id='word_1_295' title='bbox 2028 348 2076 386; x_wconf 87' lang='lat' dir='ltr'>ibi</span> <span class='ocrx_word' id='word_1_296' title='bbox 2118 349 2244 398; x_wconf 90' lang='lat' dir='ltr'>primo</span> <span class='ocrx_word' id='word_1_297' title='bbox 2282 349 2467 397; x_wconf 84' lang='lat' dir='ltr'>privatim</span> 
     </span>
    </p>
   </div>
   <div class='ocr_carea' id='block_1_8' title="bbox 1511 405 2471 458">
    <p class='ocr_par' dir='ltr' id='par_1_14' title="bbox 1511 405 2471 458">
     <span class='ocr_line' id='line_1_54' title="bbox 1511 405 2471 458; baseline 0.006 -16"><span class='ocrx_word' id='word_1_298' title='bbox 1511 405 1614 455; x_wconf 84' lang='lat' dir='ltr'>apud</span> <span class='ocrx_word' id='word_1_299' title='bbox 1641 406 1813 454; x_wconf 78' lang='lat' dir='ltr'>Regem,</span> <span class='ocrx_word' id='word_1_300' title='bbox 1839 406 1929 445; x_wconf 88' lang='lat' dir='ltr'>dein</span> <span class='ocrx_word' id='word_1_301' title='bbox 1961 409 2118 458; x_wconf 86' lang='lat' dir='ltr'>publice</span> <span class='ocrx_word' id='word_1_302' title='bbox 2159 410 2296 448; x_wconf 84' lang='lat' dir='ltr'>docuit</span> <span class='ocrx_word' id='word_1_303' title='bbox 2327 409 2471 448; x_wconf 78' lang='lat' dir='ltr'>Canta—</span> 
     </span>
    </p>
   </div>
   <div class='ocr_carea' id='block_1_9' title="bbox 1515 466 2508 1002">
    <p class='ocr_par' dir='ltr' id='par_1_15' title="bbox 1515 466 2508 814">
     <span class='ocr_line' id='line_1_55' title="bbox 1515 466 2473 518; baseline 0.006 -16"><span class='ocrx_word' id='word_1_304' title='bbox 1515 466 1661 516; x_wconf 80' lang='lat' dir='ltr'>brigiae.</span> <span class='ocrx_word' id='word_1_305' title='bbox 1681 495 1690 512; x_wconf 94' lang='lat'>‚</span> <span class='ocrx_word' id='word_1_306' title='bbox 1715 467 1900 506; x_wconf 83' lang='lat' dir='ltr'>omnibus</span> <span class='ocrx_word' id='word_1_307' title='bbox 1941 468 2056 508; x_wconf 85' lang='lat' dir='ltr'>bonis</span> <span class='ocrx_word' id='word_1_308' title='bbox 2094 471 2266 518; x_wconf 76' lang='lat' dir='ltr'>charuS,</span> <span class='ocrx_word' id='word_1_309' title='bbox 2290 475 2330 509; x_wconf 85' lang='lat' dir='ltr'>et</span> <span class='ocrx_word' id='word_1_310' title='bbox 2367 471 2473 509; x_wconf 85' lang='lat' dir='ltr'>inter</span> 
     </span>
     <span class='ocr_line' id='line_1_56' title="bbox 1518 527 2508 579; baseline 0.006 -15"><span class='ocrx_word' id='word_1_311' title='bbox 1518 527 1588 565; x_wconf 87' lang='lat' dir='ltr'>hos</span> <span class='ocrx_word' id='word_1_312' title='bbox 1612 539 1770 577; x_wconf 86' lang='lat' dir='ltr'>quoque</span> <span class='ocrx_word' id='word_1_313' title='bbox 1811 528 1985 568; x_wconf 88' lang='lat' dir='ltr'>Thomae</span> <span class='ocrx_word' id='word_1_314' title='bbox 2025 531 2160 579; x_wconf 82' lang='lat' dir='ltr'>Moro,</span> <span class='ocrx_word' id='word_1_315' title='bbox 2183 543 2275 571; x_wconf 89' lang='lat' dir='ltr'>cum</span> <span class='ocrx_word' id='word_1_316' title='bbox 2301 531 2472 570; x_wconf 81' lang='lat' dir='ltr'>Lelaudo</span> <span class='ocrx_word' id='word_1_317' title='bbox 2505 545 2508 549; x_wconf 52' lang='lat'>*</span> 
     </span>
     <span class='ocr_line' id='line_1_57' title="bbox 1519 590 2476 641; baseline 0.005 -15"><span class='ocrx_word' id='word_1_318' title='bbox 1519 600 1612 628; x_wconf 82' lang='lat' dir='ltr'>vero</span> <span class='ocrx_word' id='word_1_319' title='bbox 1635 590 1861 629; x_wconf 88' lang='lat' dir='ltr'>inimicitias</span> <span class='ocrx_word' id='word_1_320' title='bbox 1883 593 2019 641; x_wconf 80' lang='lat' dir='ltr'>gessit,</span> <span class='ocrx_word' id='word_1_321' title='bbox 2039 592 2112 641; x_wconf 74' lang='lat' dir='ltr'>qui</span> <span class='ocrx_word' id='word_1_322' title='bbox 2124 603 2165 631; x_wconf 89' lang='lat' dir='ltr'>se</span> <span class='ocrx_word' id='word_1_323' title='bbox 2185 594 2352 631; x_wconf 87' lang='lat' dir='ltr'>invicem</span> <span class='ocrx_word' id='word_1_324' title='bbox 2371 604 2476 631; x_wconf 91' lang='lat' dir='ltr'>mor—</span> 
     </span>
     <span class='ocr_line' id='line_1_58' title="bbox 1517 650 2476 703; baseline 0.003 -15"><span class='ocrx_word' id='word_1_325' title='bbox 1517 650 1682 689; x_wconf 82' lang='lat' dir='ltr'>dacibus</span> <span class='ocrx_word' id='word_1_326' title='bbox 1703 653 1862 702; x_wconf 84' lang='lat' dir='ltr'>scriptis</span> <span class='ocrx_word' id='word_1_327' title='bbox 1881 655 2218 703; x_wconf 72' lang='lat' dir='ltr'>perstrinxerunt.</span> <span class='ocrx_word' id='word_1_328' title='bbox 2238 655 2395 694; x_wconf 82' lang='lat' dir='ltr'>Vixisse</span> <span class='ocrx_word' id='word_1_329' title='bbox 2419 653 2476 692; x_wconf 85' lang='lat' dir='ltr'>di-</span> 
     </span>
     <span class='ocr_line' id='line_1_59' title="bbox 1519 714 2477 767; baseline 0.004 -16"><span class='ocrx_word' id='word_1_330' title='bbox 1519 719 1616 752; x_wconf 89' lang='lat' dir='ltr'>cunt</span> <span class='ocrx_word' id='word_1_331' title='bbox 1642 724 1770 763; x_wconf 84' lang='lat' dir='ltr'>usque</span> <span class='ocrx_word' id='word_1_332' title='bbox 1793 714 1840 752; x_wconf 89' lang='lat' dir='ltr'>ad</span> <span class='ocrx_word' id='word_1_333' title='bbox 1867 726 1900 753; x_wconf 84' lang='lat' dir='ltr'>a.</span> <span class='ocrx_word' id='word_1_334' title='bbox 1929 715 2048 754; x_wconf 74' lang='lat'><strong>4530.</strong></span> <span class='ocrx_word' id='word_1_335' title='bbox 2085 716 2240 766; x_wconf 84' lang='lat' dir='ltr'>Scripta</span> <span class='ocrx_word' id='word_1_336' title='bbox 2267 719 2356 767; x_wconf 79' lang='lat' dir='ltr'>ejus</span> <span class='ocrx_word' id='word_1_337' title='bbox 2381 717 2477 755; x_wconf 83' lang='lat' dir='ltr'>haec</span> 
     </span>
     <span class='ocr_line' id='line_1_60' title="bbox 1522 780 1747 814; baseline 0.009 -2"><span class='ocrx_word' id='word_1_338' title='bbox 1522 780 1611 813; x_wconf 89' lang='lat' dir='ltr'>nota</span> <span class='ocrx_word' id='word_1_339' title='bbox 1639 782 1747 814; x_wconf 85' lang='lat' dir='ltr'>sunt.</span> 
     </span>
    </p>

    <p class='ocr_par' dir='ltr' id='par_1_16' title="bbox 1519 837 2477 956">
     <span class='ocr_line' id='line_1_61' title="bbox 1575 837 2477 879; baseline 0.003 -3"><span class='ocrx_word' id='word_1_340' title='bbox 1575 839 1610 876; x_wconf 93' lang='grc'>4.</span> <span class='ocrx_word' id='word_1_341' title='bbox 1636 837 1909 876; x_wconf 73' lang='lat' dir='ltr'>Grammatico</span> <span class='ocrx_word' id='word_1_342' title='bbox 1932 838 2088 878; x_wconf 87' lang='lat' dir='ltr'>Graeca</span> <span class='ocrx_word' id='word_1_343' title='bbox 2108 840 2189 878; x_wconf 86' lang='lat' dir='ltr'>VII.</span> <span class='ocrx_word' id='word_1_344' title='bbox 2208 837 2352 879; x_wconf 76' lang='lat' dir='ltr'>tabulis</span> <span class='ocrx_word' id='word_1_345' title='bbox 2375 851 2477 879; x_wconf 89' lang='lat' dir='ltr'>com-</span> 
     </span>
     <span class='ocr_line' id='line_1_62' title="bbox 1519 899 2274 956; baseline 0.004 -20"><span class='ocrx_word' id='word_1_346' title='bbox 1519 899 1731 949; x_wconf 79' lang='lat' dir='ltr'>prehensa.</span> <span class='ocrx_word' id='word_1_347' title='bbox 1760 902 1865 951; x_wconf 85' lang='lat' dir='ltr'>Lips.</span> <span class='ocrx_word' id='word_1_348' title='bbox 1894 901 2010 940; x_wconf 83' lang='grc'>4546,</span> <span class='ocrx_word' id='word_1_349' title='bbox 2037 902 2072 939; x_wconf 80' lang='grc'>4.</span> <span class='ocrx_word' id='word_1_350' title='bbox 2099 901 2215 956; x_wconf 73' lang='lat'><strong>1521.</strong></span> <span class='ocrx_word' id='word_1_351' title='bbox 2239 902 2274 939; x_wconf 91' lang='grc'>4.</span> 
     </span>
    </p>

    <p class='ocr_par' dir='ltr' id='par_1_17' title="bbox 1575 961 2479 1002">
     <span class='ocr_line' id='line_1_63' title="bbox 1575 961 2479 1002; baseline 0.004 -4"><span class='ocrx_word' id='word_1_352' title='bbox 1575 963 1610 999; x_wconf 67' lang='grc'>2.</span> <span class='ocrx_word' id='word_1_353' title='bbox 1648 961 1840 1001; x_wconf 74' lang='lat' dir='ltr'>Theodori</span> <span class='ocrx_word' id='word_1_354' title='bbox 1867 963 2005 1001; x_wconf 81' lang='lat' dir='ltr'>Gazae</span> <span class='ocrx_word' id='word_1_355' title='bbox 2036 961 2136 1002; x_wconf 74' lang='lat' dir='ltr'>liber</span> <span class='ocrx_word' id='word_1_356' title='bbox 2166 963 2231 1001; x_wconf 92' lang='lat' dir='ltr'>IV.</span> <span class='ocrx_word' id='word_1_357' title='bbox 2259 961 2304 1002; x_wconf 89' lang='lat' dir='ltr'>de</span> <span class='ocrx_word' id='word_1_358' title='bbox 2339 963 2479 1002; x_wconf 88' lang='lat' dir='ltr'>verbo-</span> 
     </span>
    </p>
   </div>
   <div class='ocr_carea' id='block_1_10' title="bbox 1523 1024 2533 1068">
    <p class='ocr_par' dir='ltr' id='par_1_18' title="bbox 1523 1024 2533 1068">
     <span class='ocr_line' id='line_1_64' title="bbox 1523 1024 2533 1068; baseline 0.004 -8"><span class='ocrx_word' id='word_1_359' title='bbox 1523 1034 1615 1060; x_wconf 84' lang='lat' dir='ltr'>rum</span> <span class='ocrx_word' id='word_1_360' title='bbox 1639 1025 1930 1062; x_wconf 75' lang='lat' dir='ltr'>constructione</span> <span class='ocrx_word' id='word_1_361' title='bbox 1957 1025 2098 1063; x_wconf 75' lang='lat' dir='ltr'>Latina</span> <span class='ocrx_word' id='word_1_362' title='bbox 2121 1025 2279 1064; x_wconf 82' lang='lat' dir='ltr'>civitate</span> <span class='ocrx_word' id='word_1_363' title='bbox 2298 1024 2478 1064; x_wconf 79' lang='lat' dir='ltr'>donatus.</span> <span class='ocrx_word' id='word_1_364' title='bbox 2530 1063 2533 1068; x_wconf 86' lang='grc'>,</span> 
     </span>
    </p>
   </div>
   <div class='ocr_carea' id='block_1_11' title="bbox 1525 1085 2486 1571">
    <p class='ocr_par' dir='ltr' id='par_1_19' title="bbox 1525 1085 2485 1372">
     <span class='ocr_line' id='line_1_65' title="bbox 1527 1085 2482 1136; baseline 0.002 -14"><span class='ocrx_word' id='word_1_365' title='bbox 1527 1086 1630 1134; x_wconf 87' lang='lat' dir='ltr'>Lips.</span> <span class='ocrx_word' id='word_1_366' title='bbox 1657 1086 1769 1123; x_wconf 84' lang='grc'>4546.</span> <span class='ocrx_word' id='word_1_367' title='bbox 1799 1087 1832 1123; x_wconf 87' lang='grc'>4.</span> <span class='ocrx_word' id='word_1_368' title='bbox 1860 1086 2080 1136; x_wconf 82' lang='lat' dir='ltr'>Inscriptus</span> <span class='ocrx_word' id='word_1_369' title='bbox 2114 1090 2176 1124; x_wconf 80' lang='lat' dir='ltr'>cst</span> <span class='ocrx_word' id='word_1_370' title='bbox 2210 1087 2373 1125; x_wconf 84' lang='lat' dir='ltr'>Alberto</span> <span class='ocrx_word' id='word_1_371' title='bbox 2409 1085 2482 1124; x_wconf 87' lang='lat' dir='ltr'>Ar-</span> 
     </span>
     <span class='ocr_line' id='line_1_66' title="bbox 1525 1147 2485 1197; baseline 0.002 -13"><span class='ocrx_word' id='word_1_372' title='bbox 1525 1147 1714 1197; x_wconf 80' lang='lat' dir='ltr'>chiepisc.</span> <span class='ocrx_word' id='word_1_373' title='bbox 1738 1149 1982 1197; x_wconf 75' lang='lat' dir='ltr'>Moguntino.</span> <span class='ocrx_word' id='word_1_374' title='bbox 2010 1148 2184 1197; x_wconf 78' lang='lat' dir='ltr'>Uterque</span> <span class='ocrx_word' id='word_1_375' title='bbox 2210 1158 2306 1186; x_wconf 85' lang='lat' dir='ltr'>vero</span> <span class='ocrx_word' id='word_1_376' title='bbox 2339 1148 2401 1186; x_wconf 85' lang='lat' dir='ltr'>hic</span> <span class='ocrx_word' id='word_1_377' title='bbox 2441 1148 2485 1186; x_wconf 90' lang='lat' dir='ltr'>li-</span> 
     </span>
     <span class='ocr_line' id='line_1_67' title="bbox 1526 1209 2482 1260; baseline 0.002 -14"><span class='ocrx_word' id='word_1_378' title='bbox 1526 1209 1593 1246; x_wconf 88' lang='lat' dir='ltr'>ber</span> <span class='ocrx_word' id='word_1_379' title='bbox 1616 1209 1818 1259; x_wconf 79' lang='lat' dir='ltr'>privilegio</span> <span class='ocrx_word' id='word_1_380' title='bbox 1843 1209 2017 1247; x_wconf 82' lang='lat' dir='ltr'>Senatus</span> <span class='ocrx_word' id='word_1_381' title='bbox 2043 1211 2259 1260; x_wconf 82' lang='lat' dir='ltr'>Lipsiensis</span> <span class='ocrx_word' id='word_1_382' title='bbox 2299 1211 2482 1248; x_wconf 87' lang='lat' dir='ltr'>munitus</span> 
     </span>
     <span class='ocr_line' id='line_1_68' title="bbox 1526 1270 2484 1321; baseline 0.002 -13"><span class='ocrx_word' id='word_1_383' title='bbox 1526 1276 1599 1308; x_wconf 86' lang='lat' dir='ltr'>cst.</span> <span class='ocrx_word' id='word_1_384' title='bbox 1618 1272 1676 1309; x_wconf 79' lang='lat' dir='ltr'>Ex</span> <span class='ocrx_word' id='word_1_385' title='bbox 1701 1270 1773 1309; x_wconf 77' lang='lat' dir='ltr'>hoc</span> <span class='ocrx_word' id='word_1_386' title='bbox 1795 1282 1888 1309; x_wconf 76' lang='lat' dir='ltr'>vero</span> <span class='ocrx_word' id='word_1_387' title='bbox 1915 1273 2130 1321; x_wconf 88' lang='lat' dir='ltr'>posteriore</span> <span class='ocrx_word' id='word_1_388' title='bbox 2155 1270 2322 1310; x_wconf 77' lang='lat' dir='ltr'>Balaeus</span> <span class='ocrx_word' id='word_1_389' title='bbox 2344 1277 2384 1310; x_wconf 88' lang='lat' dir='ltr'>et</span> <span class='ocrx_word' id='word_1_390' title='bbox 2405 1273 2484 1310; x_wconf 88' lang='lat' dir='ltr'>Pit-</span> 
     </span>
     <span class='ocr_line' id='line_1_69' title="bbox 1528 1332 1966 1372; baseline 0.005 -3"><span class='ocrx_word' id='word_1_391' title='bbox 1528 1342 1622 1370; x_wconf 81' lang='lat' dir='ltr'>seus</span> <span class='ocrx_word' id='word_1_392' title='bbox 1648 1332 1749 1370; x_wconf 90' lang='lat' dir='ltr'>duos</span> <span class='ocrx_word' id='word_1_393' title='bbox 1770 1333 1966 1372; x_wconf 86' lang='lat' dir='ltr'>fecerunt.</span> 
     </span>
    </p>

    <p class='ocr_par' dir='ltr' id='par_1_20' title="bbox 1533 1394 2486 1571">
     <span class='ocr_line' id='line_1_70' title="bbox 1580 1394 2483 1446; baseline 0.002 -14"><span class='ocrx_word' id='word_1_394' title='bbox 1580 1395 1615 1432; x_wconf 87' lang='lat'>3.</span> <span class='ocrx_word' id='word_1_395' title='bbox 1642 1394 1883 1433; x_wconf 76' lang='lat' dir='ltr'>Introclucte&#39;o</span> <span class='ocrx_word' id='word_1_396' title='bbox 1907 1396 1949 1432; x_wconf 74' lang='lat' dir='ltr'>in</span> <span class='ocrx_word' id='word_1_397' title='bbox 1972 1394 2147 1446; x_wconf 71' lang='lat' dir='ltr'>linquam</span> <span class='ocrx_word' id='word_1_398' title='bbox 2175 1395 2402 1444; x_wconf 72' lang='lat' dir='ltr'>Graecam,</span> <span class='ocrx_word' id='word_1_399' title='bbox 2443 1399 2483 1434; x_wconf 87' lang='lat' dir='ltr'>et</span> 
     </span>
     <span class='ocr_line' id='line_1_71' title="bbox 1533 1455 2481 1497; baseline 0.003 -4"><span class='ocrx_word' id='word_1_400' title='bbox 1533 1455 1703 1494; x_wconf 76' lang='lat' dir='ltr'>Tabulae</span> <span class='ocrx_word' id='word_1_401' title='bbox 1716 1457 2012 1495; x_wconf 76' lang='lat' dir='ltr'>Grammalt&#39;cae</span> <span class='ocrx_word' id='word_1_402' title='bbox 2022 1457 2212 1496; x_wconf 87' lang='lat' dir='ltr'>Graecae.</span> <span class='ocrx_word' id='word_1_403' title='bbox 2225 1457 2361 1496; x_wconf 78' lang='lat' dir='ltr'>colon.</span> <span class='ocrx_word' id='word_1_404' title='bbox 2382 1458 2481 1497; x_wconf 75' lang='grc'>4520</span> 
     </span>
     <span class='ocr_line' id='line_1_72' title="bbox 1534 1517 2486 1571; baseline 0.002 -16"><span class='ocrx_word' id='word_1_405' title='bbox 1534 1517 1703 1556; x_wconf 79' lang='lat' dir='ltr'>Tabulae</span> <span class='ocrx_word' id='word_1_406' title='bbox 1723 1519 1902 1557; x_wconf 80' lang='lat' dir='ltr'>Graecas</span> <span class='ocrx_word' id='word_1_407' title='bbox 1926 1518 2069 1557; x_wconf 80' lang='lat' dir='ltr'>literas</span> <span class='ocrx_word' id='word_1_408' title='bbox 2089 1518 2315 1571; x_wconf 78' lang='lat' dir='ltr'>compendio</span> <span class='ocrx_word' id='word_1_409' title='bbox 2334 1517 2486 1558; x_wconf 82' lang='lat' dir='ltr'>discere</span> 
     </span>
    </p>
   </div>
   <div class='ocr_carea' id='block_1_12' title="bbox 1529 1579 2487 1632">
    <p class='ocr_par' dir='ltr' id='par_1_21' title="bbox 1529 1579 2487 1632">
     <span class='ocr_line' id='line_1_73' title="bbox 1529 1579 2487 1632; baseline 0.002 -15"><span class='ocrx_word' id='word_1_410' title='bbox 1529 1579 1775 1630; x_wconf 76' lang='lat' dir='ltr'>cupientibus</span> <span class='ocrx_word' id='word_1_411' title='bbox 1785 1591 1880 1619; x_wconf 84' lang='lat' dir='ltr'>sane</span> <span class='ocrx_word' id='word_1_412' title='bbox 1895 1592 2016 1631; x_wconf 86' lang='lat' dir='ltr'>quam</span> <span class='ocrx_word' id='word_1_413' title='bbox 2033 1580 2154 1620; x_wconf 70' lang='lat' dir='ltr'>aceles</span> <span class='ocrx_word' id='word_1_414' title='bbox 2168 1583 2382 1632; x_wconf 86' lang='lat' dir='ltr'>separatim</span> <span class='ocrx_word' id='word_1_415' title='bbox 2401 1592 2487 1632; x_wconf 80' lang='lat' dir='ltr'>pro-</span> 
     </span>
    </p>
   </div>
   <div class='ocr_carea' id='block_1_13' title="bbox 1519 1643 2533 3106">
    <p class='ocr_par' dir='ltr' id='par_1_22' title="bbox 1529 1643 2016 1693">
     <span class='ocr_line' id='line_1_74' title="bbox 1529 1643 2016 1693; baseline 0.002 -13"><span class='ocrx_word' id='word_1_416' title='bbox 1529 1643 1689 1680; x_wconf 82' lang='lat' dir='ltr'>dierunt</span> <span class='ocrx_word' id='word_1_417' title='bbox 1711 1644 1810 1693; x_wconf 84' lang='lat' dir='ltr'>Lips.</span> <span class='ocrx_word' id='word_1_418' title='bbox 1839 1644 1953 1681; x_wconf 69' lang='lat'><strong>452¹.</strong></span> <span class='ocrx_word' id='word_1_419' title='bbox 1980 1643 2016 1681; x_wconf 76' lang='grc' dir='ltr'>Ῑι.</span> 
     </span>
    </p>

    <p class='ocr_par' dir='ltr' id='par_1_23' title="bbox 1585 1703 2126 1744">
     <span class='ocr_line' id='line_1_75' title="bbox 1585 1703 2126 1744; baseline 0.002 -2"><span class='ocrx_word' id='word_1_420' title='bbox 1585 1704 1620 1742; x_wconf 77' lang='grc' dir='ltr'>[ι.</span> <span class='ocrx_word' id='word_1_421' title='bbox 1645 1703 1765 1743; x_wconf 70' lang='lat' dir='ltr'>Elisa·</span> <span class='ocrx_word' id='word_1_422' title='bbox 1787 1704 1959 1744; x_wconf 79' lang='lat' dir='ltr'>Caleutt&#39;i</span> <span class='ocrx_word' id='word_1_423' title='bbox 1980 1704 2069 1744; x_wconf 77' lang='lat' dir='ltr'>libr.</span> <span class='ocrx_word' id='word_1_424' title='bbox 2098 1706 2126 1743; x_wconf 96' lang='grc'>1.</span> 
     </span>
    </p>

    <p class='ocr_par' dir='ltr' id='par_1_24' title="bbox 1519 1766 2485 1879">
     <span class='ocr_line' id='line_1_76' title="bbox 1576 1766 2485 1818; baseline 0.001 -13"><span class='ocrx_word' id='word_1_425' title='bbox 1576 1770 1609 1805; x_wconf 90' lang='lat'>5.</span> <span class='ocrx_word' id='word_1_426' title='bbox 1636 1766 1872 1805; x_wconf 81' lang='lat' dir='ltr'>Academiae</span> <span class='ocrx_word' id='word_1_427' title='bbox 1896 1767 2108 1818; x_wconf 59' lang='lat' dir='ltr'>Lipsiensis</span> <span class='ocrx_word' id='word_1_428' title='bbox 2143 1767 2373 1806; x_wconf 81' lang='lat' dir='ltr'>Eucomium</span> <span class='ocrx_word' id='word_1_429' title='bbox 2397 1780 2485 1807; x_wconf 84' lang='lat' dir='ltr'>con-</span> 
     </span>
     <span class='ocr_line' id='line_1_77' title="bbox 1519 1827 1899 1879; baseline -0.003 -13"><span class='ocrx_word' id='word_1_430' title='bbox 1519 1827 1831 1879; x_wconf 68' lang='lat' dir='ltr'>gyratulatorlum</span> <span class='ocrx_word' id='word_1_431' title='bbox 1866 1829 1899 1866; x_wconf 84' lang='grc'>4.</span> 
     </span>
    </p>

    <p class='ocr_par' dir='ltr' id='par_1_25' title="bbox 1523 1890 2526 2250">
     <span class='ocr_line' id='line_1_78' title="bbox 1577 1890 2484 1942; baseline 0.003 -15"><span class='ocrx_word' id='word_1_432' title='bbox 1577 1891 1611 1928; x_wconf 91' lang='grc'>6.</span> <span class='ocrx_word' id='word_1_433' title='bbox 1643 1890 1919 1941; x_wconf 77' lang='lat' dir='ltr'>Paraplzrasz&#39;s</span> <span class='ocrx_word' id='word_1_434' title='bbox 1947 1900 1978 1928; x_wconf 84' lang='lat' dir='ltr'>s.</span> <span class='ocrx_word' id='word_1_435' title='bbox 2006 1890 2177 1942; x_wconf 76' lang='lat' dir='ltr'>Epe&#39;tome</span> <span class='ocrx_word' id='word_1_436' title='bbox 2213 1891 2386 1931; x_wconf 82' lang='lat' dir='ltr'>Erasmo</span> <span class='ocrx_word' id='word_1_437' title='bbox 2426 1893 2484 1931; x_wconf 80' lang='lat' dir='ltr'>in—</span> 
     </span>
     <span class='ocr_line' id='line_1_79' title="bbox 1523 1950 2484 2003; baseline 0.003 -13"><span class='ocrx_word' id='word_1_438' title='bbox 1523 1953 1675 2002; x_wconf 75' lang='lat' dir='ltr'>scripta</span> <span class='ocrx_word' id='word_1_439' title='bbox 1700 1952 1739 1990; x_wconf 77' lang='lat' dir='ltr'>in</span> <span class='ocrx_word' id='word_1_440' title='bbox 1761 1952 1988 2003; x_wconf 73' lang='lat' dir='ltr'>Elegyantlas</span> <span class='ocrx_word' id='word_1_441' title='bbox 2019 1950 2150 1991; x_wconf 84' lang='lat' dir='ltr'>Vallae</span> <span class='ocrx_word' id='word_1_442' title='bbox 2172 1956 2210 1992; x_wconf 85' lang='lat' dir='ltr'>et</span> <span class='ocrx_word' id='word_1_443' title='bbox 2233 1953 2354 1993; x_wconf 77' lang='lat' dir='ltr'>Croci</span> <span class='ocrx_word' id='word_1_444' title='bbox 2381 1954 2484 1993; x_wconf 86' lang='lat' dir='ltr'>Far-</span> 
     </span>
     <span class='ocr_line' id='line_1_80' title="bbox 1524 2013 2479 2067; baseline 0.004 -16"><span class='ocrx_word' id='word_1_445' title='bbox 1524 2025 1609 2064; x_wconf 70' lang='grc' dir='ltr'>νας).</span> <span class='ocrx_word' id='word_1_446' title='bbox 1635 2025 1715 2051; x_wconf 84' lang='lat' dir='ltr'>sec.</span> <span class='ocrx_word' id='word_1_447' title='bbox 1739 2013 1869 2051; x_wconf 83' lang='lat' dir='ltr'>editio.</span> <span class='ocrx_word' id='word_1_448' title='bbox 1906 2015 2025 2052; x_wconf 74' lang='lat' dir='ltr'>Paris.</span> <span class='ocrx_word' id='word_1_449' title='bbox 2062 2014 2165 2065; x_wconf 89' lang='lat' dir='ltr'>apud</span> <span class='ocrx_word' id='word_1_450' title='bbox 2192 2015 2286 2054; x_wconf 87' lang='lat' dir='ltr'>Rob.</span> <span class='ocrx_word' id='word_1_451' title='bbox 2310 2015 2479 2067; x_wconf 86' lang='lat' dir='ltr'>Stepha-</span> 
     </span>
     <span class='ocr_line' id='line_1_81' title="bbox 1525 2075 2484 2117; baseline 0.004 -4"><span class='ocrx_word' id='word_1_452' title='bbox 1525 2087 1618 2115; x_wconf 89' lang='lat' dir='ltr'>num</span> <span class='ocrx_word' id='word_1_453' title='bbox 1648 2075 1762 2114; x_wconf 74' lang='lat'><strong>⁴533.</strong></span> <span class='ocrx_word' id='word_1_454' title='bbox 1785 2076 1819 2113; x_wconf 90' lang='grc'>8.</span> <span class='ocrx_word' id='word_1_455' title='bbox 1845 2077 2030 2114; x_wconf 80' lang='lat' dir='ltr'>Fortasse</span> <span class='ocrx_word' id='word_1_456' title='bbox 2067 2081 2130 2114; x_wconf 88' lang='lat' dir='ltr'>est</span> <span class='ocrx_word' id='word_1_457' title='bbox 2170 2076 2342 2116; x_wconf 86' lang='lat' dir='ltr'>Cornelii</span> <span class='ocrx_word' id='word_1_458' title='bbox 2373 2078 2484 2117; x_wconf 82' lang='lat' dir='ltr'>Croci</span> 
     </span>
     <span class='ocr_line' id='line_1_82' title="bbox 1526 2137 2526 2188; baseline 0.001 -12"><span class='ocrx_word' id='word_1_459' title='bbox 1526 2137 1845 2183; x_wconf 73' lang='lat' dir='ltr'>Amsterodami‚</span> <span class='ocrx_word' id='word_1_460' title='bbox 1868 2137 2149 2188; x_wconf 81' lang='lat' dir='ltr'>Lu’dimagistri</span> <span class='ocrx_word' id='word_1_461' title='bbox 2169 2167 2177 2186; x_wconf 82' lang='lat'>,</span> <span class='ocrx_word' id='word_1_462' title='bbox 2201 2140 2268 2187; x_wconf 88' lang='lat' dir='ltr'>qui</span> <span class='ocrx_word' id='word_1_463' title='bbox 2291 2138 2368 2177; x_wconf 92' lang='lat' dir='ltr'>illis</span> <span class='ocrx_word' id='word_1_464' title='bbox 2384 2143 2486 2178; x_wconf 88' lang='lat' dir='ltr'>tem·</span> <span class='ocrx_word' id='word_1_465' title='bbox 2522 2143 2526 2150; x_wconf 92' lang='grc'>’</span> 
     </span>
     <span class='ocr_line' id='line_1_83' title="bbox 1526 2199 1827 2250; baseline -0.003 -13"><span class='ocrx_word' id='word_1_466' title='bbox 1526 2199 1687 2250; x_wconf 84' lang='lat' dir='ltr'>poribus</span> <span class='ocrx_word' id='word_1_467' title='bbox 1714 2200 1827 2237; x_wconf 79' lang='lat' dir='ltr'>vixit.</span> 
     </span>
    </p>

    <p class='ocr_par' dir='ltr' id='par_1_26' title="bbox 1526 2259 2483 2374">
     <span class='ocr_line' id='line_1_84' title="bbox 1579 2259 2483 2314; baseline 0.002 -16"><span class='ocrx_word' id='word_1_468' title='bbox 1579 2261 1614 2298; x_wconf 91' lang='lat'>7.</span> <span class='ocrx_word' id='word_1_469' title='bbox 1643 2261 1781 2299; x_wconf 81' lang='lat' dir='ltr'>Oratio</span> <span class='ocrx_word' id='word_1_470' title='bbox 1807 2259 1992 2300; x_wconf 76' lang='lat' dir='ltr'>laudibus</span> <span class='ocrx_word' id='word_1_471' title='bbox 2018 2262 2268 2301; x_wconf 77' lang='lat' dir='ltr'>Graecarum</span> <span class='ocrx_word' id='word_1_472' title='bbox 2306 2261 2483 2314; x_wconf 83' lang='lat' dir='ltr'>discipli-</span> 
     </span>
     <span class='ocr_line' id='line_1_85' title="bbox 1526 2323 2269 2374; baseline 0.003 -14"><span class='ocrx_word' id='word_1_473' title='bbox 1526 2333 1711 2371; x_wconf 75' lang='lat' dir='ltr'>marum.,</span> <span class='ocrx_word' id='word_1_474' title='bbox 1739 2323 2018 2374; x_wconf 81' lang='lat' dir='ltr'>Cantabrigiae</span> <span class='ocrx_word' id='word_1_475' title='bbox 2044 2323 2213 2362; x_wconf 49' lang='lat' dir='ltr'>habitan</span> <span class='ocrx_word' id='word_1_476' title='bbox 2256 2325 2269 2333; x_wconf 81' lang='grc'><strong><em>’</em></strong></span> 
     </span>
    </p>

    <p class='ocr_par' dir='ltr' id='par_1_27' title="bbox 1527 2385 2510 2684">
     <span class='ocr_line' id='line_1_86' title="bbox 1580 2385 2510 2427; baseline 0.003 -4"><span class='ocrx_word' id='word_1_477' title='bbox 1580 2385 1675 2423; x_wconf 80' lang='lat' dir='ltr'>Vide</span> <span class='ocrx_word' id='word_1_478' title='bbox 1707 2387 1892 2424; x_wconf 87' lang='lat' dir='ltr'>Balaeum</span> <span class='ocrx_word' id='word_1_479' title='bbox 1924 2386 2078 2424; x_wconf 89' lang='lat' dir='ltr'>Centur</span> <span class='ocrx_word' id='word_1_480' title='bbox 2108 2387 2173 2425; x_wconf 89' lang='lat' dir='ltr'>lX.</span> <span class='ocrx_word' id='word_1_481' title='bbox 2206 2387 2267 2425; x_wconf 92' lang='grc'>40.</span> <span class='ocrx_word' id='word_1_482' title='bbox 2306 2387 2481 2427; x_wconf 84' lang='lat' dir='ltr'>Pitseum</span> <span class='ocrx_word' id='word_1_483' title='bbox 2508 2408 2510 2420; x_wconf 89' lang='lat'><em>·</em></span> 
     </span>
     <span class='ocr_line' id='line_1_87' title="bbox 1527 2446 2488 2488; baseline 0.003 -3"><span class='ocrx_word' id='word_1_484' title='bbox 1527 2458 1559 2485; x_wconf 93' lang='lat' dir='ltr'>c.</span> <span class='ocrx_word' id='word_1_485' title='bbox 1590 2448 1680 2486; x_wconf 76' lang='lat'><strong>932.</strong></span> <span class='ocrx_word' id='word_1_486' title='bbox 1710 2448 1807 2485; x_wconf 80' lang='lat' dir='ltr'>Dan.</span> <span class='ocrx_word' id='word_1_487' title='bbox 1838 2446 2039 2487; x_wconf 87' lang='lat' dir='ltr'>Fidlerum</span> <span class='ocrx_word' id='word_1_488' title='bbox 2078 2449 2181 2487; x_wconf 80' lang='lat' dir='ltr'>Diss.</span> <span class='ocrx_word' id='word_1_489' title='bbox 2224 2447 2273 2486; x_wconf 82' lang='lat' dir='ltr'>de</span> <span class='ocrx_word' id='word_1_490' title='bbox 2316 2447 2488 2488; x_wconf 87' lang='lat' dir='ltr'>Graeca·</span> 
     </span>
     <span class='ocr_line' id='line_1_88' title="bbox 1530 2502 2481 2550; baseline 0.001 -3"><span class='ocrx_word' id='word_1_491' title='bbox 1530 2502 1616 2548; x_wconf 88' lang='lat' dir='ltr'>rum</span> <span class='ocrx_word' id='word_1_492' title='bbox 1649 2514 1690 2547; x_wconf 79' lang='lat' dir='ltr'>et</span> <span class='ocrx_word' id='word_1_493' title='bbox 1721 2511 1950 2549; x_wconf 89' lang='lat' dir='ltr'>Latinarum</span> <span class='ocrx_word' id='word_1_494' title='bbox 1981 2510 2187 2549; x_wconf 84' lang='lat' dir='ltr'>literarum</span> <span class='ocrx_word' id='word_1_495' title='bbox 2209 2511 2246 2548; x_wconf 86' lang='lat' dir='ltr'>in</span> <span class='ocrx_word' id='word_1_496' title='bbox 2266 2510 2481 2550; x_wconf 83' lang='lat' dir='ltr'>Misniain-</span> 
     </span>
     <span class='ocr_line' id='line_1_89' title="bbox 1529 2571 2489 2625; baseline 0.001 -16"><span class='ocrx_word' id='word_1_497' title='bbox 1529 2571 1849 2618; x_wconf 77' lang='lat' dir='ltr'>stauratoribus,</span> <span class='ocrx_word' id='word_1_498' title='bbox 1880 2572 1983 2622; x_wconf 88' lang='lat' dir='ltr'>Lips.</span> <span class='ocrx_word' id='word_1_499' title='bbox 2017 2571 2132 2611; x_wconf 85' lang='grc'>4704,</span> <span class='ocrx_word' id='word_1_500' title='bbox 2173 2571 2318 2611; x_wconf 83' lang='lat' dir='ltr'>Leichii</span> <span class='ocrx_word' id='word_1_501' title='bbox 2362 2572 2489 2625; x_wconf 83' lang='lat' dir='ltr'>Origi-</span> 
     </span>
     <span class='ocr_line' id='line_1_90' title="bbox 1532 2622 2339 2684; baseline 0 -14"><span class='ocrx_word' id='word_1_502' title='bbox 1532 2644 1602 2671; x_wconf 83' lang='lat' dir='ltr'>ner</span> <span class='ocrx_word' id='word_1_503' title='bbox 1631 2633 1932 2683; x_wconf 69' lang='lat' dir='ltr'>Typographiae</span> <span class='ocrx_word' id='word_1_504' title='bbox 1963 2634 2180 2683; x_wconf 83' lang='lat' dir='ltr'>Lipsiensis</span> <span class='ocrx_word' id='word_1_505' title='bbox 2206 2645 2241 2684; x_wconf 91' lang='lat' dir='ltr'>p.</span> <span class='ocrx_word' id='word_1_506' title='bbox 2267 2622 2339 2673; x_wconf 75' lang='grc'>34.’</span> 
     </span>
    </p>

    <p class='ocr_par' dir='ltr' id='par_1_28' title="bbox 1531 2694 2533 3106">
     <span class='ocr_line' id='line_1_91' title="bbox 1583 2694 2492 2747; baseline 0.004 -15"><span class='ocrx_word' id='word_1_507' title='bbox 1583 2695 1875 2734; x_wconf 78' lang='lat' dir='ltr'>RlCHARDUS</span> <span class='ocrx_word' id='word_1_508' title='bbox 1905 2694 2122 2744; x_wconf 85' lang='lat' dir='ltr'>Cunetius,</span> <span class='ocrx_word' id='word_1_509' title='bbox 2169 2696 2289 2747; x_wconf 83' lang='lat' dir='ltr'>vulgo</span> <span class='ocrx_word' id='word_1_510' title='bbox 2339 2697 2492 2741; x_wconf 71' lang='lat' dir='ltr'>[senet.</span> 
     </span>
     <span class='ocr_line' id='line_1_92' title="bbox 1532 2757 2487 2804; baseline 0.003 -10"><span class='ocrx_word' id='word_1_511' title='bbox 1532 2757 1594 2795; x_wconf 85' lang='lat' dir='ltr'>vel</span> <span class='ocrx_word' id='word_1_512' title='bbox 1643 2757 1778 2802; x_wconf 85' lang='lat' dir='ltr'>Tenet,</span> <span class='ocrx_word' id='word_1_513' title='bbox 1814 2757 2052 2804; x_wconf 72' lang='lat' dir='ltr'>Carmenta,</span> <span class='ocrx_word' id='word_1_514' title='bbox 2087 2757 2265 2797; x_wconf 87' lang='lat' dir='ltr'>Oxoniae</span> <span class='ocrx_word' id='word_1_515' title='bbox 2289 2762 2292 2765; x_wconf 85' lang='lat'>&#39;</span> <span class='ocrx_word' id='word_1_516' title='bbox 2313 2758 2487 2797; x_wconf 86' lang='lat' dir='ltr'>Philoso-</span> 
     </span>
     <span class='ocr_line' id='line_1_93' title="bbox 1532 2818 2488 2869; baseline 0.002 -12"><span class='ocrx_word' id='word_1_517' title='bbox 1532 2820 1645 2869; x_wconf 86' lang='lat' dir='ltr'>phiae</span> <span class='ocrx_word' id='word_1_518' title='bbox 1676 2830 1834 2869; x_wconf 80' lang='lat' dir='ltr'>operam</span> <span class='ocrx_word' id='word_1_519' title='bbox 1873 2818 2004 2865; x_wconf 90' lang='lat' dir='ltr'>dedit,</span> <span class='ocrx_word' id='word_1_520' title='bbox 2037 2818 2181 2857; x_wconf 89' lang='lat' dir='ltr'>deinde</span> <span class='ocrx_word' id='word_1_521' title='bbox 2210 2818 2257 2858; x_wconf 88' lang='lat' dir='ltr'>ad</span> <span class='ocrx_word' id='word_1_522' title='bbox 2290 2831 2374 2858; x_wconf 82' lang='lat' dir='ltr'>rem</span> <span class='ocrx_word' id='word_1_523' title='bbox 2405 2831 2488 2859; x_wconf 86' lang='lat' dir='ltr'>me·</span> 
     </span>
     <span class='ocr_line' id='line_1_94' title="bbox 1531 2880 2531 2929; baseline 0.002 -11"><span class='ocrx_word' id='word_1_524' title='bbox 1531 2881 1658 2918; x_wconf 83' lang='lat' dir='ltr'>dicam</span> <span class='ocrx_word' id='word_1_525' title='bbox 1689 2884 1729 2916; x_wconf 79' lang='lat' dir='ltr'>ot</span> <span class='ocrx_word' id='word_1_526' title='bbox 1758 2890 1892 2918; x_wconf 85' lang='lat' dir='ltr'>sacras</span> <span class='ocrx_word' id='word_1_527' title='bbox 1932 2880 2067 2917; x_wconf 83' lang='lat' dir='ltr'>literas</span> <span class='ocrx_word' id='word_1_528' title='bbox 2097 2889 2140 2917; x_wconf 85' lang='lat' dir='ltr'>se</span> <span class='ocrx_word' id='word_1_529' title='bbox 2169 2881 2352 2919; x_wconf 84' lang='lat' dir='ltr'>contulit.</span> <span class='ocrx_word' id='word_1_530' title='bbox 2381 2882 2489 2920; x_wconf 83' lang='lat' dir='ltr'>Vixit</span> <span class='ocrx_word' id='word_1_531' title='bbox 2523 2902 2531 2929; x_wconf 61' lang='lat'>3«</span> 
     </span>
     <span class='ocr_line' id='line_1_95' title="bbox 1533 2939 2529 2982; baseline 0.004 -4"><span class='ocrx_word' id='word_1_532' title='bbox 1533 2943 1634 2980; x_wconf 84' lang='lat' dir='ltr'>circa</span> <span class='ocrx_word' id='word_1_533' title='bbox 1666 2941 1739 2979; x_wconf 84' lang='lat' dir='ltr'>An.</span> <span class='ocrx_word' id='word_1_534' title='bbox 1771 2941 1885 2979; x_wconf 88' lang='grc'>4380.</span> <span class='ocrx_word' id='word_1_535' title='bbox 1917 2946 1957 2979; x_wconf 87' lang='lat' dir='ltr'>et</span> <span class='ocrx_word' id='word_1_536' title='bbox 1985 2939 2158 2980; x_wconf 82' lang='lat' dir='ltr'>libellum</span> <span class='ocrx_word' id='word_1_537' title='bbox 2187 2941 2234 2981; x_wconf 88' lang='lat' dir='ltr'>de</span> <span class='ocrx_word' id='word_1_538' title='bbox 2268 2941 2487 2982; x_wconf 81' lang='lat' dir='ltr'>Virtutibus</span> <span class='ocrx_word' id='word_1_539' title='bbox 2527 2968 2529 2971; x_wconf 94' lang='lat'>-</span> 
     </span>
     <span class='ocr_line' id='line_1_96' title="bbox 1533 2994 2488 3053; baseline 0.003 -14"><span class='ocrx_word' id='word_1_540' title='bbox 1533 3013 1735 3053; x_wconf 83' lang='lat' dir='ltr'>aquarum</span> <span class='ocrx_word' id='word_1_541' title='bbox 1774 3003 1950 3052; x_wconf 75' lang='lat' dir='ltr'>reliquit.</span> <span class='ocrx_word' id='word_1_542' title='bbox 1998 2994 2198 3043; x_wconf 68' lang='lat' dir='ltr'>Lelandus</span> <span class='ocrx_word' id='word_1_543' title='bbox 2226 3015 2259 3042; x_wconf 90' lang='lat' dir='ltr'>c.</span> <span class='ocrx_word' id='word_1_544' title='bbox 2291 3004 2379 3044; x_wconf 90' lang='grc'>438.</span> <span class='ocrx_word' id='word_1_545' title='bbox 2412 3005 2488 3042; x_wconf 71' lang='lat' dir='ltr'>Pit—</span> 
     </span>
     <span class='ocr_line' id='line_1_97' title="bbox 1537 3055 2533 3106; baseline 0.005 -6"><span class='ocrx_word' id='word_1_546' title='bbox 1537 3074 1631 3102; x_wconf 82' lang='lat' dir='ltr'>scus</span> <span class='ocrx_word' id='word_1_547' title='bbox 1662 3074 1695 3100; x_wconf 86' lang='lat' dir='ltr'>c.</span> <span class='ocrx_word' id='word_1_548' title='bbox 1727 3063 1818 3102; x_wconf 82' lang='grc'>705.</span> <span class='ocrx_word' id='word_1_549' title='bbox 1850 3064 2016 3103; x_wconf 68' lang='lat' dir='ltr'>llalaeus</span> <span class='ocrx_word' id='word_1_550' title='bbox 2046 3065 2159 3105; x_wconf 85' lang='lat' dir='ltr'>Cent.</span> <span class='ocrx_word' id='word_1_551' title='bbox 2190 3061 2276 3105; x_wconf 82' lang='lat' dir='ltr'>xlt.</span> <span class='ocrx_word' id='word_1_552' title='bbox 2307 3065 2370 3106; x_wconf 77' lang='lat'>25.</span> <span class='ocrx_word' id='word_1_553' title='bbox 2527 3055 2533 3059; x_wconf 60' lang='grc'><strong>’</strong></span> 
     </span>
    </p>
   </div>
   <div class='ocr_carea' id='block_1_14' title="bbox 1533 3204 2172 3293">
    <p class='ocr_par' dir='ltr' id='par_1_29' title="bbox 1533 3204 2172 3293">
     <span class='ocr_line' id='line_1_98' title="bbox 1533 3204 2172 3244; baseline 0.003 -10"><span class='ocrx_word' id='word_1_554' title='bbox 1533 3204 1703 3236; x_wconf 74' lang='lat' dir='ltr'>schulzius</span> <span class='ocrx_word' id='word_1_555' title='bbox 1725 3207 1757 3235; x_wconf 89' lang='lat' dir='ltr'>in</span> <span class='ocrx_word' id='word_1_556' title='bbox 1780 3207 1851 3235; x_wconf 78' lang='lat' dir='ltr'>Vita</span> <span class='ocrx_word' id='word_1_557' title='bbox 1872 3204 2041 3236; x_wconf 80' lang='lat' dir='ltr'>Mosellani</span> <span class='ocrx_word' id='word_1_558' title='bbox 2063 3204 2145 3244; x_wconf 79' lang='lat' dir='ltr'>p.5l</span> <span class='ocrx_word' id='word_1_559' title='bbox 2161 3228 2172 3237; x_wconf 84' lang='lat'><strong>.</strong></span> 
     </span>
     <span class='ocr_line' id='line_1_99' title="bbox 1597 3253 2168 3293; baseline -0.002 -8"><span class='ocrx_word' id='word_1_560' title='bbox 1597 3255 1628 3292; x_wconf 84' lang='lat' dir='ltr'>c)</span> <span class='ocrx_word' id='word_1_561' title='bbox 1652 3254 1852 3286; x_wconf 75' lang='lat' dir='ltr'>Declamatio</span> <span class='ocrx_word' id='word_1_562' title='bbox 1871 3255 1971 3285; x_wconf 82' lang='lat' dir='ltr'>citata</span> <span class='ocrx_word' id='word_1_563' title='bbox 1991 3262 2022 3293; x_wconf 81' lang='lat' dir='ltr'>p.</span> <span class='ocrx_word' id='word_1_564' title='bbox 2039 3253 2113 3284; x_wconf 80' lang='lat'><strong>584.</strong></span> <span class='ocrx_word' id='word_1_565' title='bbox 2134 3253 2168 3285; x_wconf 87' lang='lat'>5.</span> 
     </span>
    </p>
   </div>
  </div>
 </body>
</html>
