2517 4009
895 239 1228 280 RHAGIUS

73 320 159 366 Quo
178 317 315 356 ordine
334 324 429 353 vero
450 313 488 351 in
509 313 677 364 singulis
694 312 920 364 regionibus
938 322 1026 349 ver-

74 385 188 420 satus
217 377 360 423 fuerit,
391 376 605 427 ignoratur.
643 375 722 414 lloc
750 379 905 414 certum
937 378 1027 423 est,

76 443 206 493 ipsum
232 440 269 478 in
292 438 402 477 ltalia
419 466 428 485 ,
448 442 489 475 et
509 437 654 476 Romae
676 438 908 488 praecipue,
934 436 1029 474 fuis—

75 515 143 550 se,
174 503 238 541 ubi
268 499 411 538 Jacobo
439 499 756 549 Questenbergio
787 498 1029 538 familiariter

75 574 201 611 usus,
229 566 270 601 et
301 561 422 609 sorte,
455 561 579 612 ipsius
608 561 820 612 auspiciis,
851 560 1027 598 lauream

73 626 270 665 PoEticam
293 634 315 662 a
341 622 532 662 Pontifice
557 627 699 662 nactus
722 627 796 660 est.
829 622 888 660 Ex
919 620 1029 658 ltalia

73 685 277 738 profectus
304 688 367 722 est
397 685 435 723 in
464 684 629 723 Galliam
649 714 658 731 ,
684 684 719 731 a)
752 683 816 721 uhi
850 682 1029 720 Lutetiae

70 745 316 797 aliquamdiu
348 745 487 784 haesit.
527 745 621 783 lnde
660 754 832 795 auguror
873 741 1031 780 Fribur-

74 818 169 859 gum
201 807 237 844 in
268 807 514 857 Brisgoviam
552 805 790 850 devenisse,
822 803 886 842 ubi
926 807 1029 840 teste

75 869 233 909 Urbano
251 868 372 918 Regio
392 899 400 916 ,
417 868 551 906 aulam
569 868 751 906 Caesaris
772 870 937 904 secutus
953 869 1035 910 est,

72 936 114 971 et
141 929 276 982 procul
315 928 434 968 dubio
480 930 529 968 ab
574 929 646 968 hoc
685 930 802 968 etiem
847 927 1023 966 lauream

72 994 270 1032 Pocticam
301 992 556 1042 impetravit:
588 1001 679 1029 nam
711 989 857 1040 duplici
897 988 1031 1026 laurea

76 1058 261 1094 ornatum
291 1052 442 1100 fuisse,
470 1056 642 1091 testatur
664 1051 934 1101 Epitaphium.
959 1050 1033 1088 Co-

75 1116 203 1155 loniae
233 1116 362 1165 ipsum
388 1113 513 1152 bonas
543 1114 696 1152 litteras
720 1112 928 1158 docuisse,
955 1115 1034 1149 tra-

71 1178 130 1217 dit
154 1178 273 1216 Henr.
297 1176 417 1214 Corn.
438 1175 624 1226 Agrippa.
650 1176 705 1213 De
730 1174 853 1225 sz'ra
875 1178 1032 1224 praeter

74 1238 332 1290 Epitaphium
359 1237 455 1275 nihil
487 1237 685 1274 novimus,
716 1235 950 1284 Sequuntur
981 1234 1035 1271 lo-

75 1310 150 1346 ca,
181 1300 220 1336 in
249 1298 397 1348 quibus
427 1301 614 1336 versatus
643 1300 705 1334 est
735 1295 936 1346 Rhagius,
967 1294 1034 1333 ad-

72 1359 155 1399 dito
178 1359 298 1398 simul
322 1369 440 1397 anno.
464 1358 540 1397 An.
563 1358 679 1397 ⁴50⁴.
705 1358 885 1396 Basileae
911 1357 1036 1396 Cebe-

73 1422 126 1460 tis
154 1419 330 1460 tabulam
360 1420 553 1470 praelegit
576 1423 617 1458 et
641 1419 844 1470 explicuit.
876 1418 937 1457 Ab
968 1418 1034 1456 illo

74 1488 253 1535 tempore
277 1482 316 1520 in
340 1480 556 1520 Academia
580 1480 839 1519 Cracoviensi
858 1509 866 1528 ,
887 1484 928 1518 et
954 1491 1036 1518 ma-

75 1543 174 1595 joris
195 1543 359 1594 Collegii
380 1542 627 1593 Collegiatus
652 1542 748 1590 fuit,
773 1540 1036 1592 quemadmo-

76 1606 173 1645 dum
203 1609 408 1657 praeterea
432 1606 582 1644 artium
614 1604 834 1643 liberalium
860 1604 1035 1654 Magistri

76 1673 119 1708 et
148 1678 354 1707 sacrarum
382 1667 605 1706 litterarum
636 1666 890 1706 Baccalaurei
920 1666 1036 1705 titulo

77 1740 177 1770 usus
194 1733 283 1779 est,
303 1730 396 1780 quia
418 1728 563 1768 ibidem
585 1729 790 1780 Epistolae
813 1729 960 1767 Libanii
987 1728 1036 1767 ab

77 1794 163 1844 ipso
192 1790 429 1832 emendatae
459 1795 500 1830 et
529 1791 659 1831 editae
689 1796 800 1830 sunt.
828 1791 890 1830 An
923 1792 1037 1830 1506.

78 1859 120 1893 et
141 1858 277 1905 postea
299 1880 310 1898 ‚
328 1853 576 1892 Francofurti
597 1853 647 1893 ad
666 1853 857 1893 Viadrum
880 1854 918 1891 in
938 1853 1038 1892 Aca-

78 1915 208 1955 demia
233 1926 337 1954 nova
360 1914 519 1964 docuit,
544 1921 584 1954 et
610 1917 832 1955 Huttenum
864 1915 1039 1967 discipu-

81 1980 161 2018 lum
182 1977 321 2016 habuit
340 1976 377 2026 b)
411 1977 471 2016 Ab
491 1977 567 2016 An.
589 1978 704 2018 4508.
727 1990 797 2029 per
817 1979 1034 2017 triennium

81 2041 234 2091 Lipsiae
263 2038 398 2078 docuit
426 2039 550 2078 bonas
580 2039 760 2088 litteras,
785 2046 826 2078 et
855 2045 1039 2079 auctores

77 2102 282 2155 juventuti
311 2101 528 2153 praelegit,
559 2102 758 2150 Plinium,
783 2102 968 2141 Plautum
999 2106 1040 2140 et

80 2165 190 2205 alios.
214 2164 315 2211 Quia
342 2175 435 2203 vero
459 2163 626 2203 barbara
648 2163 792 2203 ibidem
816 2165 972 2214 ingenia
998 2165 1042 2203 li-

80 2231 190 2266 teras
205 2226 462 2265 humaniores
479 2237 728 2276 concoquere
748 2237 824 2264 non
843 2230 1040 2277 poterant,

81 2288 186 2340 apud
210 2289 361 2327 Ducem
386 2288 600 2338 Georgium
627 2288 662 2326 id
688 2293 884 2338 egerunt,
911 2293 954 2327 ut
984 2288 1042 2326 di-

82 2351 336 2399 mitteretur,
365 2354 432 2398 et,
459 2362 585 2400 quum
617 2352 655 2388 in
686 2352 863 2390 oratione
900 2351 1039 2390 ultima

81 2411 214 2462 paullo
256 2410 420 2450 liberius
458 2411 580 2450 verba
620 2412 805 2460 fecisset,
838 2413 1040 2462 relegatus

81 2476 144 2511 est
167 2472 216 2520 c).
245 2471 321 2510 An.
353 2471 470 2511 4515.
496 2472 722 2523 Fribergam
748 2475 885 2521 venit,
912 2485 1036 2513 svasu

81 2534 334 2585 potissimum
361 2533 505 2572 Nicolai
530 2534 775 2573 Hausmanni
802 2539 839 2573 et
865 2535 1038 2574 duorum

81 2595 315 2635 Consulum.
348 2595 534 2634 Scholam
574 2596 752 2634 Latinam
783 2601 823 2634 et
852 2596 1041 2636 Christia-

81 2668 174 2697 nam
209 2657 259 2695 ibi
295 2658 475 2708 aperuit.
512 2661 552 2695 et
590 2657 852 2707 juventutem
897 2660 934 2696 in
972 2659 1041 2697 de-

80 2719 387 2758 clamationibus
424 2719 558 2758 italico
589 2730 697 2757 more
726 2721 918 2758 exercuit.
950 2721 1042 2759 Post

84 2782 300 2820 triennium
323 2792 344 2818 a
366 2780 561 2819 Friderico
580 2811 588 2829 ,
611 2781 814 2819 Saxonum
838 2782 1039 2830 Electore,

79 2844 179 2881 satis
203 2842 352 2881 liberali
379 2841 576 2892 stipendio
602 2842 891 2894 Wittebergam
925 2854 1041 2882 voca—

78 2908 169 2950 est,
198 2903 236 2952 d)
265 2903 396 2953 ibique
426 2902 604 2942 docendo
634 2908 798 2942 strenue
836 2906 1037 2955 perrexit,

79 2976 209 3015 usque
237 2964 285 3004 ad
315 2965 389 3004 An.
422 2966 538 3005 ⁴520.
579 2973 660 3016 quo
706 2966 797 3004 fatis
836 2968 1038 3005 concessit

135 3061 170 3096 a)
194 3063 347 3092 Testatur
380 3060 460 3093 illud
483 3060 632 3101 Epistola
661 3060 734 3093 urb.
758 3063 850 3102 Regii
876 3063 919 3094 ad
954 3062 1043 3094 Rha-

71 3111 165 3151 gium
189 3113 356 3150 nostrum,
379 3117 480 3150 quam
505 3111 539 3141 in
562 3113 701 3142 Arcanis
721 3111 946 3144 Bibliothecae
970 3116 1040 3144 An-

73 3158 312 3198 naebergensis
334 3159 440 3191 edidit
463 3162 540 3191 Rev.
564 3160 755 3192 wiliscliius
778 3170 808 3200 p.
838 3161 904 3193 110.

131 3207 168 3247 b)
191 3207 271 3240 vide
307 3210 344 3240 P.
377 3209 549 3249 Vigilaniii
582 3212 752 3248 Axungiae
780 3210 1040 3250 descriptionem

69 3258 162 3291 urbis
176 3262 209 3290 et
223 3257 438 3291 Acadeemiae
453 3260 816 3300 Franckopherdiensis
833 3270 865 3301 p.
888 3260 916 3291 1.
935 3261 966 3292 4.
991 3260 1040 3293 10.

132 3307 167 3348 c)
188 3308 356 3348 Epistolae
379 3309 513 3341 obscur.
540 3311 688 3341 virorum
714 3314 737 3342 t.
763 3312 788 3341 Ι.
812 3318 887 3350 pag.
916 3310 967 3341 63.
986 3310 1039 3343 oi.

71 3359 202 3398 ejectus
226 3363 340 3391 autem
362 3358 462 3392 simul
489 3367 565 3392 cum
590 3362 779 3393 Hermanno
807 3360 950 3393 Buschio
965 3384 973 3399 ,
990 3369 1042 3392 ur-

1980 234 2058 272 373

1099 310 1201 362 prid.
1243 310 1327 349 Kal.
1367 311 1460 348 Jun.
1488 309 1524 357 e)
1571 306 1696 356 Ajunt
1735 315 1896 356 quoque
1928 305 2057 354 ipsum

1105 373 1285 411 Doctoris
1314 370 1550 420 Theologiae
1579 368 1772 419 dignitate
1803 366 1990 413 fulsisse,
2021 370 2061 402 et

1102 436 1139 472 in
1170 445 1214 472 ea
1247 445 1324 472 non
1350 433 1492 472 leviter
1518 432 1639 470 fuisse
1665 434 1886 469 versatum.
1913 427 2061 467 Confer

1102 497 1198 535 Dan.
1230 495 1370 534 Fidleri
1402 494 1498 532 diss.
1530 492 1773 543 singularem
1805 490 1854 530 de
1878 491 1937 528 Jo.
1961 489 2062 528 liha-

1101 558 1163 608 gio
1200 557 1514 606 AEsticampiano
1553 554 1657 605 Lips.
1701 553 1816 593 ⁴730.
1855 557 1896 591 et
1931 551 2061 590 Manlii

1104 619 1306 657 Lusatiam
1339 618 1420 655 Vll.
1452 619 1486 655 fl..
1534 616 1780 666 Scriptorum
1825 614 1931 652 illius
1962 613 2062 651 noti-

1103 681 1199 718 tiam
1231 683 1468 728 sequentem
1501 676 1738 727 suppedito:

1162 742 1196 780 i.
1221 738 1423 792 Praefatio
1445 739 1483 777 in
1509 737 1706 789 Epistolas
1724 736 1880 776 Libanii
1899 748 1918 776 a
1943 738 2063 775 Fran-

1104 804 1212 841 cisco
1243 802 1483 840 Zambicario
1519 799 1658 838 Latine
1697 810 1941 847 conversas,
1969 810 1989 837 a
2021 798 2066 836 li-

1103 865 1244 904 brariis
1275 864 1376 902 male
1407 863 1587 909 habitas,
1618 874 1638 900 a
1669 873 1712 900 se
1746 873 1840 899 vero
1874 859 2063 899 emenda-

1105 933 1167 966 tas
1182 931 1221 965 et
1238 926 1489 977 argumentis
1509 926 1739 962 instructas.
1761 924 1927 962 Cracov.
1948 923 2065 962 1504.

1103 991 1136 1027 [ι.
1169 988 1371 1027 Dedicatio
1402 986 1451 1025 ad
1481 986 1685 1025 Matthiam
1716 985 1971 1031 Drabicium,
2009 995 2069 1022 re-

1106 1052 1169 1101 gni
1198 1050 1377 1089 Poloniae
1405 1048 1779 1086 Vicecaricellarium
1803 1046 1951 1084 directa
1974 1051 2065 1089 est,

1107 1123 1225 1162 quem
1251 1141 1258 1159 ,
1279 1116 1414 1162 utpote
1436 1111 1639 1148 literarum
1664 1110 1876 1147 Patronum
1897 1107 2068 1155 ,debitis

1108 1173 1292 1212 laudibus
1316 1173 1465 1211 evehit.
1487 1173 1655 1211 Sumtus
1678 1171 1770 1209 fecit
1793 1173 1853 1208 Jo.
1874 1170 2041 1220 Clymes
2058 1198 2067 1216 ,

1107 1235 1316 1285 bibliopola
1342 1239 1382 1272 et
1406 1235 1506 1272 civis
1531 1234 1823 1272 Cracoviensis.
1849 1232 1978 1270 Editio
2004 1231 2068 1269 illa

1108 1297 1311 1334 rarissima
1344 1306 1449 1334 nunc
1479 1295 1610 1333 denuo
1641 1295 1816 1334 exhibita
1847 1300 1953 1333 esta
1980 1294 2070 1331 viro

1110 1358 1206 1396 Rev.
1232 1358 1291 1395 Jo.
1314 1357 1462 1394 Christ.
1495 1357 1638 1394 Wolfio
1662 1356 1708 1394 ad
1735 1357 1883 1395 calcem
1914 1357 2071 1406 Episto-

1112 1419 1239 1457 larum
1267 1418 1415 1455 Libanii
1437 1417 1565 1455 Amst.
1591 1417 1706 1456 1738.
1732 1429 1753 1456 a
1779 1428 1821 1455 se
1845 1417 2070 1465 editarum,

1109 1479 1450 1531 quemadmodum
1490 1484 1584 1518 ante
1624 1480 1660 1516 in
1694 1480 1813 1529 praef.
1846 1479 1892 1517 ad
1924 1480 2072 1519 Centu-

1111 1544 1208 1581 riam
1229 1542 1500 1593 Epistolarum
1524 1541 1673 1583 Libanii
1690 1572 1700 1588 ‚
1726 1541 1830 1591 Lips.
1856 1540 1972 1579 i7ii.
1993 1541 2075 1578 edi-

1110 1609 1270 1652 tarum,
1300 1603 1389 1654 ejus
1420 1603 1596 1654 aliquam
1629 1604 1874 1641 mentionem
1915 1602 2074 1641 fecerat.

1113 1667 1168 1705 lbi
1199 1677 1243 1705 se
1275 1670 1392 1704 vocat
1421 1667 1480 1703 Jo.
1516 1663 1882 1704 Sommerfeldium.

1165 1729 1201 1766 2.
1223 1727 1527 1779 Epiyrammata
1543 1726 1776 1778 prodierunt
1788 1726 1942 1776 Lipsiae
1956 1727 1969 1764 i
1982 1724 2075 1764 507.

1114 1791 1149 1829 4.
1178 1790 1225 1828 ibi
1254 1800 1297 1827 se
1329 1794 1446 1828 vocat
1474 1791 1667 1828 Joannem
1700 1788 2073 1838 AEsticampianum.

1168 1853 1203 1891 3.
1228 1851 1546 1892 Commentarius
1569 1849 1608 1889 in
1630 1848 1946 1888 Grammatz'cam
1967 1850 2078 1887 Mar·

1116 1913 1217 1952 tiani
1245 1912 1429 1966 Capellae
1458 1917 1497 1952 et
1525 1912 1671 1950 Donati
1703 1911 1891 1962 Fiyuras.
1924 1914 1957 1952 4.
1989 1912 2075 1949 sine

1115 1977 1317 2015 mentione
1342 1977 1462 2024 anni,
1489 1979 1552 2013 est
1578 1976 1615 2012 in
1642 1973 1885 2012 Bibliotheca
1911 1973 2079 2011 Franco-

1116 2037 1445 2078 furto-Viadrina.

1172 2103 1206 2139 ιί.
1239 2102 1281 2140 ln
1313 2100 1510 2151 quasdam
1540 2099 1668 2138 Plauti
1695 2098 1933 2138 Comoedias
1962 2102 2002 2135 et
2030 2097 2079 2136 li-

1118 2164 1210 2202 hros
1226 2163 1430 2203 Oratorios
1447 2163 1651 2201 Ciceronis
1671 2165 1969 2200 commentatus
1989 2169 2079 2198 esse

1115 2225 1261 2264 dicitur
1281 2224 1460 2262 Gesnero
1480 2252 1487 2270 ,
1509 2234 1611 2273 quae
1629 2234 1649 2261 a
1674 2234 1737 2261 me
1760 2225 1845 2261 visa
1872 2234 1948 2260 non
1971 2225 2078 2260 sunt.

1173 2288 1210 2326 5.
1244 2285 1382 2325 Oratio
1423 2284 1462 2322 in
1491 2284 1622 2323 studio
1658 2284 1853 2335 Lipsiensz'
1887 2283 2080 2330 recitata,

1117 2360 1244 2401 quum
1277 2348 1450 2398 Lipsiam
1478 2346 1612 2385 valere
1632 2345 1817 2395 juberet,
1843 2345 1948 2383 edita
1973 2349 2035 2382 est
2058 2355 2080 2382 a

1120 2413 1220 2451 Dan.
1253 2409 1409 2449 Fidlero
1439 2408 1514 2447 sub
1546 2407 1664 2446 [inem
1705 2407 2000 2446 dissertationis
2029 2407 2082 2444 ci-

1118 2478 1252 2522 tatae,
1284 2473 1350 2523 qui
1383 2471 1488 2510 illam
1519 2481 1539 2508 a
1571 2471 1663 2508 Viro
1692 2470 1856 2508 Summo
1877 2499 1885 2517 ,
1908 2469 2080 2507 Ernesto

1118 2536 1332 2575 Salomone
1364 2534 1589 2583 Cypriane,
1622 2537 1765 2570 nactus
1797 2531 1937 2569 fuerat.

1171 2597 1206 2634 6.
1241 2595 1419 2635 Carmen
1448 2593 1494 2631 de
1524 2592 1708 2640 Lusati'a,
1740 2592 1845 2643 quod
1881 2590 2081 2630 Melanch-

1116 2658 1212 2696 thon
1245 2656 1468 2703 Basileam,
1495 2659 1538 2693 ut
1563 2653 1856 2700 excuderetur,
1889 2654 2078 2698 miserat,

1119 2720 1255 2757 nescio
1301 2728 1380 2768 quo
1428 2717 1532 2764 fato,
1563 2717 1705 2767 periit,
1734 2720 1774 2753 et
1804 2714 1980 2753 nondum
2020 2724 2077 2752 re-

1116 2785 1276 2832 pertum
1310 2784 1385 2817 est.

1173 2843 1210 2881 7.
1242 2841 1446 2880 Marciani
1464 2839 1651 2892 Capellae
1676 2838 1883 2878 Rhetorica
1909 2850 1997 2877 cum
2019 2838 2078 2876 Jo.

1117 2903 1265 2955 Rhayii
1283 2903 1406 2954 Epist.
1427 2903 1474 2942 ad
1497 2905 1557 2941 Jo.
1579 2907 1618 2940 et
1635 2902 1885 2952 Vulgangum
1908 2901 1955 2939 de
1975 2902 2080 2939 vitz-

1114 2971 1198 3006 tum
1222 2997 1229 3014 ,
1256 2966 1454 3005 Boliemos
1492 2966 1596 3015 Lips.
1625 2963 1740 3002 4509.
1768 2963 1830 3001 tol.
1856 2962 1959 3013 apud
1981 2964 2080 3002 Mar-

1107 3067 1206 3103 gente
1233 3065 1411 3103 praecipue
1436 3064 1606 3101 negotium
1632 3063 1718 3092 liier.
1745 3064 1878 3092 Emsero
1895 3084 1904 3096 ‚
1928 3062 1963 3089 ut
1988 3057 2085 3089 docet

1108 3115 1218 3143 ucrm.
1243 3112 1502 3142 ilamelmannus
1527 3113 1560 3142 in
1587 3112 1666 3142 viia
1691 3109 1826 3141 Buscbii
1851 3110 1934 3148 Opp.
1960 3117 1991 3148 p.
2009 3107 2084 3138 295.

1103 3164 1160 3203 qui
1180 3170 1257 3194 vero
1271 3165 1421 3192 nostrum
1430 3168 1606 3200 perperam
1618 3164 1713 3191 vocat
1725 3158 2083 3198 Lonyi‘campi'anum.

1163 3211 1202 3250 d)
1226 3212 1315 3242 ilier.
1339 3209 1494 3242 Wellerus
1529 3211 1562 3240 in
1586 3209 1708 3240 Libello
1734 3218 1768 3249 p.
1792 3207 1843 3239 71.
1868 3206 1958 3240 Adde
1981 3206 2082 3239 Andr.

1102 3261 1227 3293 Molleri
1253 3260 1433 3290 Theatrum
1456 3259 1673 3299 Fribergense
1699 3258 1718 3289 l.
1744 3267 1776 3298 p.
1798 3257 1872 3288 285.

1165 3311 1200 3350 e)
1224 3309 1389 3341 Lutherus
1412 3310 1517 3349 Epist.
1542 3313 1622 3340 tom.
1649 3309 1672 3340 Ι.
1700 3317 1732 3348 p.
1755 3308 1808 3340 ⁴2.
1832 3306 1906 3339 259.
