2517 4009
931 220 1212 262 i’ss'rnb's

73 310 213 339 versos
231 311 239 336 :
257 301 298 336 et
316 296 460 335 librum
480 300 624 332 contra
641 293 847 344 Pauperes
864 293 911 332 cle
928 293 1030 342 Ευρ-

73 360 190 400 duno.
220 359 374 398 Priores
405 357 582 406 integras
606 388 610 398 ,
640 361 680 394 et
704 357 932 407 posterioris
956 355 1032 393 fra-

70 426 279 474 gmentum
310 418 434 457 edidit
463 418 542 456 Jac.
589 418 804 457 Gretserus
832 429 924 456 cum
957 419 1032 455 Lu-

70 493 116 521 ca
145 481 319 520 Tudensi
365 483 502 518 contra
550 479 812 530 AlbigenseS‚
848 481 1032 518 Reinero-

72 555 150 594 que
179 547 220 582 et
249 543 461 592 Anonymo
490 547 629 581 contra
673 542 925 581 Waldenses.
972 541 1032 578 ln-

71 604 239 656 golstad.
274 605 390 643 4642.
422 605 456 642 li.
488 604 594 643 unde
624 606 754 643 recusi
785 609 880 642 tom.
919 602 1031 642 XXV

70 667 255 706 Biblioth.
283 668 444 706 Patrum
481 667 602 717 Lugd.
633 678 718 718 pag.
750 665 841 704 277.
871 666 962 703 299.
992 667 1031 702 et

69 730 174 767 inter
201 728 379 779 Gretseri
410 740 526 779 opera
554 734 580 767 t.
611 729 684 767 XlI
716 732 827 778 parte
861 727 897 765 2.

125 790 321 829 PETRUS
365 789 666 833 Pirchenwort,
695 789 828 828 clarus
872 788 1031 826 saeculo

68 851 153 891 XV.
196 853 372 890 maxime
403 853 441 890 in
474 853 745 891 Universitate
779 850 1029 888 Wiennensi.

65 915 233 953 Diversa
263 913 353 964 ejus
382 914 573 965 opuscula
605 915 642 951 in
674 913 860 951 Austriae
890 911 1032 950 Biblio-

67 975 196 1015 thecis
225 977 496 1027 Manuscripta
539 981 699 1015 exstare
743 975 860 1012 testis
893 977 956 1012 est
985 974 1028 1011 V.

66 1037 110 1077 C.
138 1037 370 1077 Bernardus
397 1040 472 1076 Pez
498 1043 525 1076 t.
551 1039 574 1077 3
603 1038 831 1077 anecdotor.
860 1040 970 1086 parte
996 1037 1030 1074 3.

67 1109 154 1149 pag.
186 1099 276 1137 630.
307 1100 421 1150 plura
451 1099 502 1138 de
534 1100 610 1138 illis
639 1099 824 1138 dicturus
847 1098 952 1145 alibi,
974 1098 1033 1134 ni-

67 1161 101 1197 si
131 1170 240 1198 mors
268 1162 474 1211 superiore
517 1171 623 1199 anno
667 1171 758 1199 cum
792 1170 933 1209 magna
962 1158 1031 1196 ha-

69 1233 158 1261 rum
188 1222 414 1261 litterarum
441 1221 596 1271 jactura
626 1233 718 1260 eum
748 1221 870 1259 rebus
891 1220 1031 1258 huma-

68 1283 132 1320 nis
159 1283 409 1321 abstulisset.
451 1283 513 1321 Ex
556 1283 769 1322 Codicibus
800 1282 1030 1320 monasterii

63 1343 425 1382 Benedictoburani
476 1343 620 1382 ibidem
655 1349 849 1382 memorat
885 1348 1031 1381 tracta-

67 1409 154 1444 tum
183 1405 270 1443 sive
300 1405 538 1444 Sermonem
568 1404 615 1443 de
646 1406 829 1455 Corpore
863 1402 1030 1441 Domini.

66 1467 190 1518 Incip.
219 1467 276 1505 De
303 1465 531 1506 venerando
565 1466 842 1505 Eucharistiae
885 1467 1032 1505 Sacra-

67 1533 194 1567 mento
224 1532 263 1567 et
290 1529 378 1580 ejus
407 1528 530 1580 dzqna
559 1529 767 1568 sumtione.

122 1591 315 1630 PETRUS
355 1590 554 1639 Pisanus,
586 1593 757 1642 scriptor
803 1591 914 1630 Vitae
959 1592 1033 1629 Ρα-

68 1651 216 1692 schalis
236 1654 289 1692 ΙΙ.
313 1656 439 1705 Papae
460 1654 505 1693 A.
534 1655 650 1694 4448.
681 1654 885 1702 defuncti,
914 1653 1032 1703 cujus

69 1717 198 1767 viguit
238 1716 511 1766 temporibus,
555 1716 685 1755 editae
715 1718 737 1755 a
767 1715 1031 1766 Papebrochio

70 1778 108 1815 in
138 1779 351 1828 propylaeo
380 1777 428 1817 ad
460 1777 558 1817 Acta
589 1779 829 1817 Sanctorum
873 1777 959 1827 Maji
993 1790 1028 1828 p.

70 1839 92 1862 ¹*
120 1840 212 1879 202.
241 1839 334 1879 207.

120 1901 144 1924 ³*
171 1900 320 1939 Petrus
358 1901 662 1941 Grammaticus
689 1901 864 1942 Pisanus
900 1902 1027 1941 Caroli

67 1963 196 2012 Magni
220 1967 452 2013 praeceptor
475 1965 512 2001 in
538 1975 580 2002 re
603 1965 886 2014 grammatica,
911 1965 1028 2003 cuius

69 2025 251 2064 meminit
279 2025 507 2075 Eginardus
531 2026 569 2064 in
600 2026 688 2065 Vita
710 2026 852 2065 Caroli.
875 2027 1026 2065 Extant

68 2088 156 2126 eius
179 2098 325 2126 versus
354 2086 517 2137 quidam
547 2099 569 2126 e
591 2088 674 2127 MS.
698 2087 843 2127 Codice
874 2089 1024 2139 vulgati

68 2149 129 2188 ab.
146 2149 246 2188 Abb.
273 2149 312 2188 'le
335 2149 439 2189 Beuf
451 2150 489 2187 in
511 2148 768 2189 dissertation
795 2162 870 2189 sur
886 2150 1024 2190 l'Hist.

62 2211 342 2262 Ecclesiastiq.
372 2216 413 2249 et
435 2212 542 2250 civil.
566 2212 615 2251 de
657 2214 766 2251 Paris
803 2224 889 2264 pag.
934 2214 1024 2252 404.

68 2273 216 2312 Horum
246 2274 421 2324 primum
461 2284 623 2312 carmen
668 2276 835 2313 missum
871 2279 934 2313 est
975 2275 1024 2313 ad

69 2334 233 2373 Paulum
257 2334 538 2373 Varnesridum
565 2335 640 2374 sub
656 2337 817 2374 nomine
834 2336 961 2375 Caroli
977 2338 1024 2375 M.

69 2397 229 2436 Titulus
246 2398 284 2434 in
302 2396 380 2435 MS.
406 2396 503 2435 Cod.
519 2401 582 2434 est
604 2398 749 2436 Versus
760 2397 877 2436 Petri
884 2398 1027 2437 Gram-

68 2457 208 2497 maticz'
229 2458 377 2508 incipit.

166 2521 232 2551 Nos
255 2518 408 2550 dicamus
434 2517 566 2550 Christo
589 2518 721 2551 laudem

67 2571 258 2609 Hortatur
287 2569 362 2607 hoc
393 2568 557 2607 Paulum
590 2573 633 2607 ut
677 2569 818 2608 doceat
860 2570 1025 2608 clericos

61 2631 218 2670 Grecas
244 2631 403 2669 litteras
434 2634 475 2668 et
498 2631 678 2668 comit-ari
710 2630 870 2669 valeant
884 2632 1027 2669 Rotru-

69 2691 162 2732 dem
186 2693 307 2732 filiam
339 2703 467 2742 suam,
498 2692 625 2731 Caroli
655 2692 808 2730 scilicet
831 2691 914 2743 jam
958 2703 1025 2742 op-

9 2799 12 2802 ,
67 2755 316 2805 pignoratam
347 2754 610 2794 Constantino
638 2753 823 2792 Graecor.
852 2754 1025 2803 Impera-

70 2817 160 2856 tori.
183 2827 274 2868 pag.
305 2816 394 2854 409.
424 2816 569 2865 legitur
596 2815 700 2855 aliud
729 2826 891 2854 carmen
922 2816 1023 2853 Petri

70 2876 120 2916 ad
137 2877 317 2926 Paulum,
335 2888 414 2927 quo
443 2877 554 2916 illum
578 2878 776 2928 proposito
800 2878 1024 2926 aenigmate

72 2943 214 2979 tentat.
233 2940 337 2978 Sunt
359 2943 493 2977 autem
519 2950 661 2977 omnes
678 2949 820 2977 versus
838 2939 1023 2977 hexame-

71 3003 136 3040 tri.
165 3001 307 3051 Incipit
336 3001 489 3051 poetica
520 3000 617 3039 haec
645 3002 782 3039 oratio.
964 2989 971 2994 ⁶

88 3072 230 3104 Lumine
253 3078 422 3111 purpureo
443 3065 523 3102 du'm
545 3070 594 3102 sol
617 3070 834 3111 perfunderet
854 3075 944 3103 astra

72 3132 163 3182 Pag.
183 3129 273 3169 Ιι49.
291 3130 434 3180 legitur
454 3130 625 3168 Carmen
655 3132 1025 3180 panegyricum‘Pe-

72 3192 122 3230 tri
151 3191 199 3231 ad
230 3192 375 3242 Regem

87 3253 263 3284 Culminae
287 3253 314 3284 si
340 3254 467 3291 Regum
489 3251 615 3285 dudum
639 3253 788 3284 cecidere
803 3256 931 3292 poetae.

128 3304 320 3342 PETRUS
350 3302 541 3350 Pistoris,
573 3304 797 3341 Canonicus
828 3304 1030 3354 ltegularis

1104 290 1425 340 Augustini-unus
1455 290 1493 325 in
1525 287 1646 326 Viridi
1680 288 1788 326 Valle
1821 298 1940 338 prope
1970 289 2071 326 Bru-

1106 352 1278 398 xellam,
1309 350 1526 388 defunctus
1555 350 1599 388 A.
1632 350 1748 388 4440.
1776 360 1853 387 non
1880 350 2069 388 diversus

1106 419 1150 452 ut
1175 412 1334 450 videtur
1371 413 1391 450 a
1430 411 1592 450 PETRO
1624 411 1876 452 Bruxellensi
1916 410 1965 449 de
1991 421 2071 461 quo

1106 485 1229 524 supra
1255 484 1340 524 pag.
1367 473 1457 511 236.
1486 474 1641 522 Scripta
1678 484 1780 522 quae
1817 472 1922 522 apud
1956 472 2070 512 Vale-

1105 538 1206 574 rium
1225 535 1426 573 Andream
1455 546 1541 584 pag.
1567 534 1656 573 752.
1683 536 1797 573 Petro
1815 535 1980 572 Pistoris
2005 535 2074 572 tri-

1105 597 1313 644 buuntur,
1353 601 1474 634 sunt:
1506 595 1553 633 cle
1578 595 1816 646 pluralitate
1863 593 2073 647 Confessa-

1105 669 1261 696 rzorum
1291 658 1332 696 in
1361 657 1551 707 reyimine
1574 657 1806 696 Monialium
1831 669 1906 696 non
1929 656 2073 696 admit-

1107 719 1233 758 tenda.
1255 721 1309 758 De
1333 719 1559 769 differentia
1582 719 1799 758 venialium
1817 723 2073 772 peccatorum

1106 786 1144 820 et
1177 781 1418 820 mortalium.
1453 782 1509 819 De
1536 781 1690 832 triplici
1724 782 1791 822 via
1824 782 1878 820 ast
1916 782 2076 822 DEUM.

1159 844 1344 894 Magister
1370 842 1621 882 PETRUSde
1638 842 1772 890 Ponte,
1799 854 1957 891 coecus,
1973 845 2074 883 Bru-

1105 907 1265 956 gensis,
1291 904 1367 943 sub
1391 905 1677 955 typographiae
1702 906 1811 943 initia
1834 906 1872 942 in
1899 906 1960 943 42.
1988 904 2070 943 edi-

1104 968 1161 1006 dit
1200 967 1377 1005 libellum
1412 967 1773 1005 Grammaticarum
1816 966 2072 1006 Observatio-

1107 1041 1201 1069 num
1224 1059 1233 1076 ‚
1258 1034 1299 1067 et
1323 1029 1606 1079 exceptionum
1632 1030 1654 1066 a
1678 1028 1827 1078 regulis
1865 1028 2072 1067 Gramma-

1106 1092 1195 1130 ticis
1224 1102 1343 1140 quem
1379 1090 1586 1139 inscripsit
1615 1089 1662 1128 de
1692 1088 1844 1139 requies
1887 1089 2072 1140 conymi-

1105 1156 1235 1191 tatum
1264 1155 1301 1190 et
1328 1162 1466 1188 eorum
1491 1149 1696 1189 limitibus.

1159 1213 1352 1252 PETRUS
1393 1212 1545 1250 ordinis
1588 1211 1946 1258 Praedicatorum,
1978 1211 2071 1250 Pro-

1106 1275 1287 1313 vincialis
1331 1275 1518 1312 Franciae
1563 1275 1723 1323 scripsit
1771 1275 1981 1312 Sermones
2019 1273 2068 1312 de

1103 1336 1322 1374 Dominicis
1351 1339 1391 1372 et
1422 1335 1709 1374 festivitatibus
1741 1336 1821 1374 fere
1847 1348 1915 1385 per
1939 1340 2068 1374 totum

1104 1408 1255 1436 annum
1273 1427 1283 1443 ,
1314 1396 1463 1446 quibus
1494 1397 1606 1435 multi
1640 1402 1809 1435 utuntur
1837 1408 1965 1447 usque
1992 1397 2062 1435 ho-

1104 1459 1182 1496 die.
1227 1459 1329 1496 Haec
1374 1457 1423 1495 de
1466 1468 1512 1495 eo
1556 1458 1752 1495 Henricus
1780 1458 2065 1496 Gandavensis

1105 1532 1189 1571 cap.
1223 1521 1283 1558 44.
1314 1520 1429 1558 cuius
1453 1519 1556 1557 Petri
1588 1519 1828 1564 Sermones,
1861 1530 2068 1568 perperam

1105 1582 1259 1621 confusi
1294 1582 1315 1619 a
1347 1580 1550 1619 nonnullis
1574 1591 1667 1618 cum
1693 1579 1855 1618 PETRO
1883 1578 1929 1617 de
1956 1579 2068 1629 Riya,

1105 1644 1236 1682 adhuc
1278 1653 1492 1693 superesse
1529 1643 1821 1692 Manuscriptos
1870 1643 1907 1679 in
1950 1642 2071 1678 variis

1105 1705 1361 1744 Bibliothecis
1392 1709 1567 1743 testatur
1596 1704 1768 1742 Jacohus
1797 1703 1943 1750 Quetif.
1976 1707 2069 1740 tom.

1106 1769 1120 1806 4
1157 1779 1194 1818 p.
1227 1765 1317 1806 447.
1345 1766 1549 1804 disserens
1579 1765 1626 1804 de
1656 1765 1821 1804 PETRO
1864 1763 2068 1811 Romami,

1103 1830 1150 1869 ad
1182 1830 1256 1868 An.
1290 1828 1409 1868 4245.

1157 1891 1347 1931 PETRUS
1368 1888 1811 1937 praemonstratensis,
1833 1900 1968 1939 supra,
1997 1886 2072 1926 Pe-

1103 1957 1192 1992 trus
1221 1953 1268 1992 de
1298 1954 1439 1992 Lutra.

1155 2018 1294 2055 Frater
1334 2015 1529 2054 PETRUS
1559 2015 1608 2052 de
1639 2013 1831 2053 Umezow
1851 2043 1860 2060 ,
1889 2013 2072 2063 Praqen-

1098 2077 1180 2126 sis,
1210 2078 1444 2128 Theologiae
1476 2077 1692 2115 Professor.
1717 2075 1971 2114 Praedicator
1991 2076 2069 2114 Μο-

1101 2141 1265 2179 nasterii
1309 2140 1349 2179 S.
1392 2137 1642 2177 Clementis:
1676 2137 1802 2188 Hujus
1839 2136 2067 2183 revocatio,

1098 2200 1312 2252 recoquitz’o
1356 2204 1394 2238 et
1429 2199 1638 2251 potestatio
1669 2200 1770 2238 facta
1816 2201 1962 2249 Pragae
1993 2201 2069 2238 An.

1101 2262 1216 2302 4447.
1247 2263 1418 2301 Sabbato
1448 2266 1540 2300 ante
1580 2262 1827 2299 Dominicam
1857 2261 1996 2304 Oculi,
2028 2262 2064 2299 in

1100 2326 1273 2376 Collegio
1303 2324 1464 2371 Caroli,
1496 2334 1630 2361 coram
1671 2326 1752 2360 tota
1798 2321 2067 2360 Universitate

1099 2387 1230 2427 Studii
1260 2386 1499 2437 Pragensis,
1531 2389 1572 2422 et
1604 2386 1641 2421 in
1674 2384 1900 2434 praesentia
1933 2383 2069 2421 Scabi-

1103 2460 1242 2487 norum
1287 2453 1327 2485 et
1371 2446 1592 2485 Consulum
1639 2456 1684 2483 ac
1715 2445 2065 2483 Communitatum

1101 2511 1279 2548 omnium
1310 2509 1529 2547 Civitatum
1563 2508 1825 2556 Pragensium
1850 2509 1985 2543 exstat
2011 2506 2068 2542 in-

1099 2576 1161 2609 ter
1184 2571 1348 2609 Joannis
1372 2570 1489 2608 Hussi
1515 2569 1643 2617 Opera
1672 2571 1698 2603 t.
1729 2568 1752 2603 2
1778 2578 1814 2615 p.
1841 2566 1930 2604 365.
1957 2576 2040 2614 seq.

1154 2631 1344 2670 PETRUS
1367 2630 1486 2667 Prior
1503 2629 1542 2667 S.
1559 2629 1725 2666 Joannis
1741 2628 1963 2665 Senonensi
1987 2628 2062 2665 sub

1099 2692 1303 2731 Ludovico
1332 2691 1394 2728 Vl.
1426 2690 1574 2728 Galliae
1599 2690 1703 2739 Rege
1728 2689 1831 2726 circa
1862 2688 1906 2725 Α.
1948 2688 2063 2726 4448.

1098 2755 1160 2792 cui
1196 2754 1369 2803 Cangius
1402 2751 1542 2789 tribuit
1577 2750 1782 2787 historiam
1821 2750 2063 2786 Francorum

1098 2815 1395 2860 abbreviatam,
1437 2823 1558 2862 quam
1599 2821 1718 2860 supra
1751 2820 1837 2859 pag.
1870 2810 1959 2848 730.
1990 2809 2065 2847 sub

1098 2876 1260 2916 PETRO
1283 2874 1585 2914 Bibliothecario
1605 2872 1754 2911 referre
1775 2883 1837 2909 mc
1861 2872 2036 2909 memini.

1152 2937 1344 2976 PETRUS
1386 2935 1596 2974 Remensis
1642 2932 1761 2971 Prior
1805 2932 2064 2970 l‘rovineialis

1099 3000 1265 3038 fratrum
1275 2997 1595 3037 praedicatorum
1608 2995 1793 3032 Franciae
1804 2993 1938 3032 seculo
1958 2993 2064 3031 xiil.

1100 3064 1318 3111 vergente,
1349 3061 1519 3109 scriptor
1544 3058 1779 3096 Sermonum
1808 3054 1857 3093 de
1884 3060 2063 3104 tempore

1102 3127 1144 3159 et
1178 3121 1227 3160 de
1263 3122 1448 3167 Sanctis,
1498 3118 1684 3158 laudatus
1723 3117 1940 3155 Tritliemio
1977 3126 2062 3164 cap.

1102 3184 1193 3223 wi.
1229 3183 1331 3221 idem
1365 3187 1409 3221 ut
1438 3180 1599 3219 videtur
1623 3179 1671 3217 de
1701 3189 1778 3228 quo
1809 3188 1942 3228 supra.
1975 3178 2064 3214 Sei·-

1106 3255 1244 3283 mones
1275 3245 1359 3282 illos
1394 3243 1682 3292 manuscriptos
1728 3243 1922 3277 memorat
1965 3238 2063 3276 San-

1105 3307 1226 3344 dcrus
1250 3317 1336 3354 pag.
1356 3305 1444 3343 ⁴28.
1466 3304 1646 3342 Bibliotli.
1663 3302 1806 3352 Belgio.
1832 3306 1871 3339 ct
1893 3304 2004 3351 parte
2025 3299 2060 3337 2.
