2533 4009
459 254 535 290 206

463 326 596 360 testate
635 314 932 358 Ecclesiastico,
963 311 1221 348 Librariorum
1261 308 1406 346 incuria

461 388 646 432 coneptu
668 398 684 415 ε.
707 409 714 424 ‚
734 375 903 415 restituit
919 402 926 411 .
945 371 1146 420 ediditque
1164 370 1270 407 Rom.
1293 368 1407 406 4479.

513 442 730 495 ⁴-ipoloyiam
755 434 914 474 Ordinis
934 431 1239 482 .·1119nst1‘111'a1n‚
1261 431 1408 469 Guilel-

461 518 521 544 mo
546 498 843 547 liotlmmugensi
870 495 1062 534 Cardinali
1087 493 1255 531 dicatam
1275 522 1282 536 ,
1306 493 1345 529 L.
1371 494 1402 529 4.

511 567 562 602 De
586 563 661 600 vila
684 562 722 598 S.
743 557 925 598 Monieae
943 586 950 602 ,
971 556 1107 593 ,loanni
1130 555 1295 593 Senensi
1317 554 1408 603 Epi-

457 640 581 676 scopo·
601 626 804 668 Messinm,
835 625 874 657 et
904 621 1100 657 sacristae
1130 618 1230 656 Sixti
1261 617 1322 654 lV.
1352 615 1410 652 di-

455 694 565 726 cam.
599 687 634 723 l..
674 686 700 722 l.
733 685 840 721 Rom.
874 682 986 720 4479.
1021 681 1054 718 4.

508 749 559 785 De
589 747 667 784 vita
699 748 736 783 et
762 742 969 781 miraculis
999 743 1041 780 Β.
1069 740 1238 780 Helenae
1261 739 1306 778 dc
1333 740 1409 779 [fti-

453 822 522 854 no,
556 811 593 846 1-.
630 811 660 846 4.
689 807 735 845 ad
769 808 930 845 Paulum
964 806 1008 843 11.
1049 804 1275 842 Pontificem
1308 804 1406 840 Max.

502 872 708 909 Sermones
736 880 891 918 quoquc
926 868 1047 909 varii,
1082 868 1117 903 i..
1152 868 1186 904 4.

504 935 560 971 l’A
571 933 695 970 [Lus
718 930 764 970 de
788 932 826 969 S.
850 930 983 969 Maria
1001 958 1012 973 ,
1037 940 1176 978 supra,
1214 927 1408 966 PAULUS

451 994 676 1045 Bitryensis.

509 1058 565 1095 ΡΑ
576 1056 702 1095 [LL'S
728 1056 834 1092 Prior
861 1054 906 1092 ad
925 1055 963 1092 S.
985 1052 1164 1091 Mariam
1181 1051 1226 1089 de
1244 1049 1406 1101 Popul0‚

452 1120 574 1165 inira,
605 1120 659 1155 Pa
672 1116 761 1155 ulus
785 1115 830 1154 de
857 1118 987 1154 Roma.

505 1181 698 1219 PAL'LL’s
715 1176 1087 1228 JIiildelburyensis,
1105 1176 1270 1215 {veland
1280 1187 1325 1214 us
1342 1188 1407 1226 po-

453 1244 526 1279 sito
552 1243 710 1279 lovanii
747 1241 923 1278 tirocinio
960 1239 1181 1277 litterarum
1220 1238 1404 1288 editaque

452 1302 623 1355 Epistola
645 1302 691 1340 de
718 1300 907 1340 Pascliale
931 1299 1201 1348 observando,
1227 1299 1327 1337 etde
1345 1299 1406 1337 die

452 1365 652 1406 Passionis
669 1396 677 1411 ‚
704 1364 751 1402 ad
777 1364 1084 1402 Univcrsitatem
1117 1362 1404 1400 Lovaniensem

455 1440 525 1466 nee
547 1440 622 1465 non
651 1425 902 1476 Proynostico
919 1424 973 1463 ad
988 1423 1312 1464 Maoeimilianum
1326 1422 1406 1460 Au-

451 1490 644 1527 striaeum
670 1490 756 1525 siv-3
779 1489 949 1538 practica
972 1486 1020 1524 de
1045 1497 1180 1537 pravis
1196 1485 1407 1524 constella-

455 1552 653 1589 tionibus:
684 1550 886 1600 prosectus
921 1551 958 1586 in
1004 1548 1155 1587 ltaliam
1182 1578 1189 1592 .
1230 1547 1404 1586 Medicus

458 1613 578 1651 Ducis
607 1612 851 1651 L'rbinatium
877 1612 950 1650 An.
980 1611 1093 1650 1484.
1114 1611 1246 1649 Urbini
1267 1614 1403 1647 eontra

455 1677 645 1713 Joannem
671 1674 840 1712 Barbam
864 1673 987 1711 edidit
1016 1671 1278 1724 defensionem
1309 1672 1403 1708 Pro-

453 1736 636 1787 9nosllici
652 1767 659 1783 ,
682 1739 798 1786 alque
814 1734 1044 1773 invectivam
1064 1735 1102 1772 in
1117 1733 1404 1785 superstiosum

464 1801 614 1837 Vatem:
656 1800 861 1849 factusque
899 1797 987 1835 inde
1032 1798 1252 1847 Episcopus
1291 1797 1405 1833 Foro-

457 1863 795 1911 semproniensis⁷
821 1867 860 1898 et
887 1860 1142 1899 Pontificibus
1166 1859 1268 1897 ‚iulio
1296 1860 1339 1896 ll.
1364 1863 1403 1895 et

462 1927 577 1963 Leoni
605 1926 652 1963 X.
677 1925 822 1962 charus
849 1924 1020 1961 interfuit
1047 1923 1221 1960 Concilio
1249 1923 1402 1959 Latera-

460 1989 571 2025 nensi
600 1988 671 2025 An.
701 1987 815 2025 4543.
846 1985 1043 2034 rebusque
1085 1985 1268 2023 humanis
1301 1985 1405 2022 vale-

460 2051 559 2088 dixit
581 2051 723 2087 Romae
746 2049 818 2086 An.
847 2050 860 2086 4
873 2048 961 2086 534.
983 2052 1089 2085 aetat
1115 2049 1176 2084 89.
1206 2048 1269 2085 Vir
1310 2048 1409 2097 peri-

463 2114 642 2166 tissimus
658 2113 710 2149 rei
738 2110 1037 2148 Mathematicae
1064 2109 1248 2158 idemque
1283 2108 1406 2146 diser-

464 2177 689 2220 tissimum,
720 2184 834 2224 quem
863 2178 966 2210 teste
991 2172 1095 2222 apud
1114 2172 1310 2210 Valerium
1330 2171 1410 2209 An-

464 2238 596 2275 drean]
624 2248 708 2286 pagi.
736 2236 825 2273 716.
865 2236 1105 2281 Noviomago
1139 2233 1224 2286 ipsa
1264 2231 1406 2282 Italia,

462 2311 563 2351 quae
589 2298 671 2337 vult
692 2297 824 2336 videri
844 2296 1099 2335 Lacinisszma
1119 2326 1124 2343 ,
1155 2298 1407 2347 perorantem

463 2373 607 2412 magna
623 2372 710 2398 euni
726 2359 988 2397 admiracione
1003 2370 1118 2410 saepe
1132 2357 1296 2396 audivit.
1307 2358 1409 2396 Scri-

463 2426 539 2475 psit
564 2423 609 2461 de
634 2421 839 2461 Pascleatis
865 2419 1141 2459 observatione
1166 2420 1214 2458 ad
1238 2422 1406 2458 Leonem

465 2487 504 2524 X.
531 2484 652 2524 libros
676 2483 973 2536 quatuordecim
985 2513 993 2528 ‚
1010 2482 1114 2532 quod
1129 2494 1229 2533 opus
1245 2483 1409 2521 Summa

464 2547 638 2587 Paulina
662 2547 708 2586 de
732 2550 841 2585 recta
866 2545 1043 2585 Paschae
1068 2544 1328 2584 celebratione
1354 2547 1410 2583 in-

464 2612 660 2650 scribitur.
682 2610 825 2649 }’rodiit
843 2611 1155 2660 Forosempronii
1171 2610 1235 2647 454
1249 2609 1316 2646 3.4
1332 2620 1411 2646 una

464 2686 553 2713 cum
579 2672 693 2711 libris
717 2673 812 2711 XIX.
831 2671 876 2710 (le
892 2672 953 2710 die
966 2671 1166 2722 passionis
1185 2671 1411 2710 Dominicae

464 2737 510 2774 ad
541 2735 850 2774 Maximilianum
877 2735 1103 2773 Caesarem.
1127 2736 1210 2773 ix‘on
1228 2734 1332 2773 aliud
1349 2738 1411 2771 est

461 2799 562 2848 quod
587 2801 608 2837 a
635 2799 814 2836 Gesnero
833 2795 880 2834 de
899 2795 1168 2834 emendatione
1185 2794 1416 2835 Calendarii

468 2863 605 2911 ingens
633 2861 820 2899 volumen
848 2859 1086 2908 appellatur.
1133 2857 1415 2908 Proqnosticon

468 2923 667 2962 ostendens
695 2924 721 2961 „1
732 2935 803 2960 nno
824 2921 978 2960 Domini
997 2922 1109 2960 152¹».
1127 2920 1278 2958 nullutn
1296 2932 1416 2972 neque

472 2986 694 3024 waiversale
718 2996 840 3036 neque
863 2982 1114 3035 particulare
1139 2981 1330 3020 diluvium
1355 2981 1419 3034 fu-

473 3050 628 3095 lurum⁷
654 3049 860 3098 vulgatum
886 3047 1196 3096 Forosempronii
1224 3045 1337 3083 ⁴523.
1358 3046 1419 3083 vi-

473 3107 519 3144 de
546 3109 740 3147 Labheum
768 3114 864 3147 tom.
891 3110 913 3146 2
935 3108 983 3147 de
1010 3110 1047 3146 S.
1080 3109 1124 3147 E.
1150 3120 1184 3158 p.
1209 3108 1297 3145 474.

529 3170 543 3187 ¹
578 3170 651 3206 Viri
684 3171 799 3209 huius
829 3183 928 3221 opus
958 3170 1004 3210 de
1033 3170 1231 3209 Paschate
1260 3174 1299 3208 et
1335 3169 1418 3207 libri

477 3227 522 3264 de
547 3228 733 3268 I’assione
759 3233 913 3270 Domini
940 3245 1063 3272 unum
1095 3238 1190 3272 sunt
1221 3237 1260 3270 et
1290 3232 1418 3279 idem·‚

477 3291 589 3326 cuius
618 3294 744 3339 operis
775 3305 863 3342 pars
907 3297 1010 3345 prior
1040 3297 1118 3345 agit
1146 3295 1195 3333 de
1233 3294 1421 3333 l’aschate

479 3362 545 3387 sen
564 3351 610 3388 de
625 3353 831 3391 calendarii
850 3360 1089 3395 correctione
1110 3371 1119 3404 ;
1148 3358 1311 3396 alteram
1329 3366 1423 3394 vcro

1302 235 1582 275 PAULUS

1481 310 1631 355 partem
1663 308 1819 345 conficit
1838 311 2018 347 tractatio
2043 310 2091 347 de
2116 309 2190 356 die,
2217 320 2294 359 qua
2317 309 2428 349 Chri-

1481 373 1569 406 stus
1598 368 1715 406 Cruci
1740 370 1909 408 suffixus
1932 377 2004 409 est.
2041 373 2120 410 His,
2151 371 2278 409 tribus
2297 375 2338 409 et
2360 372 2429 409 tri-

1479 431 1586 479 ginta
1607 429 1740 475 libris,
1766 441 1932 479 quorum
1960 434 2020 471 44.
2046 433 2203 471 suntde
2225 432 2428 479 Paschate,·

1482 491 1618 541 reliqui
1650 492 1710 530 49.
1742 493 1795 530 De
1824 494 2035 541 Passione,
2065 495 2207 534 author
2248 495 2429 533 liberavit

1482 558 1754 603 nuncupatum
1786 565 1807 592 a
1842 565 1884 592 se
1916 560 2051 594 votum
2082 556 2276 596 scribendi
2308 554 2430 594 libros

1482 615 1666 653 xxxlli.
1689 614 1742 653 ad
1765 614 1920 654 vineam
1943 622 1982 654 ot
2003 628 2146 667 aqrum
2168 617 2320 656 Domini
2334 628 2429 669 per-

1481 679 1654 725 tinentes,
1688 682 1730 716 ut
1756 678 1837 728 ipse
1857 682 2029 716 testatur
2054 680 2090 716 in
2115 682 2243 730 operis
2266 681 2427 730 epilogo.

1483 740 1626 779 Prodiit
1668 751 1767 790 opus
1797 742 1832 778 in
1866 740 1928 778 fol.
1957 742 2046 789 {non
2079 742 2115 778 in
2147 742 2181 780 li.
2222 746 2264 781 ut
2302 742 2431 780 Fabri-

1481 805 1567 842 cius
1597 803 1743 852 scribit)
1762 803 2077 853 Forosempronii
2109 814 2174 841 an.
2197 805 2295 844 4543
2322 806 2431 843 [luno

1481 855 1610 903 'virum
1643 865 1886 915 Astrologiae
1917 869 2048 904 aetate
2078 875 2150 904 sua
2179 867 2396 917 principem
2421 894 2428 912 ,

1481 927 1651 977 appellat
1682 926 1811 965 Lucas
1841 926 1889 964 de
1928 927 2056 976 Burgo
2101 927 2140 966 S.
2183 927 2359 978 Sepulcri
2391 929 2430 965 in

1482 1000 1554 1027 sua
1582 989 1840 1036 Aritmetica,
1870 1000 1990 1038 quam
2020 988 2158 1040 grandi
2188 989 2266 1027 vol.
2294 989 2429 1029 ltalice

1481 1051 1604 1089 edidit
1634 1051 1811 1089 Venetiis
1842 1062 1904 1089 an.
1938 1051 2055 1089 4494.
2082 1050 2180 1089 Vide
2209 1052 2295 1090 eius
2325 1062 2435 1102 prae-

1482 1114 1667 1152 fationem
1698 1113 1746 1152 ad
1771 1113 1946 1152 Guidum
1971 1113 2165 1153 Ubaldum
2189 1113 2324 1152 Urbini
2348 1112 2369 1136 *
2392 1118 2432 1151 et

1481 1188 1598 1227 supra
1629 1175 1873 1215 PAClOLUS
1905 1176 2059 1224 Lucas.)

1534 1238 1728 1277 PAULUS
1752 1236 1987 1283 Monachus,
2005 1239 2025 1276 a
2043 1248 2138 1288 quo,
2155 1237 2305 1288 collega
2321 1237 2412 1276 STE

1481 1301 1646 1340 PHANO
1701 1299 1889 1352 Reyulam
1922 1299 2202 1339 Menaenorum
2243 1300 2430 1350 scriptam

1481 1363 1599 1402 tradit
1623 1363 1861 1413 Anonymus
1885 1362 2124 1402 Mellicensis
2145 1373 2231 1413 cap.
2256 1361 2322 1401 57.
2356 1363 2429 1401 Be-

1482 1425 1636 1464 nedicto
1660 1425 1812 1464 Aniano
1837 1427 1874 1462 in
1909 1424 2126 1465 Concordia
2165 1424 2430 1475 Regularum,

1479 1493 1518 1525 et
1542 1487 1756 1537 Smaragdo
1778 1489 1813 1525 in
1840 1487 2086 1537 expositione
2111 1485 2281 1537 Regulae
2299 1485 2337 1525 S.
2358 1486 2431 1524 Be-

1480 1549 1648 1598 nedicti,
1678 1549 1821 1588 Paulus
1847 1549 1909 1586 hic
1938 1553 1978 1587 et
2002 1548 2232 1598 Stephanus
2255 1547 2430 1586 Abbates

1479 1611 1741 1661 appellantur.
1765 1612 1911 1649 Eorum
1939 1609 2105 1661 Remulo,
2131 1611 2231 1649 XLI.
2251 1609 2432 1660 captibus

1478 1678 1693 1720 constans,
1716 1673 1875 1723 vulgata
1895 1677 1957 1711 est
1980 1673 2028 1711 ab
2054 1672 2258 1710 Holstenio
2287 1673 2324 1709 in
2357 1673 2430 1712 Co-

1478 1735 1563 1773 dice
1588 1735 1814 1785 regularum
1843 1739 1952 1785 parte
1977 1735 2014 1773 2.
2043 1745 2129 1785 pag.
2154 1733 2288 1773 46-52.

1534 1798 1725 1836 PAULUS
1755 1797 1952 1835 Diaconus
1976 1794 2286 1846 Neapolitanus,
2310 1806 2431 1846 Supra

1480 1862 1516 1898 in
1546 1858 1670 1898 Paulo
1703 1859 1872 1897 Diacono
1898 1870 1934 1908 p.
1957 1859 2047 1898 499.
2341 1896 2345 1898 .

1531 1921 1726 1961 PAULUS
1753 1920 1865 1959 Nivis
1891 1919 2199 1972 (Schnee-Boyel)
2227 1920 2433 1959 humanio-

1479 1997 1542 2023 res
1568 1985 1724 2023 litteras
1750 1995 1818 2034 pro
1854 1988 1975 2033 captu
1997 1994 2163 2022 suorum
2205 1986 2432 2033 temporum

1480 2047 1612 2085 docuit
1642 2046 1791 2095 Lipsiae
1811 2075 1820 2093 ⁷
1842 2049 2050 2095 superstes
2075 2044 2204 2084 adhuc
2227 2044 2303 2083 An.
2323 2043 2436 2083 4494.

1482 2109 1531 2147 de
1560 2120 1637 2158 quo
1662 2107 1907 2146 Trithemius
1935 2108 1983 2146 de
2007 2109 2045 2146 S.
2074 2108 2119 2146 E.
2143 2118 2232 2158 cap.
2272 2107 2361 2145 945.
2389 2105 2438 2144 de

1482 2170 1745 2210 luminaribus
1775 2171 2011 2209 Germaniae
2033 2181 2069 2208 c.
2089 2170 2178 2209 284.
2212 2169 2310 2220 Ejus
2344 2169 2443 2208 scri-

1483 2238 1546 2283 pta
1568 2246 1574 2270 :
1607 2230 1802 2283 Epistolae
1824 2230 2012 2284 formales
2031 2233 2116 2270 sive
2135 2232 2326 2270 formulae
2344 2232 2440 2270 scri-

1480 2295 1699 2334 bendarum
1725 2295 1993 2345 Epistolarum
2022 2295 2271 2338 breviorum,
2293 2293 2441 2332 medio-

1482 2360 1605 2396 crium
1628 2386 1636 2404 ,
1660 2358 1979 2408 longiorumque.
2005 2358 2060 2395 De
2088 2356 2329 2395 institutione
2354 2355 2442 2394 lati·
2511 2353 2513 2356 ’

1481 2419 1656 2459 nz'zandi.
1701 2418 1893 2470 Dialoyus
1938 2419 1979 2458 z'n
2018 2419 2185 2458 ‘idiotam
2224 2416 2380 2457 beatum
2408 2421 2444 2457 et

1482 2480 1637 2520 cloccum
1689 2481 2068 2533 Gymnosophislam.
2125 2480 2287 2521 Colores
2335 2480 2435 2520 artis

1482 2543 1718 2583 Rhetorices.
1755 2543 1857 2583 Visio
1888 2543 2097 2595 eujusdam
2121 2543 2321 2583 eremitae.

1539 2607 1643 2653 (243.
1681 2607 1735 2645 De
1782 2606 1945 2645 PAULO
1978 2606 2187 2646 Orlandini
2219 2601 2442 2645 Florentino

1485 2670 1584 2707 Mon.
1615 2669 1794 2707 Camald.
1828 2668 1921 2707 Vide
1950 2669 1981 2707 ,4.
2012 2668 2174 2719 Nigrum
2207 2669 2304 2707 Hist.
2344 2668 2442 2706 scri-

1484 2736 1537 2781 pt.
1557 2732 1581 2768 F
1587 2731 1724 2769 lorent.
1758 2730 1844 2768 lii-8.
1870 2735 1944 2768 ete.
1964 2731 2016 2768 lie
2055 2729 2140 2779 ejus
2164 2729 2363 2782 Heptatico
2378 2727 2446 2767 ad-

1488 2804 1632 2831 versus
1650 2793 1909 2830 Francisc.De
1925 2792 2055 2830 Mileto
2077 2792 2121 2830 V.
2140 2803 2259 2843 supra
2279 2791 2323 2831 ll.
2341 2791 2442 2840 604.)

1542 2854 1734 2893 PAULUS
1769 2853 1962 2902 Orosius,
1995 2864 2114 2904 supra
2145 2866 2182 2904 p.
2213 2854 2302 2894 466.
2327 2853 2445 2893 ORO-

1496 2919 1622 2957 SIUS.

1547 2980 1741 3019 PAULUS
1774 2979 2029 3027 Pannonius,
2061 2981 2297 3030 Presbyter,
2322 2980 2446 3030 scrip-

1492 3043 1543 3080 sit
1575 3042 1694 3080 libros
1723 3041 1823 3080 duos
1853 3042 1899 3080 de
1935 3041 2164 3093 Viryinitate
2191 3039 2390 3081 servanda
2410 3044 2448 3079 ec

1493 3106 1686 3142 contemtu
1715 3103 1877 3151 Mundi,
1907 3115 1955 3142 ac
1984 3104 2092 3143 vitae
2129 3102 2369 3142 institutione
2395 3102 2444 3142 ad

1494 3167 1765 3205 Constantiam
1799 3168 2007 3218 virginem.
2034 3168 2076 3206 ln
2103 3166 2179 3204 illis
2202 3163 2353 3215 pridem
2378 3163 2446 3202 de-

1493 3229 1656 3280 perditis
1675 3229 1931 3280 reprehendit
1951 3230 2054 3267 inter
2075 3227 2151 3266 alia
2177 3226 2443 3274 minianum,

1495 3296 1596 3329 teste
1626 3291 1829 3330 Gennadio
1870 3302 1956 3341 cap.
1998 3292 2064 3330 75.
2101 3288 2296 3328 adversus
2324 3299 2444 3337 quem

1497 3355 1655 3405 scripsit
1676 3355 1715 3392 S.
1735 3355 2010 3404 Hieronymus,
2026 3353 2069 3390 In
2086 3349 2323 3401 quibusdam
2341 3349 2443 3388 Gen-
