<?xml version="1.0" encoding="UTF-8"?>
<!DOCTYPE html PUBLIC "-//W3C//DTD XHTML 1.0 Transitional//EN"
    "http://www.w3.org/TR/xhtml1/DTD/xhtml1-transitional.dtd">
<html xmlns="http://www.w3.org/1999/xhtml" xml:lang="en" lang="en">
 <head>
  <title>
</title>
<meta http-equiv="Content-Type" content="text/html;charset=utf-8" />
  <meta name='ocr-system' content='tesseract 3.04.00' />
  <meta name='ocr-capabilities' content='ocr_page ocr_carea ocr_par ocr_line ocrx_word'/>
</head>
<body>
  <div class='ocr_page' id='page_1' title='image "./bibliothecalatin05fabruoft/bibliothecalatin05fabruoft_0373.png"; bbox 0 0 2517 4009; ppageno 0'>
   <div class='ocr_carea' id='block_1_1' title="bbox 865 233 1239 274">
    <p class='ocr_par' dir='ltr' id='par_1_1' title="bbox 865 233 1239 274">
     <span class='ocr_line' id='line_1_1' title="bbox 865 233 1239 274; baseline -0.003 -1"><span class='ocrx_word' id='word_1_1' title='bbox 865 233 1239 274; x_wconf 82' lang='lat' dir='ltr'><strong>REMlGlUS</strong></span> 
     </span>
    </p>
   </div>
   <div class='ocr_carea' id='block_1_2' title="bbox 51 302 1033 3269">
    <p class='ocr_par' dir='ltr' id='par_1_2' title="bbox 57 302 1024 665">
     <span class='ocr_line' id='line_1_2' title="bbox 63 302 1022 353; baseline -0.001 -9"><span class='ocrx_word' id='word_1_2' title='bbox 63 316 248 344; x_wconf 78' lang='lat' dir='ltr'><strong>sermone</strong></span> <span class='ocrx_word' id='word_1_3' title='bbox 292 303 339 341; x_wconf 71' lang='lat' dir='ltr'><strong>(Ie</strong></span> <span class='ocrx_word' id='word_1_4' title='bbox 381 303 460 341; x_wconf 81' lang='lat' dir='ltr'><strong>situ</strong></span> <span class='ocrx_word' id='word_1_5' title='bbox 503 302 744 353; x_wconf 69' lang='lat' dir='ltr'><strong>Sardiniae·7</strong></span> <span class='ocrx_word' id='word_1_6' title='bbox 777 304 824 343; x_wconf 78' lang='lat' dir='ltr'><strong>(le</strong></span> <span class='ocrx_word' id='word_1_7' title='bbox 852 304 1022 344; x_wconf 72' lang='lat' dir='ltr'><strong>victoria</strong></span> 
     </span>
     <span class='ocr_line' id='line_1_3' title="bbox 61 363 1022 420; baseline 0.001 -14"><span class='ocrx_word' id='word_1_8' title='bbox 61 368 101 406; x_wconf 91' lang='lat' dir='ltr'><strong>S.</strong></span> <span class='ocrx_word' id='word_1_9' title='bbox 145 363 349 406; x_wconf 77' lang='lat' dir='ltr'><strong>Michaelis</strong></span> <span class='ocrx_word' id='word_1_10' title='bbox 393 364 658 415; x_wconf 70' lang='lat' dir='ltr'><strong>Archanqeli:</strong></span> <span class='ocrx_word' id='word_1_11' title='bbox 706 366 844 418; x_wconf 78' lang='lat' dir='ltr'><strong>hymni</strong></span> <span class='ocrx_word' id='word_1_12' title='bbox 877 372 1022 420; x_wconf 80' lang='lat' dir='ltr'><em>septem</em></span> 
     </span>
     <span class='ocr_line' id='line_1_4' title="bbox 62 426 1024 479; baseline 0.002 -13"><span class='ocrx_word' id='word_1_13' title='bbox 62 426 202 468; x_wconf 81' lang='lat' dir='ltr'><strong>breves</strong></span> <span class='ocrx_word' id='word_1_14' title='bbox 226 427 272 466; x_wconf 79' lang='lat' dir='ltr'><strong>(Ie</strong></span> <span class='ocrx_word' id='word_1_15' title='bbox 293 427 449 479; x_wconf 80' lang='lat' dir='ltr'><em>Spiritu</em></span> <span class='ocrx_word' id='word_1_16' title='bbox 480 429 637 467; x_wconf 71' lang='lat' dir='ltr'><strong>Sancto</strong></span> <span class='ocrx_word' id='word_1_17' title='bbox 667 431 783 469; x_wconf 81' lang='lat' dir='ltr'><strong>Prosa</strong></span> <span class='ocrx_word' id='word_1_18' title='bbox 810 441 904 469; x_wconf 89' lang='lat' dir='ltr'><strong>vero</strong></span> <span class='ocrx_word' id='word_1_19' title='bbox 929 432 1024 469; x_wconf 89' lang='lat' dir='ltr'><strong>scri-</strong></span> 
     </span>
     <span class='ocr_line' id='line_1_5' title="bbox 59 486 1024 542; baseline 0.003 -15"><span class='ocrx_word' id='word_1_20' title='bbox 59 490 138 541; x_wconf 90' lang='lat' dir='ltr'><strong>psit</strong></span> <span class='ocrx_word' id='word_1_21' title='bbox 171 489 216 528; x_wconf 81' lang='lat' dir='ltr'><strong>de</strong></span> <span class='ocrx_word' id='word_1_22' title='bbox 232 488 354 540; x_wconf 74' lang='lat' dir='ltr'><strong>yestz‘s</strong></span> <span class='ocrx_word' id='word_1_23' title='bbox 374 488 400 526; x_wconf 84' lang='grc' dir='ltr'><strong><em>Α</em></strong></span> <span class='ocrx_word' id='word_1_24' title='bbox 411 486 574 527; x_wconf 76' lang='grc' dir='ltr'><strong>ὂὸαῑιιηι</strong></span> <span class='ocrx_word' id='word_1_25' title='bbox 596 494 632 528; x_wconf 88' lang='lat' dir='ltr'><strong>et</strong></span> <span class='ocrx_word' id='word_1_26' title='bbox 650 489 831 542; x_wconf 71' lang='lat' dir='ltr'><strong>fratrum</strong></span> <span class='ocrx_word' id='word_1_27' title='bbox 853 493 893 529; x_wconf 84' lang='lat' dir='ltr'><strong>S.</strong></span> <span class='ocrx_word' id='word_1_28' title='bbox 923 493 1024 530; x_wconf 79' lang='lat' dir='ltr'><strong>Lau—</strong></span> 
     </span>
     <span class='ocr_line' id='line_1_6' title="bbox 58 551 1021 604; baseline 0.001 -14"><span class='ocrx_word' id='word_1_29' title='bbox 58 551 188 590; x_wconf 76' lang='lat' dir='ltr'><strong>rentii.</strong></span> <span class='ocrx_word' id='word_1_30' title='bbox 219 552 255 600; x_wconf 89' lang='lat' dir='ltr'><strong>a)</strong></span> <span class='ocrx_word' id='word_1_31' title='bbox 286 552 487 590; x_wconf 75' lang='lat' dir='ltr'><strong>Lauream</strong></span> <span class='ocrx_word' id='word_1_32' title='bbox 512 553 822 604; x_wconf 69' lang='lat' dir='ltr'><strong>pereyrinorum</strong></span> <span class='ocrx_word' id='word_1_33' title='bbox 863 555 1021 593; x_wconf 84' lang='lat' dir='ltr'><strong>Jeroso-</strong></span> 
     </span>
     <span class='ocr_line' id='line_1_7' title="bbox 57 611 614 665; baseline 0.002 -13"><span class='ocrx_word' id='word_1_34' title='bbox 57 611 340 665; x_wconf 79' lang='lat' dir='ltr'><strong>lymitanorum</strong></span> <span class='ocrx_word' id='word_1_35' title='bbox 368 611 484 651; x_wconf 79' lang='lat' dir='ltr'><strong>libris</strong></span> <span class='ocrx_word' id='word_1_36' title='bbox 516 615 614 653; x_wconf 85' lang='lat' dir='ltr'><strong><em>XIV.</em></strong></span> 
     </span>
    </p>

    <p class='ocr_par' dir='ltr' id='par_1_3' title="bbox 52 673 1022 1211">
     <span class='ocr_line' id='line_1_8' title="bbox 110 673 1021 728; baseline 0.003 -15"><span class='ocrx_word' id='word_1_37' title='bbox 110 673 222 713; x_wconf 87' lang='lat' dir='ltr'><strong>Adde.</strong></span> <span class='ocrx_word' id='word_1_38' title='bbox 252 675 336 714; x_wconf 87' lang='lat' dir='ltr'><strong>Val.</strong></span> <span class='ocrx_word' id='word_1_39' title='bbox 367 674 550 714; x_wconf 75' lang='lat' dir='ltr'>Andreae</span> <span class='ocrx_word' id='word_1_40' title='bbox 579 677 676 715; x_wconf 93' lang='lat' dir='ltr'><strong>Bibl.</strong></span> <span class='ocrx_word' id='word_1_41' title='bbox 703 678 902 727; x_wconf 79' lang='lat' dir='ltr'><strong>Belgicam</strong></span> <span class='ocrx_word' id='word_1_42' title='bbox 933 689 1021 728; x_wconf 79' lang='lat' dir='ltr'><strong>pag.</strong></span> 
     </span>
     <span class='ocr_line' id='line_1_9' title="bbox 56 736 1018 789; baseline 0.002 -14"><span class='ocrx_word' id='word_1_43' title='bbox 56 736 146 775; x_wconf 87' lang='lat'>789.</span> <span class='ocrx_word' id='word_1_44' title='bbox 177 736 268 775; x_wconf 86' lang='lat'><strong>790.</strong></span> <span class='ocrx_word' id='word_1_45' title='bbox 297 741 337 775; x_wconf 86' lang='lat' dir='ltr'><strong>et</strong></span> <span class='ocrx_word' id='word_1_46' title='bbox 369 737 588 777; x_wconf 87' lang='lat' dir='ltr'><strong>Swertium</strong></span> <span class='ocrx_word' id='word_1_47' title='bbox 621 749 704 789; x_wconf 82' lang='lat' dir='ltr'><strong>pag.</strong></span> <span class='ocrx_word' id='word_1_48' title='bbox 738 740 827 778; x_wconf 71' lang='lat'><strong>652.</strong></span> <span class='ocrx_word' id='word_1_49' title='bbox 873 741 939 789; x_wconf 87' lang='lat' dir='ltr'><strong>qui</strong></span> <span class='ocrx_word' id='word_1_50' title='bbox 971 751 1018 777; x_wconf 78' lang='lat' dir='ltr'><strong>ex</strong></span> 
     </span>
     <span class='ocr_line' id='line_1_10' title="bbox 55 798 1019 851; baseline 0.002 -14"><span class='ocrx_word' id='word_1_51' title='bbox 55 809 136 838; x_wconf 89' lang='lat' dir='ltr'><strong>uno</strong></span> <span class='ocrx_word' id='word_1_52' title='bbox 163 798 264 837; x_wconf 87' lang='lat' dir='ltr'><strong>duos</strong></span> <span class='ocrx_word' id='word_1_53' title='bbox 296 799 475 845; x_wconf 83' lang='lat' dir='ltr'><strong>faciunt,</strong></span> <span class='ocrx_word' id='word_1_54' title='bbox 508 810 634 838; x_wconf 91' lang='lat' dir='ltr'><strong>unum</strong></span> <span class='ocrx_word' id='word_1_55' title='bbox 655 831 665 848; x_wconf 88' lang='lat'><em>,</em></span> <span class='ocrx_word' id='word_1_56' title='bbox 698 803 764 851; x_wconf 88' lang='lat' dir='ltr'><strong>qui</strong></span> <span class='ocrx_word' id='word_1_57' title='bbox 799 801 1019 839; x_wconf 74' lang='lat' dir='ltr'><em>Historiam</em></span> 
     </span>
     <span class='ocr_line' id='line_1_11' title="bbox 54 859 1022 912; baseline 0.001 -12"><span class='ocrx_word' id='word_1_58' title='bbox 54 859 333 910; x_wconf 83' lang='lat' dir='ltr'><strong>Leodiensem‚</strong></span> <span class='ocrx_word' id='word_1_59' title='bbox 365 861 537 900; x_wconf 84' lang='lat' dir='ltr'><strong>alterum</strong></span> <span class='ocrx_word' id='word_1_60' title='bbox 563 863 631 912; x_wconf 93' lang='lat' dir='ltr'><strong>qui</strong></span> <span class='ocrx_word' id='word_1_61' title='bbox 662 863 789 902; x_wconf 77' lang='lat' dir='ltr'><strong>Vitam</strong></span> <span class='ocrx_word' id='word_1_62' title='bbox 821 861 1022 903; x_wconf 78' lang='lat' dir='ltr'><strong>Wolboclo-</strong></span> 
     </span>
     <span class='ocr_line' id='line_1_12' title="bbox 53 922 1021 975; baseline 0.003 -14"><span class='ocrx_word' id='word_1_63' title='bbox 53 922 116 962; x_wconf 80' lang='lat' dir='ltr'><strong>nis</strong></span> <span class='ocrx_word' id='word_1_64' title='bbox 130 923 349 973; x_wconf 76' lang='lat' dir='ltr'><strong>scripserit.</strong></span> <span class='ocrx_word' id='word_1_65' title='bbox 367 923 615 962; x_wconf 78' lang='lat' dir='ltr'><strong>conferenda</strong></span> <span class='ocrx_word' id='word_1_66' title='bbox 637 935 797 975; x_wconf 84' lang='lat' dir='ltr'><strong>quoque</strong></span> <span class='ocrx_word' id='word_1_67' title='bbox 819 929 882 964; x_wconf 83' lang='lat' dir='ltr'><strong>est</strong></span> <span class='ocrx_word' id='word_1_68' title='bbox 907 927 1021 964; x_wconf 83' lang='lat' dir='ltr'><strong>Prae-</strong></span> 
     </span>
     <span class='ocr_line' id='line_1_13' title="bbox 55 984 1021 1026; baseline 0.002 -3"><span class='ocrx_word' id='word_1_69' title='bbox 55 985 146 1024; x_wconf 81' lang='lat' dir='ltr'><strong>fatio</strong></span> <span class='ocrx_word' id='word_1_70' title='bbox 179 986 281 1023; x_wconf 87' lang='lat' dir='ltr'><strong>Pezii</strong></span> <span class='ocrx_word' id='word_1_71' title='bbox 312 984 361 1023; x_wconf 89' lang='lat' dir='ltr'><strong>ad</strong></span> <span class='ocrx_word' id='word_1_72' title='bbox 392 989 544 1023; x_wconf 90' lang='lat' dir='ltr'><strong>tomum</strong></span> <span class='ocrx_word' id='word_1_73' title='bbox 574 986 635 1024; x_wconf 90' lang='lat' dir='ltr'><strong>lV.</strong></span> <span class='ocrx_word' id='word_1_74' title='bbox 658 986 852 1026; x_wconf 78' lang='lat' dir='ltr'><strong>Thesauri</strong></span> <span class='ocrx_word' id='word_1_75' title='bbox 887 989 1021 1025; x_wconf 89' lang='lat' dir='ltr'><strong>novis-</strong></span> 
     </span>
     <span class='ocr_line' id='line_1_14' title="bbox 53 1048 1021 1100; baseline 0.002 -14"><span class='ocrx_word' id='word_1_76' title='bbox 53 1048 156 1095; x_wconf 85' lang='lat' dir='ltr'><em>simi,</em></span> <span class='ocrx_word' id='word_1_77' title='bbox 178 1058 257 1098; x_wconf 91' lang='lat' dir='ltr'><strong>qua</strong></span> <span class='ocrx_word' id='word_1_78' title='bbox 280 1051 414 1086; x_wconf 87' lang='lat' dir='ltr'><strong>tamen</strong></span> <span class='ocrx_word' id='word_1_79' title='bbox 442 1048 497 1086; x_wconf 91' lang='lat' dir='ltr'><strong>uti</strong></span> <span class='ocrx_word' id='word_1_80' title='bbox 522 1058 598 1086; x_wconf 90' lang='lat' dir='ltr'><strong>non</strong></span> <span class='ocrx_word' id='word_1_81' title='bbox 623 1050 745 1098; x_wconf 80' lang='lat' dir='ltr'><strong>potui,</strong></span> <span class='ocrx_word' id='word_1_82' title='bbox 767 1051 859 1100; x_wconf 84' lang='lat' dir='ltr'><strong>quia</strong></span> <span class='ocrx_word' id='word_1_83' title='bbox 885 1061 1021 1088; x_wconf 78' lang='lat' dir='ltr'><strong>exem-</strong></span> 
     </span>
     <span class='ocr_line' id='line_1_15' title="bbox 53 1109 1021 1162; baseline 0.001 -14"><span class='ocrx_word' id='word_1_84' title='bbox 53 1109 190 1159; x_wconf 84' lang='lat' dir='ltr'><strong>plum,</strong></span> <span class='ocrx_word' id='word_1_85' title='bbox 223 1121 303 1160; x_wconf 90' lang='lat' dir='ltr'><strong>quo</strong></span> <span class='ocrx_word' id='word_1_86' title='bbox 350 1109 517 1158; x_wconf 85' lang='lat' dir='ltr'><strong>utebar,</strong></span> <span class='ocrx_word' id='word_1_87' title='bbox 563 1110 626 1149; x_wconf 89' lang='lat' dir='ltr'><strong>illa</strong></span> <span class='ocrx_word' id='word_1_88' title='bbox 671 1111 857 1154; x_wconf 85' lang='lat' dir='ltr'><strong>carebat,</strong></span> <span class='ocrx_word' id='word_1_89' title='bbox 892 1123 1021 1162; x_wconf 87' lang='lat' dir='ltr'><strong>neque</strong></span> 
     </span>
     <span class='ocr_line' id='line_1_16' title="bbox 52 1171 550 1211; baseline -0.002 -1"><span class='ocrx_word' id='word_1_90' title='bbox 52 1171 159 1211; x_wconf 85' lang='lat' dir='ltr'><strong>aliud</strong></span> <span class='ocrx_word' id='word_1_91' title='bbox 193 1172 241 1211; x_wconf 90' lang='lat' dir='ltr'><strong>ad</strong></span> <span class='ocrx_word' id='word_1_92' title='bbox 273 1183 421 1211; x_wconf 87' lang='lat' dir='ltr'><strong>manus</strong></span> <span class='ocrx_word' id='word_1_93' title='bbox 451 1177 550 1210; x_wconf 88' lang='lat' dir='ltr'><strong>erat.</strong></span> 
     </span>
    </p>

    <p class='ocr_par' dir='ltr' id='par_1_4' title="bbox 51 1233 1022 1655">
     <span class='ocr_line' id='line_1_17' title="bbox 105 1233 1020 1285; baseline 0 -13"><span class='ocrx_word' id='word_1_94' title='bbox 105 1235 396 1273; x_wconf 75' lang='lat' dir='ltr'><strong>REINARDUS</strong></span> <span class='ocrx_word' id='word_1_95' title='bbox 426 1233 724 1285; x_wconf 77' lang='lat' dir='ltr'><strong>Confluentinus</strong></span> <span class='ocrx_word' id='word_1_96' title='bbox 747 1264 754 1279; x_wconf 70' lang='grc'>.,</span> <span class='ocrx_word' id='word_1_97' title='bbox 781 1235 1020 1282; x_wconf 88' lang='lat' dir='ltr'><strong>Germanus,</strong></span> 
     </span>
     <span class='ocr_line' id='line_1_18' title="bbox 52 1294 1016 1346; baseline 0 -12"><span class='ocrx_word' id='word_1_98' title='bbox 52 1294 187 1334; x_wconf 88' lang='lat' dir='ltr'><strong>Abbas</strong></span> <span class='ocrx_word' id='word_1_99' title='bbox 209 1295 301 1333; x_wconf 90' lang='lat' dir='ltr'><strong>Ord.</strong></span> <span class='ocrx_word' id='word_1_100' title='bbox 327 1297 366 1335; x_wconf 93' lang='lat' dir='ltr'><strong>S.</strong></span> <span class='ocrx_word' id='word_1_101' title='bbox 393 1295 624 1343; x_wconf 79' lang='lat' dir='ltr'>Benedicti,</span> <span class='ocrx_word' id='word_1_102' title='bbox 657 1298 846 1346; x_wconf 81' lang='lat' dir='ltr'><strong>exposuit</strong></span> <span class='ocrx_word' id='word_1_103' title='bbox 872 1297 1016 1335; x_wconf 90' lang='lat' dir='ltr'><strong>librum</strong></span> 
     </span>
     <span class='ocr_line' id='line_1_19' title="bbox 53 1356 1022 1404; baseline 0.002 -10"><span class='ocrx_word' id='word_1_104' title='bbox 53 1356 152 1404; x_wconf 89' lang='lat' dir='ltr'><strong>.lob‚</strong></span> <span class='ocrx_word' id='word_1_105' title='bbox 184 1357 422 1395; x_wconf 75' lang='lat' dir='ltr'><strong>psalterium</strong></span> <span class='ocrx_word' id='word_1_106' title='bbox 449 1356 639 1404; x_wconf 82' lang='lat' dir='ltr'><strong>Davidis‚</strong></span> <span class='ocrx_word' id='word_1_107' title='bbox 664 1357 827 1396; x_wconf 82' lang='lat' dir='ltr'>Esaiam</span> <span class='ocrx_word' id='word_1_108' title='bbox 857 1362 898 1396; x_wconf 90' lang='lat' dir='ltr'><strong>et</strong></span> <span class='ocrx_word' id='word_1_109' title='bbox 923 1359 1022 1396; x_wconf 87' lang='lat' dir='ltr'><strong>Eze-</strong></span> 
     </span>
     <span class='ocr_line' id='line_1_20' title="bbox 51 1417 1022 1470; baseline 0.001 -13"><span class='ocrx_word' id='word_1_110' title='bbox 51 1417 221 1457; x_wconf 88' lang='lat' dir='ltr'><strong>chielem</strong></span> <span class='ocrx_word' id='word_1_111' title='bbox 254 1417 494 1468; x_wconf 82' lang='lat' dir='ltr'><strong>prophetas,</strong></span> <span class='ocrx_word' id='word_1_112' title='bbox 525 1418 633 1457; x_wconf 84' lang='lat' dir='ltr'><strong>Pauli</strong></span> <span class='ocrx_word' id='word_1_113' title='bbox 659 1418 838 1469; x_wconf 79' lang='lat' dir='ltr'><strong>Apostoli</strong></span> <span class='ocrx_word' id='word_1_114' title='bbox 863 1420 1022 1470; x_wconf 85' lang='lat' dir='ltr'><strong>Episto-</strong></span> 
     </span>
     <span class='ocr_line' id='line_1_21' title="bbox 53 1478 1022 1520; baseline 0 -2"><span class='ocrx_word' id='word_1_115' title='bbox 53 1479 112 1518; x_wconf 91' lang='lat' dir='ltr'><strong>las</strong></span> <span class='ocrx_word' id='word_1_116' title='bbox 140 1490 292 1518; x_wconf 88' lang='lat' dir='ltr'><strong>omnes.</strong></span> <span class='ocrx_word' id='word_1_117' title='bbox 324 1478 496 1518; x_wconf 81' lang='lat' dir='ltr'>Vivebat</span> <span class='ocrx_word' id='word_1_118' title='bbox 526 1491 560 1518; x_wconf 86' lang='lat' dir='ltr'><strong>a.</strong></span> <span class='ocrx_word' id='word_1_119' title='bbox 595 1480 714 1518; x_wconf 87' lang='grc'>1096.</span> <span class='ocrx_word' id='word_1_120' title='bbox 746 1482 849 1520; x_wconf 87' lang='lat' dir='ltr'><strong>Haec</strong></span> <span class='ocrx_word' id='word_1_121' title='bbox 880 1493 929 1520; x_wconf 80' lang='lat' dir='ltr'><strong>ex</strong></span> <span class='ocrx_word' id='word_1_122' title='bbox 957 1482 1022 1520; x_wconf 89' lang='lat' dir='ltr'><strong>Ei—</strong></span> 
     </span>
     <span class='ocr_line' id='line_1_22' title="bbox 52 1541 1022 1594; baseline 0.001 -13"><span class='ocrx_word' id='word_1_123' title='bbox 52 1541 282 1592; x_wconf 84' lang='lat' dir='ltr'><strong>sengreinio</strong></span> <span class='ocrx_word' id='word_1_124' title='bbox 315 1542 561 1580; x_wconf 76' lang='lat' dir='ltr'><strong>possevinus</strong></span> <span class='ocrx_word' id='word_1_125' title='bbox 595 1546 693 1580; x_wconf 87' lang='lat' dir='ltr'><strong>tom.</strong></span> <span class='ocrx_word' id='word_1_126' title='bbox 726 1544 757 1581; x_wconf 81' lang='grc' dir='ltr'><strong>ΙΙ</strong></span> <span class='ocrx_word' id='word_1_127' title='bbox 788 1544 1022 1594; x_wconf 75' lang='lat' dir='ltr'><strong>Apparatus</strong></span> 
     </span>
     <span class='ocr_line' id='line_1_23' title="bbox 54 1603 258 1655; baseline -0.005 -13"><span class='ocrx_word' id='word_1_128' title='bbox 54 1614 140 1655; x_wconf 81' lang='lat' dir='ltr'><strong>pag.</strong></span> <span class='ocrx_word' id='word_1_129' title='bbox 165 1603 258 1643; x_wconf 89' lang='grc'>319.</span> 
     </span>
    </p>

    <p class='ocr_par' dir='ltr' id='par_1_5' title="bbox 53 1663 1027 2154">
     <span class='ocr_line' id='line_1_24' title="bbox 108 1663 1022 1716; baseline 0.001 -13"><span class='ocrx_word' id='word_1_130' title='bbox 108 1663 432 1704; x_wconf 78' lang='lat' dir='ltr'><strong>RElNllARDUS</strong></span> <span class='ocrx_word' id='word_1_131' title='bbox 460 1664 508 1704; x_wconf 83' lang='lat' dir='ltr'><strong>de</strong></span> <span class='ocrx_word' id='word_1_132' title='bbox 533 1666 784 1707; x_wconf 75' lang='lat' dir='ltr'><strong>Fronthoven</strong></span> <span class='ocrx_word' id='word_1_133' title='bbox 803 1699 814 1716; x_wconf 86' lang='lat'><em>‚</em></span> <span class='ocrx_word' id='word_1_134' title='bbox 836 1667 900 1706; x_wconf 89' lang='lat' dir='ltr'><strong>alii</strong></span> <span class='ocrx_word' id='word_1_135' title='bbox 927 1668 1022 1706; x_wconf 87' lang='lat' dir='ltr'><strong>scri-</strong></span> 
     </span>
     <span class='ocr_line' id='line_1_25' title="bbox 53 1727 1023 1777; baseline 0.003 -12"><span class='ocrx_word' id='word_1_136' title='bbox 53 1727 155 1766; x_wconf 89' lang='lat' dir='ltr'><strong>bunt</strong></span> <span class='ocrx_word' id='word_1_137' title='bbox 172 1727 408 1767; x_wconf 68' lang='lat' dir='ltr'><strong>Bernartius</strong></span> <span class='ocrx_word' id='word_1_138' title='bbox 429 1727 476 1767; x_wconf 83' lang='lat' dir='ltr'><strong>de</strong></span> <span class='ocrx_word' id='word_1_139' title='bbox 498 1728 773 1777; x_wconf 73' lang='lat' dir='ltr'><strong>Franchoven,</strong></span> <span class='ocrx_word' id='word_1_140' title='bbox 800 1729 1023 1768; x_wconf 88' lang='lat' dir='ltr'><strong>monachus</strong></span> 
     </span>
     <span class='ocr_line' id='line_1_26' title="bbox 54 1788 1023 1831; baseline 0.003 -4"><span class='ocrx_word' id='word_1_141' title='bbox 54 1788 149 1828; x_wconf 92' lang='lat' dir='ltr'><strong>Ord.</strong></span> <span class='ocrx_word' id='word_1_142' title='bbox 184 1790 507 1830; x_wconf 70' lang='lat' dir='ltr'><strong>praedicatorum</strong></span> <span class='ocrx_word' id='word_1_143' title='bbox 541 1792 577 1829; x_wconf 92' lang='lat' dir='ltr'><strong>in</strong></span> <span class='ocrx_word' id='word_1_144' title='bbox 609 1797 814 1830; x_wconf 87' lang='lat' dir='ltr'><strong>conventu</strong></span> <span class='ocrx_word' id='word_1_145' title='bbox 861 1792 1023 1831; x_wconf 87' lang='lat' dir='ltr'><strong>Conflu-</strong></span> 
     </span>
     <span class='ocr_line' id='line_1_27' title="bbox 55 1853 1026 1905; baseline 0.002 -15"><span class='ocrx_word' id='word_1_146' title='bbox 55 1853 218 1900; x_wconf 85' lang='lat' dir='ltr'><strong>entino,</strong></span> <span class='ocrx_word' id='word_1_147' title='bbox 247 1854 350 1892; x_wconf 88' lang='lat' dir='ltr'><strong>circa</strong></span> <span class='ocrx_word' id='word_1_148' title='bbox 381 1865 417 1891; x_wconf 88' lang='lat' dir='ltr'><strong>a.</strong></span> <span class='ocrx_word' id='word_1_149' title='bbox 447 1853 565 1893; x_wconf 79' lang='grc' dir='ltr'>1Ιι10.</span> <span class='ocrx_word' id='word_1_150' title='bbox 597 1854 770 1905; x_wconf 77' lang='lat' dir='ltr'><strong>Scripsit</strong></span> <span class='ocrx_word' id='word_1_151' title='bbox 813 1856 1026 1894; x_wconf 79' lang='lat' dir='ltr'><strong>Sermones</strong></span> 
     </span>
     <span class='ocr_line' id='line_1_28' title="bbox 59 1911 1020 1966; baseline 0.002 -14"><span class='ocrx_word' id='word_1_152' title='bbox 59 1911 105 1952; x_wconf 84' lang='lat' dir='ltr'><strong>de</strong></span> <span class='ocrx_word' id='word_1_153' title='bbox 129 1916 300 1966; x_wconf 85' lang='lat' dir='ltr'><strong>tempore</strong></span> <span class='ocrx_word' id='word_1_154' title='bbox 321 1919 361 1954; x_wconf 88' lang='lat' dir='ltr'><strong>et</strong></span> <span class='ocrx_word' id='word_1_155' title='bbox 381 1915 552 1955; x_wconf 76' lang='lat' dir='ltr'><strong>Sanctis.</strong></span> <span class='ocrx_word' id='word_1_156' title='bbox 584 1916 830 1956; x_wconf 82' lang='lat' dir='ltr'><strong>Trithemius</strong></span> <span class='ocrx_word' id='word_1_157' title='bbox 859 1928 892 1956; x_wconf 89' lang='lat' dir='ltr'><strong>c.</strong></span> <span class='ocrx_word' id='word_1_158' title='bbox 933 1914 1020 1955; x_wconf 79' lang='grc'>715.</span> 
     </span>
     <span class='ocr_line' id='line_1_29' title="bbox 59 1977 1027 2028; baseline 0.002 -15"><span class='ocrx_word' id='word_1_159' title='bbox 59 1979 141 2016; x_wconf 85' lang='lat' dir='ltr'><strong>Jac.</strong></span> <span class='ocrx_word' id='word_1_160' title='bbox 171 1977 310 2023; x_wconf 83' lang='lat' dir='ltr'><strong>Quctii&#39;</strong></span> <span class='ocrx_word' id='word_1_161' title='bbox 330 1977 384 2016; x_wconf 87' lang='lat' dir='ltr'><strong>de</strong></span> <span class='ocrx_word' id='word_1_162' title='bbox 414 1979 686 2028; x_wconf 90' lang='lat' dir='ltr'><strong>Scriptoribus</strong></span> <span class='ocrx_word' id='word_1_163' title='bbox 730 1979 825 2017; x_wconf 83' lang='lat' dir='ltr'><strong>Ord.</strong></span> <span class='ocrx_word' id='word_1_164' title='bbox 868 1978 1027 2018; x_wconf 83' lang='lat' dir='ltr'><strong>Praedi-</strong></span> 
     </span>
     <span class='ocr_line' id='line_1_30' title="bbox 61 2040 1023 2091; baseline 0.002 -13"><span class='ocrx_word' id='word_1_165' title='bbox 61 2043 242 2078; x_wconf 85' lang='lat' dir='ltr'><strong>catorum</strong></span> <span class='ocrx_word' id='word_1_166' title='bbox 272 2044 368 2078; x_wconf 90' lang='lat' dir='ltr'><strong>tom.</strong></span> <span class='ocrx_word' id='word_1_167' title='bbox 397 2041 409 2078; x_wconf 85' lang='lat'><em>1</em></span> <span class='ocrx_word' id='word_1_168' title='bbox 443 2053 480 2091; x_wconf 90' lang='lat' dir='ltr'><strong>p.</strong></span> <span class='ocrx_word' id='word_1_169' title='bbox 510 2040 601 2079; x_wconf 80' lang='lat'><strong>752.</strong></span> <span class='ocrx_word' id='word_1_170' title='bbox 635 2041 844 2080; x_wconf 86' lang='lat' dir='ltr'><strong>Altamura</strong></span> <span class='ocrx_word' id='word_1_171' title='bbox 872 2054 908 2091; x_wconf 88' lang='lat' dir='ltr'><strong>p.</strong></span> <span class='ocrx_word' id='word_1_172' title='bbox 934 2041 1023 2080; x_wconf 73' lang='lat'><strong>452.</strong></span> 
     </span>
     <span class='ocr_line' id='line_1_31' title="bbox 62 2100 901 2154; baseline 0.002 -14"><span class='ocrx_word' id='word_1_173' title='bbox 62 2100 159 2140; x_wconf 82' lang='lat' dir='ltr'><strong>Vide</strong></span> <span class='ocrx_word' id='word_1_174' title='bbox 191 2105 372 2140; x_wconf 88' lang='lat' dir='ltr'><strong>nostrum</strong></span> <span class='ocrx_word' id='word_1_175' title='bbox 405 2113 526 2153; x_wconf 88' lang='lat' dir='ltr'><strong>supra</strong></span> <span class='ocrx_word' id='word_1_176' title='bbox 556 2107 652 2142; x_wconf 92' lang='lat' dir='ltr'><strong>tom.</strong></span> <span class='ocrx_word' id='word_1_177' title='bbox 685 2104 714 2142; x_wconf 90' lang='lat'><strong>1.</strong></span> <span class='ocrx_word' id='word_1_178' title='bbox 744 2115 780 2154; x_wconf 88' lang='lat' dir='ltr'><strong>p.</strong></span> <span class='ocrx_word' id='word_1_179' title='bbox 811 2105 901 2142; x_wconf 65' lang='lat'><strong>243.</strong></span> 
     </span>
    </p>

    <p class='ocr_par' dir='ltr' id='par_1_6' title="bbox 61 2163 1032 2649">
     <span class='ocr_line' id='line_1_32' title="bbox 115 2163 1028 2216; baseline 0.002 -14"><span class='ocrx_word' id='word_1_180' title='bbox 115 2163 439 2203; x_wconf 82' lang='lat' dir='ltr'><strong>REINHARDUS</strong></span> <span class='ocrx_word' id='word_1_181' title='bbox 463 2164 511 2203; x_wconf 84' lang='lat' dir='ltr'><strong>de</strong></span> <span class='ocrx_word' id='word_1_182' title='bbox 534 2164 813 2216; x_wconf 74' lang='lat' dir='ltr'><strong>Laudembury</strong></span> <span class='ocrx_word' id='word_1_183' title='bbox 829 2197 840 2215; x_wconf 87' lang='lat'><em>,</em></span> <span class='ocrx_word' id='word_1_184' title='bbox 863 2166 1028 2204; x_wconf 84' lang='lat' dir='ltr'><strong>Germa-</strong></span> 
     </span>
     <span class='ocr_line' id='line_1_33' title="bbox 61 2225 1025 2278; baseline 0.002 -15"><span class='ocrx_word' id='word_1_185' title='bbox 61 2236 165 2272; x_wconf 84' lang='lat' dir='ltr'><strong>nuS‚</strong></span> <span class='ocrx_word' id='word_1_186' title='bbox 195 2225 293 2265; x_wconf 84' lang='lat' dir='ltr'><strong>Ord.</strong></span> <span class='ocrx_word' id='word_1_187' title='bbox 320 2227 360 2266; x_wconf 89' lang='lat' dir='ltr'><strong>S.</strong></span> <span class='ocrx_word' id='word_1_188' title='bbox 384 2226 624 2278; x_wconf 79' lang='lat' dir='ltr'><strong>Augustini,</strong></span> <span class='ocrx_word' id='word_1_189' title='bbox 652 2228 788 2266; x_wconf 81' lang='lat' dir='ltr'><strong>Theol-</strong></span> <span class='ocrx_word' id='word_1_190' title='bbox 815 2229 961 2266; x_wconf 88' lang='lat' dir='ltr'><strong>Doctor</strong></span> <span class='ocrx_word' id='word_1_191' title='bbox 985 2231 1025 2265; x_wconf 89' lang='lat' dir='ltr'><strong>et</strong></span> 
     </span>
     <span class='ocr_line' id='line_1_34' title="bbox 62 2288 1027 2341; baseline -0.002 -13"><span class='ocrx_word' id='word_1_192' title='bbox 62 2288 349 2335; x_wconf 88' lang='lat' dir='ltr'><strong>Concionator,</strong></span> <span class='ocrx_word' id='word_1_193' title='bbox 379 2290 484 2328; x_wconf 89' lang='lat' dir='ltr'><strong>circa</strong></span> <span class='ocrx_word' id='word_1_194' title='bbox 514 2301 549 2328; x_wconf 89' lang='lat' dir='ltr'><strong>a.</strong></span> <span class='ocrx_word' id='word_1_195' title='bbox 580 2290 697 2329; x_wconf 67' lang='lat'><strong>4500.</strong></span> <span class='ocrx_word' id='word_1_196' title='bbox 729 2291 904 2341; x_wconf 86' lang='lat' dir='ltr'><strong>Scripsit</strong></span> <span class='ocrx_word' id='word_1_197' title='bbox 933 2291 1027 2329; x_wconf 91' lang='lat' dir='ltr'><strong>Ser-</strong></span> 
     </span>
     <span class='ocr_line' id='line_1_35' title="bbox 62 2349 1032 2391; baseline 0.003 -3"><span class='ocrx_word' id='word_1_198' title='bbox 62 2360 196 2388; x_wconf 82' lang='lat' dir='ltr'><strong>mones</strong></span> <span class='ocrx_word' id='word_1_199' title='bbox 216 2349 263 2388; x_wconf 82' lang='lat' dir='ltr'><strong>de</strong></span> <span class='ocrx_word' id='word_1_200' title='bbox 284 2350 475 2389; x_wconf 84' lang='lat' dir='ltr'><strong>Passione</strong></span> <span class='ocrx_word' id='word_1_201' title='bbox 500 2351 658 2390; x_wconf 78' lang='lat' dir='ltr'><strong>Domini</strong></span> <span class='ocrx_word' id='word_1_202' title='bbox 677 2352 955 2391; x_wconf 79' lang='lat' dir='ltr'><strong>accomodatos</strong></span> <span class='ocrx_word' id='word_1_203' title='bbox 975 2351 1032 2391; x_wconf 81' lang='lat' dir='ltr'><strong>ad</strong></span> 
     </span>
     <span class='ocr_line' id='line_1_36' title="bbox 61 2409 1004 2463; baseline 0.005 -15"><span class='ocrx_word' id='word_1_204' title='bbox 61 2409 233 2461; x_wconf 76' lang='lat' dir='ltr'><strong>formam</strong></span> <span class='ocrx_word' id='word_1_205' title='bbox 265 2412 647 2463; x_wconf 72' lang='lat' dir='ltr'><strong>Quadrayesimalis.</strong></span> <span class='ocrx_word' id='word_1_206' title='bbox 684 2415 860 2453; x_wconf 88' lang='lat' dir='ltr'><strong>Norimb.</strong></span> <span class='ocrx_word' id='word_1_207' title='bbox 908 2416 1004 2454; x_wconf 67' lang='lat'><strong>4504</strong></span> 
     </span>
     <span class='ocr_line' id='line_1_37' title="bbox 66 2473 1029 2528; baseline 0.001 -16"><span class='ocrx_word' id='word_1_208' title='bbox 66 2474 102 2512; x_wconf 76' lang='lat'><strong>4.</strong></span> <span class='ocrx_word' id='word_1_209' title='bbox 132 2473 230 2512; x_wconf 84' lang='lat' dir='ltr'><strong>Phil.</strong></span> <span class='ocrx_word' id='word_1_210' title='bbox 261 2473 383 2513; x_wconf 88' lang='lat' dir='ltr'><strong>Elssii</strong></span> <span class='ocrx_word' id='word_1_211' title='bbox 414 2475 736 2514; x_wconf 80' lang='lat' dir='ltr'><strong>Encomiasticon</strong></span> <span class='ocrx_word' id='word_1_212' title='bbox 768 2476 1029 2528; x_wconf 82' lang='lat' dir='ltr'><strong>Augustinia-</strong></span> 
     </span>
     <span class='ocr_line' id='line_1_38' title="bbox 65 2536 1029 2588; baseline 0.002 -14"><span class='ocrx_word' id='word_1_213' title='bbox 65 2547 163 2574; x_wconf 89' lang='lat' dir='ltr'><strong>num</strong></span> <span class='ocrx_word' id='word_1_214' title='bbox 185 2547 220 2586; x_wconf 87' lang='lat' dir='ltr'><strong>p.</strong></span> <span class='ocrx_word' id='word_1_215' title='bbox 248 2536 338 2574; x_wconf 88' lang='grc'><strong>600.</strong></span> <span class='ocrx_word' id='word_1_216' title='bbox 361 2536 582 2575; x_wconf 83' lang='lat' dir='ltr'><strong>Gandolfus</strong></span> <span class='ocrx_word' id='word_1_217' title='bbox 607 2536 656 2574; x_wconf 89' lang='lat' dir='ltr'><strong>de</strong></span> <span class='ocrx_word' id='word_1_218' title='bbox 681 2537 869 2575; x_wconf 88' lang='lat' dir='ltr'><strong>ducentis</strong></span> <span class='ocrx_word' id='word_1_219' title='bbox 890 2537 1029 2588; x_wconf 80' lang='lat' dir='ltr'><strong>Augu-</strong></span> 
     </span>
     <span class='ocr_line' id='line_1_39' title="bbox 65 2597 742 2649; baseline -0.001 -12"><span class='ocrx_word' id='word_1_220' title='bbox 65 2597 251 2637; x_wconf 84' lang='lat' dir='ltr'><strong>stinianis</strong></span> <span class='ocrx_word' id='word_1_221' title='bbox 281 2598 554 2649; x_wconf 88' lang='lat' dir='ltr'><strong>Scriptoribus</strong></span> <span class='ocrx_word' id='word_1_222' title='bbox 585 2610 621 2649; x_wconf 94' lang='lat' dir='ltr'><strong>p.</strong></span> <span class='ocrx_word' id='word_1_223' title='bbox 652 2599 742 2636; x_wconf 89' lang='lat'><strong>308.</strong></span> 
     </span>
    </p>

    <p class='ocr_par' dir='ltr' id='par_1_7' title="bbox 67 2657 1033 2957">
     <span class='ocr_line' id='line_1_40' title="bbox 122 2657 1033 2707; baseline 0 -9"><span class='ocrx_word' id='word_1_224' title='bbox 122 2659 470 2707; x_wconf 78' lang='lat' dir='ltr'><strong>REINHARDUS,</strong></span> <span class='ocrx_word' id='word_1_225' title='bbox 496 2657 629 2699; x_wconf 83' lang='lat' dir='ltr'><strong>Abbas</strong></span> <span class='ocrx_word' id='word_1_226' title='bbox 653 2661 690 2697; x_wconf 93' lang='lat' dir='ltr'><strong>in</strong></span> <span class='ocrx_word' id='word_1_227' title='bbox 719 2659 940 2698; x_wconf 78' lang='lat' dir='ltr'><strong>Rez&#39;nhusen</strong></span> <span class='ocrx_word' id='word_1_228' title='bbox 964 2659 1033 2698; x_wconf 85' lang='lat' dir='ltr'><strong>Sa—</strong></span> 
     </span>
     <span class='ocr_line' id='line_1_41' title="bbox 67 2719 1031 2772; baseline -0.001 -12"><span class='ocrx_word' id='word_1_229' title='bbox 67 2722 236 2769; x_wconf 80' lang='lat' dir='ltr'><strong>xoniae,</strong></span> <span class='ocrx_word' id='word_1_230' title='bbox 268 2722 429 2772; x_wconf 82' lang='lat' dir='ltr'><strong>scripsit</strong></span> <span class='ocrx_word' id='word_1_231' title='bbox 455 2721 755 2761; x_wconf 65' lang='lat' dir='ltr'><strong>Commentario</strong></span> <span class='ocrx_word' id='word_1_232' title='bbox 779 2721 818 2758; x_wconf 76' lang='lat' dir='ltr'><strong>in</strong></span> <span class='ocrx_word' id='word_1_233' title='bbox 847 2719 1031 2759; x_wconf 76' lang='lat' dir='ltr'><strong>Ezechie-</strong></span> 
     </span>
     <span class='ocr_line' id='line_1_42' title="bbox 67 2781 1028 2834; baseline -0.002 -12"><span class='ocrx_word' id='word_1_234' title='bbox 67 2782 169 2827; x_wconf 85' lang='lat' dir='ltr'><strong>lem,</strong></span> <span class='ocrx_word' id='word_1_235' title='bbox 200 2782 366 2822; x_wconf 80' lang='lat' dir='ltr'><strong>Esaiam</strong></span> <span class='ocrx_word' id='word_1_236' title='bbox 388 2811 398 2830; x_wconf 84' lang='lat'>‚</span> <span class='ocrx_word' id='word_1_237' title='bbox 421 2782 630 2830; x_wconf 82' lang='lat' dir='ltr'><strong>Psalmos,</strong></span> <span class='ocrx_word' id='word_1_238' title='bbox 659 2782 857 2834; x_wconf 81' lang='lat' dir='ltr'><strong>Epistolos</strong></span> <span class='ocrx_word' id='word_1_239' title='bbox 884 2781 1028 2829; x_wconf 70' lang='lat' dir='ltr'><strong>Pauli,</strong></span> 
     </span>
     <span class='ocr_line' id='line_1_43' title="bbox 69 2840 1032 2895; baseline -0.002 -10"><span class='ocrx_word' id='word_1_240' title='bbox 69 2840 286 2885; x_wconf 80' lang='lat' dir='ltr'><strong>Metricum</strong></span> <span class='ocrx_word' id='word_1_241' title='bbox 314 2846 356 2884; x_wconf 78' lang='lat' dir='ltr'><strong>in</strong></span> <span class='ocrx_word' id='word_1_242' title='bbox 384 2843 480 2893; x_wconf 88' lang='lat' dir='ltr'><strong>Iob,</strong></span> <span class='ocrx_word' id='word_1_243' title='bbox 520 2850 559 2883; x_wconf 84' lang='lat' dir='ltr'><strong>et</strong></span> <span class='ocrx_word' id='word_1_244' title='bbox 603 2845 799 2895; x_wconf 83' lang='lat' dir='ltr'><strong>quaedam</strong></span> <span class='ocrx_word' id='word_1_245' title='bbox 844 2846 921 2883; x_wconf 68' lang='lat' dir='ltr'><strong>alia</strong></span> <span class='ocrx_word' id='word_1_246' title='bbox 957 2846 1032 2883; x_wconf 86' lang='lat' dir='ltr'><strong>Ge-</strong></span> 
     </span>
     <span class='ocr_line' id='line_1_44' title="bbox 68 2907 992 2957; baseline -0.001 -12"><span class='ocrx_word' id='word_1_247' title='bbox 68 2918 214 2946; x_wconf 85' lang='lat' dir='ltr'><strong>snerus</strong></span> <span class='ocrx_word' id='word_1_248' title='bbox 244 2912 284 2945; x_wconf 82' lang='lat' dir='ltr'><strong>et</strong></span> <span class='ocrx_word' id='word_1_249' title='bbox 313 2909 521 2947; x_wconf 84' lang='lat' dir='ltr'><strong>Trithemii</strong></span> <span class='ocrx_word' id='word_1_250' title='bbox 553 2907 776 2947; x_wconf 81' lang='lat' dir='ltr'><strong>Chronieon</strong></span> <span class='ocrx_word' id='word_1_251' title='bbox 807 2909 992 2957; x_wconf 81' lang='lat' dir='ltr'><strong>llirsaug.</strong></span> 
     </span>
    </p>

    <p class='ocr_par' dir='ltr' id='par_1_8' title="bbox 70 2967 1033 3269">
     <span class='ocr_line' id='line_1_45' title="bbox 125 2967 1030 3019; baseline 0.001 -13"><span class='ocrx_word' id='word_1_252' title='bbox 125 2968 456 3019; x_wconf 76' lang='lat' dir='ltr'><strong>REMBERTUS,</strong></span> <span class='ocrx_word' id='word_1_253' title='bbox 487 2969 548 3007; x_wconf 85' lang='lat' dir='ltr'><strong>vcl</strong></span> <span class='ocrx_word' id='word_1_254' title='bbox 582 2967 815 3017; x_wconf 57' lang='lat' dir='ltr'><strong>lambertus,</strong></span> <span class='ocrx_word' id='word_1_255' title='bbox 850 2969 1030 3017; x_wconf 89' lang='lat' dir='ltr'><strong>Flander‚</strong></span> 
     </span>
     <span class='ocr_line' id='line_1_46' title="bbox 71 3030 1033 3082; baseline 0.002 -14"><span class='ocrx_word' id='word_1_256' title='bbox 71 3030 161 3068; x_wconf 86' lang='lat' dir='ltr'><strong>aliis</strong></span> <span class='ocrx_word' id='word_1_257' title='bbox 192 3032 367 3078; x_wconf 83' lang='lat' dir='ltr'><strong>Frisius⁷</strong></span> <span class='ocrx_word' id='word_1_258' title='bbox 400 3033 571 3082; x_wconf 88' lang='lat' dir='ltr'><strong>primum</strong></span> <span class='ocrx_word' id='word_1_259' title='bbox 617 3032 837 3070; x_wconf 82' lang='lat' dir='ltr'><strong>monachus</strong></span> <span class='ocrx_word' id='word_1_260' title='bbox 866 3031 1033 3070; x_wconf 83' lang='lat' dir='ltr'><strong>Turhol·</strong></span> 
     </span>
     <span class='ocr_line' id='line_1_47' title="bbox 70 3093 1032 3141; baseline 0.002 -11"><span class='ocrx_word' id='word_1_261' title='bbox 70 3094 222 3141; x_wconf 87' lang='lat' dir='ltr'><strong>tensis,</strong></span> <span class='ocrx_word' id='word_1_262' title='bbox 255 3093 432 3132; x_wconf 87' lang='lat' dir='ltr'><strong>scholam</strong></span> <span class='ocrx_word' id='word_1_263' title='bbox 466 3095 567 3132; x_wconf 84' lang='lat' dir='ltr'><strong>rexit</strong></span> <span class='ocrx_word' id='word_1_264' title='bbox 598 3095 634 3130; x_wconf 91' lang='lat' dir='ltr'><strong>in</strong></span> <span class='ocrx_word' id='word_1_265' title='bbox 668 3095 909 3132; x_wconf 82' lang='lat' dir='ltr'><strong>monasterio</strong></span> <span class='ocrx_word' id='word_1_266' title='bbox 939 3094 1032 3133; x_wconf 88' lang='lat' dir='ltr'><strong>Cor-</strong></span> 
     </span>
     <span class='ocr_line' id='line_1_48' title="bbox 73 3154 1029 3203; baseline 0.001 -10"><span class='ocrx_word' id='word_1_267' title='bbox 73 3154 183 3193; x_wconf 89' lang='lat' dir='ltr'><strong>beiac</strong></span> <span class='ocrx_word' id='word_1_268' title='bbox 214 3166 366 3203; x_wconf 83' lang='lat' dir='ltr'><strong>novae,</strong></span> <span class='ocrx_word' id='word_1_269' title='bbox 398 3155 541 3193; x_wconf 82' lang='lat' dir='ltr'><strong>deinde</strong></span> <span class='ocrx_word' id='word_1_270' title='bbox 571 3166 782 3194; x_wconf 72' lang='lat' dir='ltr'><strong>successor</strong></span> <span class='ocrx_word' id='word_1_271' title='bbox 819 3156 1029 3194; x_wconf 83' lang='lat' dir='ltr'><strong>Anscharii</strong></span> 
     </span>
     <span class='ocr_line' id='line_1_49' title="bbox 72 3216 1032 3269; baseline 0.001 -15"><span class='ocrx_word' id='word_1_272' title='bbox 72 3218 110 3256; x_wconf 89' lang='lat' dir='ltr'><strong>in</strong></span> <span class='ocrx_word' id='word_1_273' title='bbox 139 3216 494 3268; x_wconf 83' lang='lat' dir='ltr'><strong>Archiepiscopatu</strong></span> <span class='ocrx_word' id='word_1_274' title='bbox 526 3218 814 3269; x_wconf 62' lang='lat' dir='ltr'><strong>{luniburgensi</strong></span> <span class='ocrx_word' id='word_1_275' title='bbox 862 3222 902 3256; x_wconf 83' lang='lat' dir='ltr'><strong>et</strong></span> <span class='ocrx_word' id='word_1_276' title='bbox 940 3217 1032 3256; x_wconf 85' lang='lat' dir='ltr'><strong>Bre-</strong></span> 
     </span>
    </p>
   </div>
   <div class='ocr_carea' id='block_1_3' title="bbox 128 3357 1035 3399">
    <p class='ocr_par' dir='ltr' id='par_1_9' title="bbox 128 3357 1035 3399">
     <span class='ocr_line' id='line_1_50' title="bbox 128 3357 1035 3399; baseline 0.003 -11"><span class='ocrx_word' id='word_1_277' title='bbox 128 3359 162 3397; x_wconf 72' lang='grc' dir='ltr'><strong>ει)</strong></span> <span class='ocrx_word' id='word_1_278' title='bbox 189 3366 232 3390; x_wconf 76' lang='lat' dir='ltr'><strong>An</strong></span> <span class='ocrx_word' id='word_1_279' title='bbox 261 3357 346 3390; x_wconf 80' lang='lat' dir='ltr'><strong>idem</strong></span> <span class='ocrx_word' id='word_1_280' title='bbox 374 3363 413 3391; x_wconf 66' lang='lat' dir='ltr'><strong>&gt;it</strong></span> <span class='ocrx_word' id='word_1_281' title='bbox 442 3367 517 3391; x_wconf 82' lang='lat' dir='ltr'><strong>cuin</strong></span> <span class='ocrx_word' id='word_1_282' title='bbox 543 3367 642 3398; x_wconf 75' lang='lat' dir='ltr'><strong>opere</strong></span> <span class='ocrx_word' id='word_1_283' title='bbox 659 3358 699 3390; x_wconf 83' lang='lat' dir='ltr'><strong>de</strong></span> <span class='ocrx_word' id='word_1_284' title='bbox 717 3360 941 3399; x_wconf 75' lang='lat' dir='ltr'><strong>scriptoribus</strong></span> <span class='ocrx_word' id='word_1_285' title='bbox 961 3367 1035 3391; x_wconf 85' lang='lat' dir='ltr'><strong>mo·</strong></span> 
     </span>
    </p>
   </div>
   <div class='ocr_carea' id='block_1_4' title="bbox 1095 240 2064 852">
    <p class='ocr_par' dir='ltr' id='par_1_10' title="bbox 1097 240 2064 665">
     <span class='ocr_line' id='line_1_51' title="bbox 1965 240 2043 278; baseline -0.013 0"><span class='ocrx_word' id='word_1_286' title='bbox 1965 240 2043 278; x_wconf 82' lang='lat'><strong>367</strong></span> 
     </span>
     <span class='ocr_line' id='line_1_52' title="bbox 1102 305 2061 358; baseline 0.005 -16"><span class='ocrx_word' id='word_1_287' title='bbox 1102 305 1260 353; x_wconf 71' lang='lat' dir='ltr'><strong>mensi,</strong></span> <span class='ocrx_word' id='word_1_288' title='bbox 1292 305 1385 342; x_wconf 88' lang='lat' dir='ltr'><strong>obiit</strong></span> <span class='ocrx_word' id='word_1_289' title='bbox 1429 318 1462 343; x_wconf 88' lang='lat' dir='ltr'><strong>a.</strong></span> <span class='ocrx_word' id='word_1_290' title='bbox 1509 306 1598 343; x_wconf 89' lang='grc'>888.</span> <span class='ocrx_word' id='word_1_291' title='bbox 1631 306 1684 344; x_wconf 85' lang='lat' dir='ltr'><strong>De</strong></span> <span class='ocrx_word' id='word_1_292' title='bbox 1716 305 1801 345; x_wconf 85' lang='lat' dir='ltr'><strong>Vita</strong></span> <span class='ocrx_word' id='word_1_293' title='bbox 1831 305 1919 357; x_wconf 84' lang='lat' dir='ltr'><strong>ejus</strong></span> <span class='ocrx_word' id='word_1_294' title='bbox 1950 308 2061 358; x_wconf 87' lang='lat' dir='ltr'><strong>plura</strong></span> 
     </span>
     <span class='ocr_line' id='line_1_53' title="bbox 1099 366 2062 420; baseline 0.004 -15"><span class='ocrx_word' id='word_1_295' title='bbox 1099 366 1250 405; x_wconf 89' lang='lat' dir='ltr'><strong>docent</strong></span> <span class='ocrx_word' id='word_1_296' title='bbox 1280 368 1503 418; x_wconf 69' lang='lat' dir='ltr'><strong>Scriptores</strong></span> <span class='ocrx_word' id='word_1_297' title='bbox 1534 379 1667 406; x_wconf 80' lang='lat' dir='ltr'><strong>rerum</strong></span> <span class='ocrx_word' id='word_1_298' title='bbox 1701 367 2062 420; x_wconf 83' lang='lat' dir='ltr'><strong>{lamburgensium</strong></span> 
     </span>
     <span class='ocr_line' id='line_1_54' title="bbox 1097 429 2061 477; baseline 0.004 -11"><span class='ocrx_word' id='word_1_299' title='bbox 1097 434 1138 467; x_wconf 86' lang='lat' dir='ltr'><strong>et</strong></span> <span class='ocrx_word' id='word_1_300' title='bbox 1170 431 1480 477; x_wconf 81' lang='lat' dir='ltr'><strong>Bremensium,</strong></span> <span class='ocrx_word' id='word_1_301' title='bbox 1511 430 1609 469; x_wconf 84' lang='lat' dir='ltr'><strong>Acta</strong></span> <span class='ocrx_word' id='word_1_302' title='bbox 1641 429 1876 470; x_wconf 86' lang='lat' dir='ltr'><strong>Sanctorum</strong></span> <span class='ocrx_word' id='word_1_303' title='bbox 1923 436 2016 470; x_wconf 85' lang='lat' dir='ltr'><strong>tom.</strong></span> <span class='ocrx_word' id='word_1_304' title='bbox 2049 433 2061 470; x_wconf 87' lang='lat'><em>1</em></span> 
     </span>
     <span class='ocr_line' id='line_1_55' title="bbox 1099 490 2064 541; baseline 0.003 -12"><span class='ocrx_word' id='word_1_305' title='bbox 1099 490 1212 529; x_wconf 83' lang='lat' dir='ltr'><strong>Febr.</strong></span> <span class='ocrx_word' id='word_1_306' title='bbox 1245 502 1278 541; x_wconf 90' lang='lat' dir='ltr'><strong>p.</strong></span> <span class='ocrx_word' id='word_1_307' title='bbox 1312 491 1404 530; x_wconf 88' lang='lat'><strong>393.</strong></span> <span class='ocrx_word' id='word_1_308' title='bbox 1437 496 1476 530; x_wconf 84' lang='lat' dir='ltr'><strong>et</strong></span> <span class='ocrx_word' id='word_1_309' title='bbox 1507 491 1759 531; x_wconf 83' lang='lat' dir='ltr'><strong>Mabillonius</strong></span> <span class='ocrx_word' id='word_1_310' title='bbox 1789 503 1869 530; x_wconf 84' lang='lat' dir='ltr'><strong>sec.</strong></span> <span class='ocrx_word' id='word_1_311' title='bbox 1901 493 1962 531; x_wconf 94' lang='lat' dir='ltr'><strong>lV.</strong></span> <span class='ocrx_word' id='word_1_312' title='bbox 1993 496 2064 532; x_wconf 81' lang='lat' dir='ltr'><strong>Be-</strong></span> 
     </span>
     <span class='ocr_line' id='line_1_56' title="bbox 1099 552 2062 604; baseline 0.004 -14"><span class='ocrx_word' id='word_1_313' title='bbox 1099 552 1187 592; x_wconf 82' lang='lat' dir='ltr'><strong>ned.</strong></span> <span class='ocrx_word' id='word_1_314' title='bbox 1222 558 1320 603; x_wconf 88' lang='lat' dir='ltr'><strong>part.</strong></span> <span class='ocrx_word' id='word_1_315' title='bbox 1347 554 1382 592; x_wconf 80' lang='lat'><strong>2.</strong></span> <span class='ocrx_word' id='word_1_316' title='bbox 1416 565 1450 604; x_wconf 90' lang='lat' dir='ltr'><strong>p.</strong></span> <span class='ocrx_word' id='word_1_317' title='bbox 1487 553 1575 592; x_wconf 72' lang='grc'>471.</span> <span class='ocrx_word' id='word_1_318' title='bbox 1608 555 1705 592; x_wconf 84' lang='lat' dir='ltr'><strong>llist.</strong></span> <span class='ocrx_word' id='word_1_319' title='bbox 1740 554 1915 594; x_wconf 81' lang='lat' dir='ltr'><strong>literaire.</strong></span> <span class='ocrx_word' id='word_1_320' title='bbox 1946 555 1995 594; x_wconf 89' lang='lat' dir='ltr'><strong>dc</strong></span> <span class='ocrx_word' id='word_1_321' title='bbox 2028 557 2062 594; x_wconf 85' lang='lat' dir='ltr'><strong>la</strong></span> 
     </span>
     <span class='ocr_line' id='line_1_57' title="bbox 1098 615 1773 665; baseline 0.001 -13"><span class='ocrx_word' id='word_1_322' title='bbox 1098 615 1249 653; x_wconf 75' lang='lat' dir='ltr'><strong>Franco</strong></span> <span class='ocrx_word' id='word_1_323' title='bbox 1281 620 1308 652; x_wconf 90' lang='lat' dir='ltr'><strong>t.</strong></span> <span class='ocrx_word' id='word_1_324' title='bbox 1340 616 1369 652; x_wconf 84' lang='lat' dir='ltr'>V</span> <span class='ocrx_word' id='word_1_325' title='bbox 1402 626 1436 664; x_wconf 89' lang='lat' dir='ltr'><strong>p.</strong></span> <span class='ocrx_word' id='word_1_326' title='bbox 1469 616 1559 653; x_wconf 81' lang='grc'>631.</span> <span class='ocrx_word' id='word_1_327' title='bbox 1593 616 1773 665; x_wconf 79' lang='lat' dir='ltr'><strong>Scripsit.</strong></span> 
     </span>
    </p>

    <p class='ocr_par' dir='ltr' id='par_1_11' title="bbox 1095 676 2064 852">
     <span class='ocr_line' id='line_1_58' title="bbox 1152 676 2064 728; baseline 0 -11"><span class='ocrx_word' id='word_1_328' title='bbox 1152 679 1187 717; x_wconf 81' lang='lat' dir='ltr'><strong>l.</strong></span> <span class='ocrx_word' id='word_1_329' title='bbox 1225 676 1348 715; x_wconf 81' lang='lat' dir='ltr'><strong>Vitam</strong></span> <span class='ocrx_word' id='word_1_330' title='bbox 1378 678 1419 716; x_wconf 86' lang='lat' dir='ltr'><strong>S.</strong></span> <span class='ocrx_word' id='word_1_331' title='bbox 1440 677 1684 725; x_wconf 73' lang='lat' dir='ltr'><strong>Ansehariz&#39;,</strong></span> <span class='ocrx_word' id='word_1_332' title='bbox 1717 679 1889 728; x_wconf 88' lang='lat' dir='ltr'><strong>primum</strong></span> <span class='ocrx_word' id='word_1_333' title='bbox 1915 690 1964 717; x_wconf 86' lang='lat' dir='ltr'><strong>ex</strong></span> <span class='ocrx_word' id='word_1_334' title='bbox 1991 679 2064 717; x_wconf 83' lang='lat' dir='ltr'><strong>Co-</strong></span> 
     </span>
     <span class='ocr_line' id='line_1_59' title="bbox 1095 739 2064 790; baseline 0.004 -14"><span class='ocrx_word' id='word_1_335' title='bbox 1095 739 1183 777; x_wconf 88' lang='lat' dir='ltr'><strong>dice.</strong></span> <span class='ocrx_word' id='word_1_336' title='bbox 1213 739 1505 790; x_wconf 71' lang='lat' dir='ltr'><strong>{lemburgensi</strong></span> <span class='ocrx_word' id='word_1_337' title='bbox 1540 740 1679 777; x_wconf 83' lang='lat' dir='ltr'><strong>mutilo</strong></span> <span class='ocrx_word' id='word_1_338' title='bbox 1704 751 1893 778; x_wconf 76' lang='lat' dir='ltr'><strong>excusam</strong></span> <span class='ocrx_word' id='word_1_339' title='bbox 1920 752 1939 779; x_wconf 89' lang='lat' dir='ltr'><strong>a</strong></span> <span class='ocrx_word' id='word_1_340' title='bbox 1968 741 2064 780; x_wconf 85' lang='lat' dir='ltr'><strong>Phil.</strong></span> 
     </span>
     <span class='ocr_line' id='line_1_60' title="bbox 1096 801 2064 852; baseline 0.001 -11"><span class='ocrx_word' id='word_1_341' title='bbox 1096 802 1268 841; x_wconf 82' lang='lat' dir='ltr'><strong>Caesare</strong></span> <span class='ocrx_word' id='word_1_342' title='bbox 1293 803 1330 838; x_wconf 92' lang='lat' dir='ltr'><strong>in</strong></span> <span class='ocrx_word' id='word_1_343' title='bbox 1358 801 1658 851; x_wconf 86' lang='lat' dir='ltr'><strong>Triapostulatu</strong></span> <span class='ocrx_word' id='word_1_344' title='bbox 1681 802 1973 852; x_wconf 73' lang='lat' dir='ltr'><strong>Septentrionis</strong></span> <span class='ocrx_word' id='word_1_345' title='bbox 1990 805 2064 842; x_wconf 87' lang='lat' dir='ltr'><strong>Co-</strong></span> 
     </span>
    </p>
   </div>
   <div class='ocr_carea' id='block_1_5' title="bbox 1096 864 2144 916">
    <p class='ocr_par' dir='ltr' id='par_1_12' title="bbox 1096 864 2144 916">
     <span class='ocr_line' id='line_1_61' title="bbox 1096 864 2144 916; baseline 0.003 -14"><span class='ocrx_word' id='word_1_346' title='bbox 1096 864 1222 902; x_wconf 79' lang='lat' dir='ltr'><strong>loniae</strong></span> <span class='ocrx_word' id='word_1_347' title='bbox 1249 864 1364 902; x_wconf 70' lang='lat'><strong>4642.</strong></span> <span class='ocrx_word' id='word_1_348' title='bbox 1392 867 1530 913; x_wconf 85' lang='lat' dir='ltr'><strong>postea</strong></span> <span class='ocrx_word' id='word_1_349' title='bbox 1556 875 1651 901; x_wconf 85' lang='lat' dir='ltr'><strong>vero</strong></span> <span class='ocrx_word' id='word_1_350' title='bbox 1673 875 1693 901; x_wconf 89' lang='lat' dir='ltr'><strong>e</strong></span> <span class='ocrx_word' id='word_1_351' title='bbox 1716 864 1859 903; x_wconf 72' lang='lat' dir='ltr'><strong>Codice</strong></span> <span class='ocrx_word' id='word_1_352' title='bbox 1897 867 2062 916; x_wconf 88' lang='lat' dir='ltr'><strong>antiquo</strong></span> <span class='ocrx_word' id='word_1_353' title='bbox 2140 868 2144 873; x_wconf 77' lang='grc'><strong>“</strong></span> 
     </span>
    </p>
   </div>
   <div class='ocr_carea' id='block_1_6' title="bbox 1094 925 2070 3267">
    <p class='ocr_par' dir='ltr' id='par_1_13' title="bbox 1094 925 2064 1349">
     <span class='ocr_line' id='line_1_62' title="bbox 1095 925 2063 975; baseline 0.002 -12"><span class='ocrx_word' id='word_1_354' title='bbox 1095 925 1355 972; x_wconf 83' lang='lat' dir='ltr'><strong>Corbeiensi,</strong></span> <span class='ocrx_word' id='word_1_355' title='bbox 1400 927 1467 975; x_wconf 91' lang='lat' dir='ltr'><strong>qui</strong></span> <span class='ocrx_word' id='word_1_356' title='bbox 1514 936 1619 964; x_wconf 89' lang='lat' dir='ltr'><strong>nunc</strong></span> <span class='ocrx_word' id='word_1_357' title='bbox 1670 927 1707 963; x_wconf 95' lang='lat' dir='ltr'><strong>in</strong></span> <span class='ocrx_word' id='word_1_358' title='bbox 1742 929 1984 965; x_wconf 80' lang='lat' dir='ltr'><strong>monasterio</strong></span> <span class='ocrx_word' id='word_1_359' title='bbox 2024 927 2063 965; x_wconf 90' lang='lat' dir='ltr'><strong>S.</strong></span> 
     </span>
     <span class='ocr_line' id='line_1_63' title="bbox 1094 987 2064 1038; baseline 0.002 -12"><span class='ocrx_word' id='word_1_360' title='bbox 1094 989 1284 1027; x_wconf 80' lang='lat' dir='ltr'><strong>Germani</strong></span> <span class='ocrx_word' id='word_1_361' title='bbox 1318 988 1522 1026; x_wconf 87' lang='lat' dir='ltr'><strong>Pratensis</strong></span> <span class='ocrx_word' id='word_1_362' title='bbox 1553 987 1750 1035; x_wconf 88' lang='lat' dir='ltr'><strong>habetur,</strong></span> <span class='ocrx_word' id='word_1_363' title='bbox 1784 989 1940 1038; x_wconf 85' lang='lat' dir='ltr'><strong>plenius</strong></span> <span class='ocrx_word' id='word_1_364' title='bbox 1982 990 2064 1028; x_wconf 86' lang='lat' dir='ltr'><strong>edi-</strong></span> 
     </span>
     <span class='ocr_line' id='line_1_64' title="bbox 1096 1050 2063 1102; baseline 0.004 -15"><span class='ocrx_word' id='word_1_365' title='bbox 1096 1054 1175 1088; x_wconf 85' lang='lat' dir='ltr'><strong>tam</strong></span> <span class='ocrx_word' id='word_1_366' title='bbox 1227 1062 1247 1088; x_wconf 80' lang='lat' dir='ltr'><strong>a</strong></span> <span class='ocrx_word' id='word_1_367' title='bbox 1300 1052 1414 1088; x_wconf 83' lang='lat' dir='ltr'><strong>Petro</strong></span> <span class='ocrx_word' id='word_1_368' title='bbox 1460 1050 1667 1101; x_wconf 71' lang='lat' dir='ltr'><strong>Lambecjo</strong></span> <span class='ocrx_word' id='word_1_369' title='bbox 1711 1061 1801 1090; x_wconf 86' lang='lat' dir='ltr'><strong>cum</strong></span> <span class='ocrx_word' id='word_1_370' title='bbox 1834 1052 2063 1102; x_wconf 75' lang='lat' dir='ltr'><strong>Originibus</strong></span> 
     </span>
     <span class='ocr_line' id='line_1_65' title="bbox 1100 1111 2064 1164; baseline 0.002 -15"><span class='ocrx_word' id='word_1_371' title='bbox 1100 1111 1473 1162; x_wconf 73' lang='lat' dir='ltr'><strong>[lamburgensihus</strong></span> <span class='ocrx_word' id='word_1_372' title='bbox 1495 1123 1529 1149; x_wconf 89' lang='lat' dir='ltr'><strong>a.</strong></span> <span class='ocrx_word' id='word_1_373' title='bbox 1554 1112 1668 1150; x_wconf 78' lang='grc'>1651.</span> <span class='ocrx_word' id='word_1_374' title='bbox 1687 1113 1864 1162; x_wconf 84' lang='lat' dir='ltr'><strong>Repetita</strong></span> <span class='ocrx_word' id='word_1_375' title='bbox 1888 1118 1949 1150; x_wconf 88' lang='lat' dir='ltr'><strong>est</strong></span> <span class='ocrx_word' id='word_1_376' title='bbox 1976 1118 2064 1164; x_wconf 87' lang='lat' dir='ltr'><strong>post</strong></span> 
     </span>
     <span class='ocr_line' id='line_1_66' title="bbox 1097 1172 2062 1224; baseline 0.004 -15"><span class='ocrx_word' id='word_1_377' title='bbox 1097 1172 1196 1211; x_wconf 88' lang='lat' dir='ltr'><strong>haec</strong></span> <span class='ocrx_word' id='word_1_378' title='bbox 1228 1178 1268 1211; x_wconf 83' lang='lat' dir='ltr'><strong>ct</strong></span> <span class='ocrx_word' id='word_1_379' title='bbox 1299 1185 1391 1212; x_wconf 87' lang='lat' dir='ltr'><strong>cum</strong></span> <span class='ocrx_word' id='word_1_380' title='bbox 1423 1175 1510 1212; x_wconf 88' lang='lat' dir='ltr'><strong>aliis</strong></span> <span class='ocrx_word' id='word_1_381' title='bbox 1536 1175 1834 1224; x_wconf 64' lang='lat' dir='ltr'><strong>exemplaribus</strong></span> <span class='ocrx_word' id='word_1_382' title='bbox 1859 1175 1999 1214; x_wconf 83' lang='lat' dir='ltr'><strong>collata</strong></span> <span class='ocrx_word' id='word_1_383' title='bbox 2026 1178 2062 1213; x_wconf 91' lang='lat' dir='ltr'><strong>in</strong></span> 
     </span>
     <span class='ocr_line' id='line_1_67' title="bbox 1097 1233 2063 1286; baseline 0.004 -15"><span class='ocrx_word' id='word_1_384' title='bbox 1097 1233 1212 1271; x_wconf 79' lang='lat' dir='ltr'><strong>Actis</strong></span> <span class='ocrx_word' id='word_1_385' title='bbox 1247 1236 1485 1274; x_wconf 78' lang='lat' dir='ltr'><strong>Sanctorum</strong></span> <span class='ocrx_word' id='word_1_386' title='bbox 1518 1240 1614 1273; x_wconf 86' lang='lat' dir='ltr'><strong>tom.</strong></span> <span class='ocrx_word' id='word_1_387' title='bbox 1638 1237 1649 1274; x_wconf 91' lang='lat' dir='ltr'><strong>l</strong></span> <span class='ocrx_word' id='word_1_388' title='bbox 1677 1235 1789 1274; x_wconf 82' lang='lat' dir='ltr'><strong>Febr.</strong></span> <span class='ocrx_word' id='word_1_389' title='bbox 1817 1248 1851 1286; x_wconf 87' lang='lat' dir='ltr'><strong>p.</strong></span> <span class='ocrx_word' id='word_1_390' title='bbox 1879 1237 1967 1276; x_wconf 85' lang='grc'><strong>391,</strong></span> <span class='ocrx_word' id='word_1_391' title='bbox 1991 1248 2063 1275; x_wconf 86' lang='lat' dir='ltr'><strong>nec</strong></span> 
     </span>
     <span class='ocr_line' id='line_1_68' title="bbox 1104 1296 2061 1349; baseline 0.003 -17"><span class='ocrx_word' id='word_1_392' title='bbox 1104 1307 1180 1333; x_wconf 90' lang='lat' dir='ltr'><strong>non</strong></span> <span class='ocrx_word' id='word_1_393' title='bbox 1217 1298 1253 1333; x_wconf 87' lang='lat' dir='ltr'><strong>in</strong></span> <span class='ocrx_word' id='word_1_394' title='bbox 1286 1296 1495 1334; x_wconf 70' lang='lat' dir='ltr'><strong>&#39;illabillonii</strong></span> <span class='ocrx_word' id='word_1_395' title='bbox 1528 1308 1606 1335; x_wconf 89' lang='lat' dir='ltr'><strong>sec.</strong></span> <span class='ocrx_word' id='word_1_396' title='bbox 1641 1298 1701 1335; x_wconf 90' lang='lat' dir='ltr'><strong>lV.</strong></span> <span class='ocrx_word' id='word_1_397' title='bbox 1735 1303 1833 1347; x_wconf 81' lang='lat' dir='ltr'><strong>part.</strong></span> <span class='ocrx_word' id='word_1_398' title='bbox 1867 1301 1898 1337; x_wconf 86' lang='grc'>1.</span> <span class='ocrx_word' id='word_1_399' title='bbox 1933 1311 1967 1349; x_wconf 87' lang='lat' dir='ltr'><strong>p.</strong></span> <span class='ocrx_word' id='word_1_400' title='bbox 1998 1299 2061 1337; x_wconf 79' lang='lat'><strong>75.</strong></span> 
     </span>
    </p>

    <p class='ocr_par' dir='ltr' id='par_1_14' title="bbox 1098 1356 2067 1905">
     <span class='ocr_line' id='line_1_69' title="bbox 1151 1356 2065 1410; baseline 0.003 -15"><span class='ocrx_word' id='word_1_401' title='bbox 1151 1358 1186 1395; x_wconf 72' lang='lat'><strong>2.</strong></span> <span class='ocrx_word' id='word_1_402' title='bbox 1220 1356 1444 1407; x_wconf 77' lang='lat' dir='ltr'><strong>Epistolam</strong></span> <span class='ocrx_word' id='word_1_403' title='bbox 1470 1358 1516 1395; x_wconf 81' lang='lat' dir='ltr'><strong>de</strong></span> <span class='ocrx_word' id='word_1_404' title='bbox 1539 1358 1849 1410; x_wconf 76' lang='lat' dir='ltr'><strong>Cynocephalz&#39;s‚</strong></span> <span class='ocrx_word' id='word_1_405' title='bbox 1876 1371 1978 1410; x_wconf 85' lang='lat' dir='ltr'><strong>quac</strong></span> <span class='ocrx_word' id='word_1_406' title='bbox 2005 1362 2065 1398; x_wconf 92' lang='lat' dir='ltr'><strong>in-</strong></span> 
     </span>
     <span class='ocr_line' id='line_1_70' title="bbox 1106 1419 2066 1472; baseline 0.004 -16"><span class='ocrx_word' id='word_1_407' title='bbox 1106 1419 1281 1465; x_wconf 84' lang='lat' dir='ltr'><strong>tercidit,</strong></span> <span class='ocrx_word' id='word_1_408' title='bbox 1314 1419 1377 1456; x_wconf 87' lang='lat' dir='ltr'><strong>vel</strong></span> <span class='ocrx_word' id='word_1_409' title='bbox 1400 1423 1509 1456; x_wconf 83' lang='lat' dir='ltr'><strong>certe</strong></span> <span class='ocrx_word' id='word_1_410' title='bbox 1531 1419 1609 1458; x_wconf 87' lang='lat' dir='ltr'><strong>huc</strong></span> <span class='ocrx_word' id='word_1_411' title='bbox 1640 1430 1767 1469; x_wconf 84' lang='lat' dir='ltr'><strong>usque.</strong></span> <span class='ocrx_word' id='word_1_412' title='bbox 1791 1421 1966 1460; x_wconf 87' lang='lat' dir='ltr'><strong>nondum</strong></span> <span class='ocrx_word' id='word_1_413' title='bbox 1994 1423 2066 1472; x_wconf 84' lang='lat' dir='ltr'><strong>pu-</strong></span> 
     </span>
     <span class='ocr_line' id='line_1_71' title="bbox 1099 1480 2062 1530; baseline 0.004 -12"><span class='ocrx_word' id='word_1_414' title='bbox 1099 1480 1190 1518; x_wconf 90' lang='lat' dir='ltr'><strong>blici</strong></span> <span class='ocrx_word' id='word_1_415' title='bbox 1221 1481 1325 1530; x_wconf 72' lang='lat' dir='ltr'><strong>Jur³s</strong></span> <span class='ocrx_word' id='word_1_416' title='bbox 1372 1481 1473 1519; x_wconf 86' lang='lat' dir='ltr'><strong>facta</strong></span> <span class='ocrx_word' id='word_1_417' title='bbox 1510 1485 1585 1518; x_wconf 82' lang='lat' dir='ltr'><strong>est.</strong></span> <span class='ocrx_word' id='word_1_418' title='bbox 1624 1482 1781 1520; x_wconf 74' lang='lat' dir='ltr'><strong>Scimus</strong></span> <span class='ocrx_word' id='word_1_419' title='bbox 1811 1487 1943 1521; x_wconf 84' lang='lat' dir='ltr'><strong>autem</strong></span> <span class='ocrx_word' id='word_1_420' title='bbox 1976 1495 2062 1522; x_wconf 88' lang='lat' dir='ltr'><strong>eam</strong></span> 
     </span>
     <span class='ocr_line' id='line_1_72' title="bbox 1099 1544 2065 1593; baseline 0.003 -13"><span class='ocrx_word' id='word_1_421' title='bbox 1099 1544 1291 1592; x_wconf 85' lang='lat' dir='ltr'><strong>scriptam</strong></span> <span class='ocrx_word' id='word_1_422' title='bbox 1339 1554 1386 1581; x_wconf 85' lang='lat' dir='ltr'><strong>ex</strong></span> <span class='ocrx_word' id='word_1_423' title='bbox 1433 1544 1694 1593; x_wconf 74' lang='lat' dir='ltr'><strong>responsione</strong></span> <span class='ocrx_word' id='word_1_424' title='bbox 1738 1544 1939 1582; x_wconf 81' lang='lat' dir='ltr'><strong>Batramni</strong></span> <span class='ocrx_word' id='word_1_425' title='bbox 1960 1576 1968 1589; x_wconf 73' lang='lat'>,</span> <span class='ocrx_word' id='word_1_426' title='bbox 2016 1546 2065 1583; x_wconf 86' lang='lat' dir='ltr'><strong>de</strong></span> 
     </span>
     <span class='ocr_line' id='line_1_73' title="bbox 1098 1605 2063 1655; baseline -0.001 -12"><span class='ocrx_word' id='word_1_427' title='bbox 1098 1616 1175 1655; x_wconf 87' lang='lat' dir='ltr'><strong>qua</strong></span> <span class='ocrx_word' id='word_1_428' title='bbox 1207 1616 1328 1655; x_wconf 85' lang='lat' dir='ltr'><strong>supra</strong></span> <span class='ocrx_word' id='word_1_429' title='bbox 1354 1609 1450 1643; x_wconf 89' lang='lat' dir='ltr'><strong>tom.</strong></span> <span class='ocrx_word' id='word_1_430' title='bbox 1482 1606 1494 1643; x_wconf 97' lang='lat' dir='ltr'>I</span> <span class='ocrx_word' id='word_1_431' title='bbox 1527 1617 1563 1655; x_wconf 91' lang='lat' dir='ltr'><strong>p.</strong></span> <span class='ocrx_word' id='word_1_432' title='bbox 1596 1605 1686 1643; x_wconf 70' lang='lat'><strong>226.</strong></span> <span class='ocrx_word' id='word_1_433' title='bbox 1708 1605 1835 1643; x_wconf 87' lang='lat' dir='ltr'><strong>Verba</strong></span> <span class='ocrx_word' id='word_1_434' title='bbox 1860 1607 2063 1644; x_wconf 81' lang='lat' dir='ltr'><strong>Batramui</strong></span> 
     </span>
     <span class='ocr_line' id='line_1_74' title="bbox 1101 1664 2064 1719; baseline 0.001 -14"><span class='ocrx_word' id='word_1_435' title='bbox 1101 1671 1198 1705; x_wconf 87' lang='lat' dir='ltr'><strong>sunt</strong></span> <span class='ocrx_word' id='word_1_436' title='bbox 1231 1667 1340 1706; x_wconf 81' lang='lat' dir='ltr'><strong>haec.</strong></span> <span class='ocrx_word' id='word_1_437' title='bbox 1372 1666 1538 1715; x_wconf 76' lang='lat' dir='ltr'><strong>Quando</strong></span> <span class='ocrx_word' id='word_1_438' title='bbox 1583 1666 1803 1719; x_wconf 71' lang='lat' dir='ltr'><strong>scripsistis</strong></span> <span class='ocrx_word' id='word_1_439' title='bbox 1842 1664 1952 1706; x_wconf 73' lang='lat' dir='ltr'><strong>nobis</strong></span> <span class='ocrx_word' id='word_1_440' title='bbox 1993 1680 2064 1715; x_wconf 84' lang='lat' dir='ltr'><strong>ea,</strong></span> 
     </span>
     <span class='ocr_line' id='line_1_75' title="bbox 1098 1728 2067 1782; baseline 0.001 -15"><span class='ocrx_word' id='word_1_441' title='bbox 1098 1741 1202 1781; x_wconf 73' lang='lat' dir='ltr'><strong>quae</strong></span> <span class='ocrx_word' id='word_1_442' title='bbox 1227 1728 1273 1767; x_wconf 80' lang='lat' dir='ltr'><strong>de</strong></span> <span class='ocrx_word' id='word_1_443' title='bbox 1299 1728 1667 1781; x_wconf 72' lang='lat' dir='ltr'><strong>Cynoceplialorum</strong></span> <span class='ocrx_word' id='word_1_444' title='bbox 1698 1733 1850 1767; x_wconf 77' lang='lat' dir='ltr'><strong>natura</strong></span> <span class='ocrx_word' id='word_1_445' title='bbox 1882 1730 2067 1782; x_wconf 78' lang='lat' dir='ltr'><strong>potuistis</strong></span> 
     </span>
     <span class='ocr_line' id='line_1_76' title="bbox 1098 1792 2065 1842; baseline 0.003 -13"><span class='ocrx_word' id='word_1_446' title='bbox 1098 1802 1341 1842; x_wconf 66' lang='lat' dir='ltr'><strong>coyizoscere.</strong></span> <span class='ocrx_word' id='word_1_447' title='bbox 1384 1792 1614 1830; x_wconf 83' lang='lat' dir='ltr'><strong>Rimbertus</strong></span> <span class='ocrx_word' id='word_1_448' title='bbox 1658 1797 1821 1840; x_wconf 82' lang='lat' dir='ltr'><strong>autem,</strong></span> <span class='ocrx_word' id='word_1_449' title='bbox 1853 1804 1945 1831; x_wconf 84' lang='lat' dir='ltr'><strong>cum</strong></span> <span class='ocrx_word' id='word_1_450' title='bbox 1977 1804 2065 1832; x_wconf 86' lang='lat' dir='ltr'><strong>eam</strong></span> 
     </span>
     <span class='ocr_line' id='line_1_77' title="bbox 1101 1854 1876 1905; baseline -0.001 -12"><span class='ocrx_word' id='word_1_451' title='bbox 1101 1854 1321 1901; x_wconf 72' lang='lat' dir='ltr'><strong>scriberet,</strong></span> <span class='ocrx_word' id='word_1_452' title='bbox 1353 1858 1510 1893; x_wconf 82' lang='lat' dir='ltr'><strong>tantum</strong></span> <span class='ocrx_word' id='word_1_453' title='bbox 1545 1855 1759 1905; x_wconf 80' lang='lat' dir='ltr'><strong>Presbyter</strong></span> <span class='ocrx_word' id='word_1_454' title='bbox 1790 1855 1876 1893; x_wconf 81' lang='lat' dir='ltr'><strong>fuit.</strong></span> 
     </span>
    </p>

    <p class='ocr_par' dir='ltr' id='par_1_15' title="bbox 1101 1915 2069 2153">
     <span class='ocr_line' id='line_1_78' title="bbox 1156 1915 2067 1968; baseline 0 -13"><span class='ocrx_word' id='word_1_455' title='bbox 1156 1918 1192 1955; x_wconf 90' lang='lat'><strong>3.</strong></span> <span class='ocrx_word' id='word_1_456' title='bbox 1217 1916 1269 1955; x_wconf 89' lang='lat' dir='ltr'><strong>De</strong></span> <span class='ocrx_word' id='word_1_457' title='bbox 1293 1915 1529 1967; x_wconf 72' lang='lat' dir='ltr'><strong>Vz&#39;ryim&#39;tate</strong></span> <span class='ocrx_word' id='word_1_458' title='bbox 1559 1917 1622 1955; x_wconf 90' lang='lat' dir='ltr'><strong>lib.</strong></span> <span class='ocrx_word' id='word_1_459' title='bbox 1652 1919 1685 1955; x_wconf 84' lang='grc'>1.</span> <span class='ocrx_word' id='word_1_460' title='bbox 1709 1922 1749 1956; x_wconf 87' lang='lat' dir='ltr'><strong>et</strong></span> <span class='ocrx_word' id='word_1_461' title='bbox 1771 1916 1972 1968; x_wconf 80' lang='lat' dir='ltr'><strong>Epistolas</strong></span> <span class='ocrx_word' id='word_1_462' title='bbox 1996 1929 2067 1957; x_wconf 82' lang='lat' dir='ltr'><strong>va-</strong></span> 
     </span>
     <span class='ocr_line' id='line_1_79' title="bbox 1101 1978 2066 2031; baseline 0.001 -14"><span class='ocrx_word' id='word_1_463' title='bbox 1101 1978 1189 2017; x_wconf 80' lang='lat' dir='ltr'><strong>rias</strong></span> <span class='ocrx_word' id='word_1_464' title='bbox 1221 1983 1416 2017; x_wconf 89' lang='lat' dir='ltr'><strong>memorat</strong></span> <span class='ocrx_word' id='word_1_465' title='bbox 1446 1979 1514 2018; x_wconf 84' lang='lat' dir='ltr'><strong>Val</strong></span> <span class='ocrx_word' id='word_1_466' title='bbox 1546 1978 1729 2018; x_wconf 81' lang='lat' dir='ltr'><strong>Andreas</strong></span> <span class='ocrx_word' id='word_1_467' title='bbox 1770 1979 1872 2018; x_wconf 91' lang='lat' dir='ltr'><strong>Bibl.</strong></span> <span class='ocrx_word' id='word_1_468' title='bbox 1908 1981 2066 2031; x_wconf 80' lang='lat' dir='ltr'><strong>Belgica</strong></span> 
     </span>
     <span class='ocr_line' id='line_1_80' title="bbox 1101 2041 2069 2092; baseline 0.001 -13"><span class='ocrx_word' id='word_1_469' title='bbox 1101 2052 1187 2092; x_wconf 82' lang='lat' dir='ltr'><strong>pag.</strong></span> <span class='ocrx_word' id='word_1_470' title='bbox 1218 2041 1309 2080; x_wconf 76' lang='lat'><strong>792.</strong></span> <span class='ocrx_word' id='word_1_471' title='bbox 1355 2052 1429 2080; x_wconf 87' lang='lat' dir='ltr'><strong>nec</strong></span> <span class='ocrx_word' id='word_1_472' title='bbox 1476 2053 1553 2079; x_wconf 89' lang='lat' dir='ltr'><strong>non</strong></span> <span class='ocrx_word' id='word_1_473' title='bbox 1586 2042 1787 2081; x_wconf 83' lang='lat' dir='ltr'><strong>Swertius</strong></span> <span class='ocrx_word' id='word_1_474' title='bbox 1818 2043 1855 2079; x_wconf 94' lang='lat' dir='ltr'><strong>in</strong></span> <span class='ocrx_word' id='word_1_475' title='bbox 1899 2042 2069 2080; x_wconf 85' lang='lat' dir='ltr'><strong>Athenis</strong></span> 
     </span>
     <span class='ocr_line' id='line_1_81' title="bbox 1103 2103 1458 2153; baseline 0 -12"><span class='ocrx_word' id='word_1_476' title='bbox 1103 2103 1274 2153; x_wconf 80' lang='lat' dir='ltr'><strong>Belgicis</strong></span> <span class='ocrx_word' id='word_1_477' title='bbox 1305 2115 1328 2153; x_wconf 91' lang='lat' dir='ltr'><strong>p</strong></span> <span class='ocrx_word' id='word_1_478' title='bbox 1367 2103 1458 2142; x_wconf 82' lang='lat'><strong>656.</strong></span> 
     </span>
    </p>

    <p class='ocr_par' dir='ltr' id='par_1_16' title="bbox 1101 2165 2070 2525">
     <span class='ocr_line' id='line_1_82' title="bbox 1155 2165 2070 2217; baseline 0 -13"><span class='ocrx_word' id='word_1_479' title='bbox 1155 2166 1435 2214; x_wconf 77' lang='lat' dir='ltr'>REMEDIUS,</span> <span class='ocrx_word' id='word_1_480' title='bbox 1461 2165 1703 2216; x_wconf 89' lang='lat' dir='ltr'><strong>quibusdam</strong></span> <span class='ocrx_word' id='word_1_481' title='bbox 1725 2165 1952 2217; x_wconf 69' lang='lat' dir='ltr'><strong>Remz&#39;yi&#39;us,</strong></span> <span class='ocrx_word' id='word_1_482' title='bbox 1980 2168 2070 2217; x_wconf 86' lang='lat' dir='ltr'><strong>Epi-</strong></span> 
     </span>
     <span class='ocr_line' id='line_1_83' title="bbox 1103 2228 2068 2279; baseline 0 -14"><span class='ocrx_word' id='word_1_483' title='bbox 1103 2237 1252 2277; x_wconf 87' lang='lat' dir='ltr'><strong>scopus</strong></span> <span class='ocrx_word' id='word_1_484' title='bbox 1281 2228 1495 2265; x_wconf 85' lang='lat' dir='ltr'><strong>Curiensis</strong></span> <span class='ocrx_word' id='word_1_485' title='bbox 1525 2229 1562 2265; x_wconf 88' lang='lat' dir='ltr'><strong>in</strong></span> <span class='ocrx_word' id='word_1_486' title='bbox 1595 2228 1788 2273; x_wconf 60' lang='lat' dir='ltr'><strong>Rhama,</strong></span> <span class='ocrx_word' id='word_1_487' title='bbox 1821 2229 2068 2279; x_wconf 89' lang='lat' dir='ltr'><strong>temporibus</strong></span> 
     </span>
     <span class='ocr_line' id='line_1_84' title="bbox 1101 2288 2069 2339; baseline 0.001 -12"><span class='ocrx_word' id='word_1_488' title='bbox 1101 2288 1229 2327; x_wconf 86' lang='lat' dir='ltr'><strong>Caroli</strong></span> <span class='ocrx_word' id='word_1_489' title='bbox 1262 2290 1310 2327; x_wconf 83' lang='lat' dir='ltr'><strong>M.</strong></span> <span class='ocrx_word' id='word_1_490' title='bbox 1340 2290 1494 2339; x_wconf 82' lang='lat' dir='ltr'><strong>quippe</strong></span> <span class='ocrx_word' id='word_1_491' title='bbox 1511 2290 1629 2339; x_wconf 89' lang='lat' dir='ltr'><strong>cujus</strong></span> <span class='ocrx_word' id='word_1_492' title='bbox 1649 2290 1766 2338; x_wconf 83' lang='lat' dir='ltr'><strong>jussu</strong></span> <span class='ocrx_word' id='word_1_493' title='bbox 1791 2290 1970 2329; x_wconf 79' lang='lat' dir='ltr'><strong>Cauones</strong></span> <span class='ocrx_word' id='word_1_494' title='bbox 1996 2290 2069 2328; x_wconf 86' lang='lat' dir='ltr'><strong>Ec-</strong></span> 
     </span>
     <span class='ocr_line' id='line_1_85' title="bbox 1104 2350 2069 2402; baseline 0.002 -14"><span class='ocrx_word' id='word_1_495' title='bbox 1104 2350 1348 2389; x_wconf 80' lang='lat' dir='ltr'><strong>clesiasticos</strong></span> <span class='ocrx_word' id='word_1_496' title='bbox 1377 2363 1426 2389; x_wconf 79' lang='lat' dir='ltr'><strong>ex</strong></span> <span class='ocrx_word' id='word_1_497' title='bbox 1460 2351 1691 2389; x_wconf 86' lang='lat' dir='ltr'><strong>Pontificum</strong></span> <span class='ocrx_word' id='word_1_498' title='bbox 1717 2352 1907 2402; x_wconf 84' lang='lat' dir='ltr'><strong>Epistolis</strong></span> <span class='ocrx_word' id='word_1_499' title='bbox 1932 2363 2069 2390; x_wconf 83' lang='lat' dir='ltr'><strong>excer-</strong></span> 
     </span>
     <span class='ocr_line' id='line_1_86' title="bbox 1103 2412 2068 2463; baseline 0.002 -13"><span class='ocrx_word' id='word_1_500' title='bbox 1103 2414 1194 2463; x_wconf 86' lang='lat' dir='ltr'><strong>psit.</strong></span> <span class='ocrx_word' id='word_1_501' title='bbox 1221 2413 1356 2451; x_wconf 90' lang='lat' dir='ltr'><strong>Edidit</strong></span> <span class='ocrx_word' id='word_1_502' title='bbox 1380 2412 1598 2452; x_wconf 85' lang='lat' dir='ltr'><strong>Goldastus</strong></span> <span class='ocrx_word' id='word_1_503' title='bbox 1623 2425 1755 2452; x_wconf 87' lang='lat' dir='ltr'><strong>rerum</strong></span> <span class='ocrx_word' id='word_1_504' title='bbox 1789 2413 2068 2452; x_wconf 84' lang='lat' dir='ltr'><strong>Alemannica-</strong></span> 
     </span>
     <span class='ocr_line' id='line_1_87' title="bbox 1106 2475 1679 2525; baseline 0.002 -13"><span class='ocrx_word' id='word_1_505' title='bbox 1106 2486 1193 2513; x_wconf 93' lang='lat' dir='ltr'><strong>rum</strong></span> <span class='ocrx_word' id='word_1_506' title='bbox 1224 2479 1252 2512; x_wconf 89' lang='lat' dir='ltr'><strong>t.</strong></span> <span class='ocrx_word' id='word_1_507' title='bbox 1276 2475 1300 2512; x_wconf 74' lang='lat'><strong>2</strong></span> <span class='ocrx_word' id='word_1_508' title='bbox 1326 2479 1438 2525; x_wconf 85' lang='lat' dir='ltr'><strong>parte</strong></span> <span class='ocrx_word' id='word_1_509' title='bbox 1466 2477 1500 2514; x_wconf 83' lang='grc'>1.</span> <span class='ocrx_word' id='word_1_510' title='bbox 1527 2487 1564 2525; x_wconf 91' lang='lat' dir='ltr'><strong>p.</strong></span> <span class='ocrx_word' id='word_1_511' title='bbox 1587 2475 1679 2514; x_wconf 72' lang='grc'>121.</span> 
     </span>
    </p>

    <p class='ocr_par' dir='ltr' id='par_1_17' title="bbox 1105 2536 2067 2833">
     <span class='ocr_line' id='line_1_88' title="bbox 1156 2536 2065 2575; baseline 0 -2"><span class='ocrx_word' id='word_1_512' title='bbox 1156 2536 1392 2574; x_wconf 87' lang='lat' dir='ltr'><strong>REMENSE</strong></span> <span class='ocrx_word' id='word_1_513' title='bbox 1419 2536 1641 2574; x_wconf 82' lang='lat' dir='ltr'><strong>Chronicon</strong></span> <span class='ocrx_word' id='word_1_514' title='bbox 1668 2536 1790 2574; x_wconf 85' lang='lat' dir='ltr'><strong>breve</strong></span> <span class='ocrx_word' id='word_1_515' title='bbox 1815 2536 1966 2575; x_wconf 85' lang='lat' dir='ltr'><strong>editum</strong></span> <span class='ocrx_word' id='word_1_516' title='bbox 2003 2541 2065 2575; x_wconf 88' lang='lat' dir='ltr'><strong>est</strong></span> 
     </span>
     <span class='ocr_line' id='line_1_89' title="bbox 1107 2596 2064 2648; baseline 0.003 -15"><span class='ocrx_word' id='word_1_517' title='bbox 1107 2596 1144 2633; x_wconf 93' lang='lat' dir='ltr'><strong>in</strong></span> <span class='ocrx_word' id='word_1_518' title='bbox 1177 2596 1323 2635; x_wconf 89' lang='lat' dir='ltr'><strong>Labbei</strong></span> <span class='ocrx_word' id='word_1_519' title='bbox 1355 2597 1599 2635; x_wconf 80' lang='lat' dir='ltr'><strong>Bibliotheca</strong></span> <span class='ocrx_word' id='word_1_520' title='bbox 1624 2597 1730 2636; x_wconf 85' lang='lat' dir='ltr'><strong>MSS.</strong></span> <span class='ocrx_word' id='word_1_521' title='bbox 1752 2602 1847 2635; x_wconf 90' lang='lat' dir='ltr'><strong>tom.</strong></span> <span class='ocrx_word' id='word_1_522' title='bbox 1869 2599 1883 2636; x_wconf 86' lang='grc' dir='ltr'>Ι</span> <span class='ocrx_word' id='word_1_523' title='bbox 1908 2610 1942 2648; x_wconf 95' lang='lat' dir='ltr'><strong>p.</strong></span> <span class='ocrx_word' id='word_1_524' title='bbox 1976 2598 2064 2637; x_wconf 75' lang='lat'><strong>358.</strong></span> 
     </span>
     <span class='ocr_line' id='line_1_90' title="bbox 1105 2658 2067 2710; baseline 0.002 -14"><span class='ocrx_word' id='word_1_525' title='bbox 1105 2658 1334 2708; x_wconf 80' lang='lat' dir='ltr'><strong>Registrum</strong></span> <span class='ocrx_word' id='word_1_526' title='bbox 1368 2659 1637 2708; x_wconf 75' lang='lat' dir='ltr'><strong>Epistolarum</strong></span> <span class='ocrx_word' id='word_1_527' title='bbox 1664 2658 1880 2697; x_wconf 82' lang='lat' dir='ltr'><strong>Alexandri</strong></span> <span class='ocrx_word' id='word_1_528' title='bbox 1908 2660 1970 2698; x_wconf 82' lang='grc' dir='ltr'>ΙΙΙ.</span> <span class='ocrx_word' id='word_1_529' title='bbox 1998 2671 2067 2710; x_wconf 90' lang='lat' dir='ltr'><strong>pro</strong></span> 
     </span>
     <span class='ocr_line' id='line_1_91' title="bbox 1108 2719 2065 2770; baseline 0.002 -12"><span class='ocrx_word' id='word_1_530' title='bbox 1108 2719 1293 2758; x_wconf 73' lang='lat' dir='ltr'><strong>Remensz&#39;</strong></span> <span class='ocrx_word' id='word_1_531' title='bbox 1314 2720 1518 2770; x_wconf 86' lang='lat' dir='ltr'><strong>provincia</strong></span> <span class='ocrx_word' id='word_1_532' title='bbox 1547 2721 1583 2758; x_wconf 92' lang='lat' dir='ltr'><strong>in</strong></span> <span class='ocrx_word' id='word_1_533' title='bbox 1621 2721 1796 2759; x_wconf 83' lang='lat' dir='ltr'><strong>Martenc</strong></span> <span class='ocrx_word' id='word_1_534' title='bbox 1831 2726 1869 2759; x_wconf 87' lang='lat' dir='ltr'><strong>et</strong></span> <span class='ocrx_word' id='word_1_535' title='bbox 1904 2721 2065 2760; x_wconf 81' lang='lat' dir='ltr'><strong>Durand</strong></span> 
     </span>
     <span class='ocr_line' id='line_1_92' title="bbox 1106 2781 1957 2833; baseline 0.001 -13"><span class='ocrx_word' id='word_1_536' title='bbox 1106 2781 1272 2820; x_wconf 84' lang='lat' dir='ltr'><strong>Collect.</strong></span> <span class='ocrx_word' id='word_1_537' title='bbox 1296 2783 1545 2832; x_wconf 84' lang='lat' dir='ltr'><strong>amplissima</strong></span> <span class='ocrx_word' id='word_1_538' title='bbox 1570 2783 1655 2821; x_wconf 87' lang='lat' dir='ltr'><strong>t.-ll</strong></span> <span class='ocrx_word' id='word_1_539' title='bbox 1684 2783 1804 2833; x_wconf 80' lang='lat' dir='ltr'><strong>praef.</strong></span> <span class='ocrx_word' id='word_1_540' title='bbox 1833 2795 1870 2833; x_wconf 90' lang='lat' dir='ltr'><strong>p.</strong></span> <span class='ocrx_word' id='word_1_541' title='bbox 1896 2784 1957 2822; x_wconf 86' lang='lat'><strong>36.</strong></span> 
     </span>
    </p>

    <p class='ocr_par' dir='ltr' id='par_1_18' title="bbox 1106 2843 2069 3267">
     <span class='ocr_line' id='line_1_93' title="bbox 1160 2843 2069 2892; baseline 0.002 -10"><span class='ocrx_word' id='word_1_542' title='bbox 1160 2843 1405 2883; x_wconf 75' lang='lat' dir='ltr'><strong>REMIGIUS</strong></span> <span class='ocrx_word' id='word_1_543' title='bbox 1427 2876 1434 2892; x_wconf 87' lang='lat'>‚</span> <span class='ocrx_word' id='word_1_544' title='bbox 1460 2845 1681 2883; x_wconf 81' lang='lat' dir='ltr'><strong>monachus</strong></span> <span class='ocrx_word' id='word_1_545' title='bbox 1706 2845 1881 2883; x_wconf 78' lang='lat' dir='ltr'><strong>coenobii</strong></span> <span class='ocrx_word' id='word_1_546' title='bbox 1910 2848 1947 2883; x_wconf 82' lang='lat' dir='ltr'><strong>S.</strong></span> <span class='ocrx_word' id='word_1_547' title='bbox 1972 2845 2069 2884; x_wconf 87' lang='lat' dir='ltr'><strong>Ger·</strong></span> 
     </span>
     <span class='ocr_line' id='line_1_94' title="bbox 1108 2905 2066 2955; baseline 0 -11"><span class='ocrx_word' id='word_1_548' title='bbox 1108 2908 1212 2944; x_wconf 79' lang='lat' dir='ltr'><strong>mani</strong></span> <span class='ocrx_word' id='word_1_549' title='bbox 1238 2905 1623 2955; x_wconf 72' lang='lat' dir='ltr'><strong>Autissiodorensis,</strong></span> <span class='ocrx_word' id='word_1_550' title='bbox 1657 2907 1751 2945; x_wconf 87' lang='lat' dir='ltr'><strong>Ord.</strong></span> <span class='ocrx_word' id='word_1_551' title='bbox 1780 2909 1818 2945; x_wconf 89' lang='lat' dir='ltr'><strong>S.</strong></span> <span class='ocrx_word' id='word_1_552' title='bbox 1852 2907 2066 2947; x_wconf 82' lang='lat' dir='ltr'><strong>Benedicti.</strong></span> 
     </span>
     <span class='ocr_line' id='line_1_95' title="bbox 1108 2969 2067 3020; baseline 0.002 -14"><span class='ocrx_word' id='word_1_553' title='bbox 1108 2970 1197 3006; x_wconf 86' lang='lat' dir='ltr'><strong>l’ost</strong></span> <span class='ocrx_word' id='word_1_554' title='bbox 1226 2979 1247 3006; x_wconf 83' lang='lat' dir='ltr'>a</span> <span class='ocrx_word' id='word_1_555' title='bbox 1293 2969 1382 3007; x_wconf 75' lang='lat'><strong>882.</strong></span> <span class='ocrx_word' id='word_1_556' title='bbox 1409 2980 1429 3007; x_wconf 84' lang='lat' dir='ltr'>a</span> <span class='ocrx_word' id='word_1_557' title='bbox 1458 2970 1630 3008; x_wconf 85' lang='lat' dir='ltr'><strong>Fulcone</strong></span> <span class='ocrx_word' id='word_1_558' title='bbox 1661 2969 1844 3020; x_wconf 83' lang='lat' dir='ltr'><strong>Archiep.</strong></span> <span class='ocrx_word' id='word_1_559' title='bbox 1881 2971 2067 3008; x_wconf 85' lang='lat' dir='ltr'><strong>Remensi</strong></span> 
     </span>
     <span class='ocr_line' id='line_1_96' title="bbox 1106 3031 2068 3081; baseline 0 -11"><span class='ocrx_word' id='word_1_560' title='bbox 1106 3031 1152 3070; x_wconf 83' lang='lat' dir='ltr'><strong>ad</strong></span> <span class='ocrx_word' id='word_1_561' title='bbox 1181 3031 1357 3069; x_wconf 71' lang='lat' dir='ltr'><strong>scholam</strong></span> <span class='ocrx_word' id='word_1_562' title='bbox 1383 3031 1432 3069; x_wconf 90' lang='lat' dir='ltr'><strong>ibi</strong></span> <span class='ocrx_word' id='word_1_563' title='bbox 1459 3031 1672 3080; x_wconf 71' lang='lat' dir='ltr'><strong>regendam</strong></span> <span class='ocrx_word' id='word_1_564' title='bbox 1691 3037 1882 3070; x_wconf 82' lang='lat' dir='ltr'><strong>evocatus</strong></span> <span class='ocrx_word' id='word_1_565' title='bbox 1902 3037 1989 3081; x_wconf 87' lang='lat' dir='ltr'><strong>est,</strong></span> <span class='ocrx_word' id='word_1_566' title='bbox 2011 3036 2068 3071; x_wconf 84' lang='lat' dir='ltr'><strong>te-</strong></span> 
     </span>
     <span class='ocr_line' id='line_1_97' title="bbox 1107 3092 2068 3134; baseline 0 -2"><span class='ocrx_word' id='word_1_567' title='bbox 1107 3098 1168 3132; x_wconf 85' lang='lat' dir='ltr'><strong>ste</strong></span> <span class='ocrx_word' id='word_1_568' title='bbox 1198 3092 1417 3130; x_wconf 87' lang='lat' dir='ltr'><strong>Flodoardo</strong></span> <span class='ocrx_word' id='word_1_569' title='bbox 1449 3094 1546 3131; x_wconf 86' lang='lat' dir='ltr'><strong>Hist.</strong></span> <span class='ocrx_word' id='word_1_570' title='bbox 1579 3094 1687 3130; x_wconf 85' lang='lat' dir='ltr'><strong>Rem.</strong></span> <span class='ocrx_word' id='word_1_571' title='bbox 1717 3093 1780 3131; x_wconf 90' lang='lat' dir='ltr'><strong>lV.</strong></span> <span class='ocrx_word' id='word_1_572' title='bbox 1809 3094 1844 3132; x_wconf 88' lang='grc'><strong>9.</strong></span> <span class='ocrx_word' id='word_1_573' title='bbox 1867 3096 1948 3133; x_wconf 75' lang='lat' dir='ltr'><strong>Non</strong></span> <span class='ocrx_word' id='word_1_574' title='bbox 1974 3105 2068 3134; x_wconf 86' lang='lat' dir='ltr'><strong>con-</strong></span> 
     </span>
     <span class='ocr_line' id='line_1_98' title="bbox 1108 3153 2064 3208; baseline 0 -13"><span class='ocrx_word' id='word_1_575' title='bbox 1108 3153 1341 3195; x_wconf 81' lang='lat' dir='ltr'><strong>fundendus</strong></span> <span class='ocrx_word' id='word_1_576' title='bbox 1371 3159 1432 3192; x_wconf 88' lang='lat' dir='ltr'><strong>est</strong></span> <span class='ocrx_word' id='word_1_577' title='bbox 1462 3167 1552 3194; x_wconf 82' lang='lat' dir='ltr'><strong>cum</strong></span> <span class='ocrx_word' id='word_1_578' title='bbox 1576 3157 1764 3207; x_wconf 75' lang='lat' dir='ltr'><strong>Remigiis</strong></span> <span class='ocrx_word' id='word_1_579' title='bbox 1788 3158 2064 3208; x_wconf 87' lang='lat' dir='ltr'><strong>sequentibus.</strong></span> 
     </span>
     <span class='ocr_line' id='line_1_99' title="bbox 1106 3215 2065 3267; baseline 0.003 -13"><span class='ocrx_word' id='word_1_580' title='bbox 1106 3218 1279 3266; x_wconf 72' lang='lat' dir='ltr'><strong>Operose</strong></span> <span class='ocrx_word' id='word_1_581' title='bbox 1310 3215 1358 3253; x_wconf 86' lang='lat' dir='ltr'><strong>de.</strong></span> <span class='ocrx_word' id='word_1_582' title='bbox 1386 3216 1448 3254; x_wconf 89' lang='lat' dir='ltr'><strong>illo</strong></span> <span class='ocrx_word' id='word_1_583' title='bbox 1478 3218 1558 3267; x_wconf 83' lang='lat' dir='ltr'><strong>egit</strong></span> <span class='ocrx_word' id='word_1_584' title='bbox 1587 3218 1685 3256; x_wconf 80' lang='lat' dir='ltr'><strong>Hist.</strong></span> <span class='ocrx_word' id='word_1_585' title='bbox 1716 3218 1886 3258; x_wconf 77' lang='lat' dir='ltr'><strong>literaria</strong></span> <span class='ocrx_word' id='word_1_586' title='bbox 1916 3219 2065 3258; x_wconf 78' lang='lat' dir='ltr'><strong>Galliae</strong></span> 
     </span>
    </p>
   </div>
   <div class='ocr_carea' id='block_1_7' title="bbox 1109 3359 2068 3399">
    <p class='ocr_par' dir='ltr' id='par_1_19' title="bbox 1109 3359 2068 3399">
     <span class='ocr_line' id='line_1_100' title="bbox 1109 3359 2068 3399; baseline 0.002 -10"><span class='ocrx_word' id='word_1_587' title='bbox 1109 3359 1254 3389; x_wconf 69' lang='lat' dir='ltr'><strong>naslerii</strong></span> <span class='ocrx_word' id='word_1_588' title='bbox 1279 3360 1350 3394; x_wconf 74' lang='lat' dir='ltr'><strong>sui,</strong></span> <span class='ocrx_word' id='word_1_589' title='bbox 1376 3367 1415 3389; x_wconf 79' lang='lat' dir='ltr'><strong>an</strong></span> <span class='ocrx_word' id='word_1_590' title='bbox 1432 3367 1508 3391; x_wconf 82' lang='lat' dir='ltr'><strong>vcro</strong></span> <span class='ocrx_word' id='word_1_591' title='bbox 1526 3359 1693 3397; x_wconf 77' lang='lat' dir='ltr'><strong>diversus,</strong></span> <span class='ocrx_word' id='word_1_592' title='bbox 1714 3369 1777 3391; x_wconf 81' lang='lat' dir='ltr'><strong>non</strong></span> <span class='ocrx_word' id='word_1_593' title='bbox 1794 3367 1928 3399; x_wconf 77' lang='lat' dir='ltr'><strong>possum</strong></span> <span class='ocrx_word' id='word_1_594' title='bbox 1947 3361 2068 3393; x_wconf 73' lang='lat' dir='ltr'><strong>dicere.</strong></span> 
     </span>
    </p>
   </div>
  </div>
 </body>
</html>
