2533 4009
489 253 566 292 2¹3⁸

488 330 605 374 atque
635 326 654 361 ii
686 324 802 361 variis
845 318 939 357 vir'is
983 319 1111 357 doctis
1157 322 1352 357 recenseri
1383 326 1421 357 et

495 386 676 424 illustrari
707 394 774 420 eos
801 382 972 429 contigit.
1212 379 1217 384 '

538 449 695 485 §anama
730 443 774 480 cle
811 441 1051 479 Poenitenti'a
1085 445 1122 479 et
1147 441 1424 489 Matrimonia,

486 510 609 546 divisa
635 506 740 543 libris
770 503 828 540 lV.
858 508 895 539 et
926 503 965 541 S.
988 502 1186 541 Antonino
1204 503 1426 541 Florentino

485 572 520 606 in
553 570 712 605 Summa
744 563 887 612 majore
917 574 960 601 ac
984 564 1189 602 Vincentio
1219 566 1364 604 Bellov.
1386 567 1424 602 in

483 628 639 679 speculo
668 625 870 663 doctrinali
901 626 1126 675 frequenter
1162 627 1342 676 laudata,
1371 627 1428 666 di-

480 691 562 727 visa
604 690 637 724 in
683 685 802 725 libros
847 690 1042 739 quatuor,
1087 700 1253 738 quorum
1299 691 1331 728 4.
1378 689 1425 728 dc

480 750 649 800 peccatis
675 747 867 787 adversus
892 750 1026 788 DEUM
1042 781 1051 797 ‚
1073 751 1108 787 2.
1133 749 1325 788 adversus
1342 762 1427 801 pro-

480 811 655 853 ximum,
685 810 720 846 3.
749 810 796 847 de
840 811 1207 850 Ecclesiasticorum
1238 812 1420 860 delictis,

477 872 612 909 officiis
655 877 693 909 et
731 871 911 922 juribus,
942 878 981 910 et
1011 874 1044 911 t.
1082 873 1130 911 de
1174 875 1421 912 Matrimonia

477 937 632 970 tractat.
675 933 816 971 Prodiit
860 936 1004 972 Lovan.
1049 934 1150 973 4480
1183 935 1244 973 fol.
1289 936 1420 974 Colon.

477 995 589 1032 ⁴595.
621 996 738 1032 Paris.
772 995 886 1034 4500.
918 997 938 1033 li

526 1057 753 1107 Apparatus
795 1058 879 1095 sive
930 1058 1082 1107 glossae.
1125 1059 1171 1098 ad
1218 1060 1421 1099 Summam

472 1117 785 1169 Raymundinom
815 1119 888 1157 snb
917 1120 1123 1160 JOANNlS
1153 1122 1325 1161 Lectoris
1349 1134 1418 1161 seu

471 1180 516 1217 de
547 1178 770 1230 Friburyo,
801 1181 892 1220 Ord.
927 1183 1058 1221 i’raed.
1093 1186 1250 1223 nomine
1271 1185 1318 1223 ab
1342 1184 1422 1223 edi-

471 1242 619 1281 toribus
650 1244 836 1282 Summae
870 1245 1055 1283 Romanis
1088 1246 1198 1284 4603.
1236 1247 1271 1294 b)
1294 1247 1355 1285 fol.
1381 1252 1419 1284 et

470 1305 616 1342 Bonon.
649 1305 748 1343 4613
779 1311 897 1356 atque
939 1307 1142 1346 Avenionc
1175 1309 1289 1348 4745.
1323 1310 1357 1346 [ι.
1387 1320 1420 1346 c.

470 1366 657 1417 vulgatae
679 1398 688 1415 ,
719 1372 759 1405 et
786 1367 866 1419 jam
903 1369 1025 1408 lectae
1055 1381 1099 1408 ac
1131 1370 1307 1409 laudatae
1336 1372 1357 1407 a
1382 1372 1420 1408 S.

470 1428 615 1466 'shoma
636 1458 645 1474 ‚
692 1440 829 1468 verum
878 1435 1085 1469 auctorem
1132 1432 1277 1470 habent
1318 1432 1422 1470 GUI-

474 1489 677 1528 LELMUM
698 1491 989 1544 Ilecloizeizsem.l(
996 1495 1132 1533 vitiose
1149 1493 1422 1533 Caldonensem

472 1553 571 1600 aliis]
603 1565 650 1591 ex
680 1554 816 1592 eodem
848 1555 1019 1604 Ordine,
1055 1557 1204 1596 clarum
1229 1558 1273 1596 Α.
1302 1558 1416 1597 4250.

471 1620 513 1653 ut
544 1615 657 1653 docet
685 1617 854 1655 Jacobus
883 1618 1018 1663 Quetif
1044 1624 1071 1656 t.
1114 1622 1149 1658 4.
1173 1631 1209 1670 p.
1234 1621 1300 1659 434
1334 1621 1422 1659 409.

520 1676 723 1716 Summulo
775 1679 996 1731 Raymumlz‘
1027 1683 1110 1720 sive
1145 1682 1420 1733 compendium

470 1740 656 1778 Summae
687 1742 868 1780 versibus
899 1742 1140 1781 hexametris
1177 1744 1224 1782 ab
1248 1744 1421 1783 ADAMO

470 1801 638 1850 quodam
661 1833 670 1849 ,
687 1813 775 1840 cum
795 1807 1088 1843 commentario.
1116 1807 1278 1857 Incipit:
1304 1808 1418 1846 Sum-

470 1861 578 1900 vaula
607 1863 652 1901 cle
695 1876 847 1904 summa
891 1867 1113 1918 Raymutuli
1147 1868 1297 1920 prodiit
1322 1869 1412 1907 istu.

471 1925 607 1964 Colon.
644 1926 756 1964 47498.
787 1930 821 1971 a)
854 1929 968 1969 4502.
1000 1930 1033 1967 4.
1067 1931 1203 1968 Venet.
1238 1932 1348 1969 4569.
1381 1932 1415 1968 8.

527 1989 699 2037 Denique
731 1990 931 2028 meliorem
963 2002 1141 2030 summae
1179 1992 1419 2043 Raymundi-

473 2061 544 2087 nae
586 2050 796 2089 editionem
839 2052 1029 2091 debemus
1072 2056 1213 2105 Lageto
1251 2055 1284 2104 b)
1325 2054 1416 2093 Ord.

472 2111 605 2150 Praed.
649 2116 761 2152 textu
804 2125 1004 2154 sacrorum
1052 2117 1284 2164 Canonum,
1319 2128 1418 2167 quos

472 2174 605 2212 laudat
649 2175 934 2225 ltaymundus,
975 2177 1250 2228 locupletatam
1289 2183 1328 2216 et
1370 2177 1417 2216 ad

473 2241 652 2275 veterum
670 2237 857 2276 Codicum
875 2238 990 2276 fidem
1023 2241 1260 2290 recognitam
1285 2251 1418 2278 emen-

472 2298 708 2349 datamque,
741 2300 886 2338 additis
927 2303 1045 2339 etiam
1080 2302 1419 2342 observationibus

471 2364 511 2396 et
540 2360 586 2398 ad
617 2361 863 2413 disciplinam
885 2364 1045 2402 Concilii
1070 2364 1287 2403 Tridentini
1318 2366 1421 2415 Ray-

473 2423 664 2462 mundum
691 2424 996 2464 moderantibus.
1020 2426 1198 2477 Lugduni
1230 2429 1330 2467 4748
1359 2428 1423 2466 fol.

521 2486 613 2533 (0246
642 2487 775 2525 Melior
790 2486 908 2525 editio
938 2489 1145 2527 Parisions.
1176 2491 1279 2529 4720
1307 2492 1368 2529 fol.
1399 2504 1420 2530 a

468 2548 507 2584 P.
537 2549 678 2598 Paget,
710 2560 848 2588 recusa
882 2554 922 2588 et
951 2556 1065 2589 aucta
1097 2552 1273 2591 Veronae
1306 2554 1419 2593 4744..

473 2610 534 2647 sol.
565 2621 640 2648 non
671 2612 916 2662 omittenda)

525 2672 676 2712 Inedita
697 2674 878 2713 feruntur
902 2687 1002 2725 quae
1032 2679 1068 2715 in
1093 2677 1222 2716 lucem
1247 2679 1419 2729 proferre

474 2733 574 2771 idem
607 2736 776 2785 Lagetus
805 2739 837 2785 c)
868 2737 1034 2776 libenter
1062 2740 1212 2778 voluit:
1256 2739 1419 2780 Dubita-

473 2792 591 2843 bilia,
637 2808 725 2835 cum
771 2799 1094 2848 responsionibus
1135 2801 1188 2839 ad
1224 2803 1418 2853 quaedam

473 2858 604 2908 capita
619 2859 741 2898 missu
765 2859 818 2897 od
841 2861 1072 2912 Pontificem,
1096 2864 1327 2914 Gregorium
1351 2867 1414 2903 lx.

529 2921 692 2959 Summa
717 2922 873 2972 quando
892 2923 1092 2973 poenitens
1114 2925 1263 2963 remitti
1281 2925 1419 2964 debeat

476 2981 528 3019 od
550 2983 804 3033 superiorem.

533 3045 738 3084 Tractatus
767 3046 812 3084 (le
837 3045 933 3085 bello
964 3051 1001 3085 et
1026 3047 1162 3086 duello.

533 3218 563 3238 a.
588 3212 757 3247 (uaedam
780 3217 926 3255 exempla
963 3217 1059 3259 hujus
1099 3218 1256 3250 editionis
1289 3222 1419 3250 Annum

483 3258 566 3290 4619.
591 3261 787 3298 praeierunt.

533 3308 567 3343 b)
594 3311 726 3341 Journal
750 3314 803 3344 cles
827 3317 900 3346 sav.
922 3315 1010 3348 1716.
1035 3319 1206 3349 Novembr.
1232 3327 1264 3357 p.
1287 3318 1359 3349 536.

537 3367 566 3392 cs
591 3359 804 3395 Br-uuhmnius
830 3366 990 3398 incunab.
1013 3369 1207 3408 typograph.
1231 3378 1302 3408 pag.
1351 3367 1419 3399 117·

1328 250 1609 290 ΡΕΚΒΙΧ

1550 325 1602 360 De
1620 322 1772 359 ratione
1796 323 2011 363 visitandae
2031 325 2216 364 dioecesis
2233 328 2269 363 et
2291 335 2435 363 curan·

1497 386 1569 424 (loe
1597 382 1842 422 subditorum
1871 385 2031 425 Salutis.

1552 445 1689 486 Modus
1709 445 1818 495 juste
1847 449 2068 497 ueyotiandi
2089 450 2127 488 in
2144 450 2319 501 qratiam
2341 459 2443 488 mer-

1507 512 1698 547 catorum.

1553 567 1748 621 Epistolae
1770 567 1929 619 plures,
1953 572 2188 620 praesertim
2215 571 2446 624 Encyclicae

1500 631 1553 670 od
1583 635 1704 669 totum
1736 629 1934 669 Ordinem·

1552 694 1633 732 Non
1659 692 1921 731 omittendum
1939 693 2041 743 quod
2059 695 2106 733 ab
2125 695 2197 734 hoc
2213 694 2446 746 Raymundo

1500 757 1617 795 etiam
1651 754 1951 794 constitutiones
1997 754 2155 795 Ordinis
2199 757 2447 797 Praedicato-

1500 829 1590 856 rum
1614 816 1667 854 ad
1693 815 1891 854 meliorem
1915 815 2086 868 formam
2108 815 2290 858 redactae
2313 825 2353 858 et
2372 820 2446 859 sub

1498 879 1653 919 duabus
1683 879 2010 918 Distinctionibus
2038 881 2295 920 concinnatae
2326 887 2443 930 sunt,

1498 946 1803 992 acceptataeque
1832 941 1880 980 ab
1917 940 2063 981 Ordine
2092 952 2163 991 per
2203 942 2359 983 modum
2391 945 2448 983 in-

1496 1004 1714 1042 choationis
1753 1004 1873 1041 Paris.
1920 1002 2036 1042 4239.
2078 1007 2118 1041 et
2158 1005 2447 1054 approbationis

1497 1067 1692 1104 Bononiae
1723 1065 1838 1104 4240.
1869 1076 1914 1104 ac
1943 1065 2253 1106 confirmationis
2279 1065 2448 1119 denique

1497 1129 1617 1166 Paris.
1651 1127 1767 1166 4244.

1547 1192 1825 1229 Bonaventura
1844 1188 2074 1229 Baduarius
2087 1191 2113 1229 ὰ
2134 1191 2302 1242 Peraya.
2320 1191 2447 1242 Supra

1497 1258 1589 1291 tom.
1621 1254 1656 1290 4.
1687 1262 1772 1302 pag.
1803 1251 1893 1290 237.

1546 1312 1762 1353 Guilelmus
1780 1314 2049 1354 PERALDUS.
2073 1315 2167 1366 Sup.
2185 1320 2212 1354 t.
2231 1315 2268 1353 3.
2292 1326 2329 1366 p.
2355 1316 2443 1354 454.

1549 1378 1734 1415 PERDIX
1763 1376 2064 1416 Mathematicus
2093 1377 2141 1416 de
2176 1388 2254 1428 qno
2299 1376 2444 1416 Sidonii

1496 1444 1535 1478 et
1563 1439 1674 1478 Alani
1707 1439 1789 1477 loca
1832 1439 1947 1477 attuli
1991 1449 2110 1489 supra
2153 1440 2192 1477 in
2236 1438 2451 1479 Claudiano

1496 1504 1682 1541 Mamerto
1712 1505 1806 1539 tom.
1838 1503 1871 1540 4.
1903 1512 1990 1552 pag.
2021 1501 2110 1540 358.

1549 1564 1732 1602 PERDIX
1748 1595 1759 1611 ‚
1786 1563 2016 1614 Prophetiae
2041 1563 2183 1603 titulus
2207 1563 2255 1602 de
2279 1574 2357 1615 qua
2383 1564 2452 1602 Le-

1496 1626 1637 1665 landus
1665 1638 1698 1664 c.
1728 1627 1764 1663 9.
1794 1625 1842 1663 de
1867 1626 2125 1676 scriptoribus
2155 1627 2407 1666 Britannicis.

1550 1687 1862 1728 PEREGRINUS
1879 1685 2014 1726 Abbas
2030 1689 2226 1739 septimus
2247 1688 2449 1728 Ecclesiae

1495 1754 1536 1790 B.
1559 1752 1698 1790 Mariae
1720 1749 1768 1788 de
1795 1750 2003 1797 Fontanis‚
2028 1749 2222 1789 dioecesis
2245 1751 2451 1790 Turonen-

1495 1815 1550 1851 sis
1573 1812 1707 1851 Ordin.
1732 1813 1900 1851 Cisterc.
1922 1812 2082 1861 scripsit
2105 1810 2309 1851 historiam
2336 1814 2450 1851 Prae—

1492 1875 1659 1913 latorum
1691 1878 1731 1911 et
1774 1874 2074 1912 possessionum
2113 1873 2217 1912 illius
2260 1873 2449 1913 Abbatiae

1490 1936 1635 1974 editam
1666 1937 1687 1974 a
1718 1935 1909 1973 Dacherio
1938 1940 2035 1973 tom.
2066 1935 2110 1974 V.
2143 1936 2333 1986 spicilegii
2362 1947 2448 1987 pag.

1493 1997 1578 2037 405.
1613 1997 1715 2049 (edit.
1747 2008 1872 2036 novae
1919 2002 2013 2035 tom.
2043 1997 2078 2035 2.
2112 2008 2200 2049 pag.
2238 1997 2313 2037 573
2343 1999 2445 2048 580.)

1493 2062 1534 2099 ln
1566 2064 1674 2110 parte
1707 2061 1827 2110 prima
1856 2070 1939 2110 pag.
1971 2058 2060 2098 577.
2090 2060 2144 2098 ait
2173 2071 2216 2099 se
2257 2060 2320 2100 illa
2350 2063 2446 2100 scri-

1492 2125 1618 2173 psisse
1648 2122 1722 2160 An.
1754 2122 1852 2160 4200
1885 2121 1974 2159 inde
2004 2125 2114 2172 parte
2143 2122 2318 2161 secunda
2347 2121 2439 2175 pag.
2530 2152 2533 2171 ,

1491 2184 1581 2224 577.
1611 2186 1757 2222 mentio
1799 2189 2000 2233 gestorum
2031 2183 2104 2221 An.
2143 2184 2257 2224 4224.
2288 2190 2329 2224 et
2357 2197 2444 2238 pag.

1491 2247 1578 2286 579.
1609 2248 1682 2286 An.
1715 2247 1829 2286 4227.

1544 2310 1856 2348 PEREGRINUS
1885 2307 2138 2348 Bononiensis
2166 2308 2264 2348 Ord.
2306 2310 2441 2348 Minor.

1492 2373 1594 2411 circa
1625 2372 1697 2410 An.
1731 2371 1844 2410 4340.
1875 2371 2042 2421 scriptor
2074 2370 2360 2411 Chronicorum
2374 2371 2446 2410 Or-

1495 2433 1601 2472 dinis
1629 2435 1689 2472 sui
1714 2433 1762 2472 de
1785 2434 1903 2472 rebus
1920 2433 2157 2472 notabilibus
2179 2433 2444 2482 Generatim,

1495 2498 1560 2547 qui
1591 2496 1899 2543 Gondisalvum,
1930 2496 1991 2534 cui
2023 2506 2122 2546 opus
2151 2494 2328 2534 dicatum
2358 2501 2444 2546 est,

1495 2563 1812 2609 praecesserunt.
1846 2559 1946 2597 Haec
1991 2556 2187 2597 Chronica
2229 2557 2447 2609 Pereqrim‘.

1495 2621 1590 2659 Vide
1624 2620 1889 2671 Waddingum
1919 2620 1965 2659 ad
1999 2619 2042 2657 Λ.
2077 2619 2193 2658 4305.
2216 2630 2325 2658 num.
2357 2620 2418 2659 42.

1549 2682 1829 2723 Constantinus
1849 2681 2188 2729 PEREGRINUS,
2213 2691 2332 2731 supra
2356 2686 2382 2719 t.
2409 2684 2444 2721 4.

1520 2756 1579 2795 ag.
1613 2746 1702 2784 394.

1492 2757 1516 2795 p
1544 2807 1859 2846 PEREGRINUS
1889 2807 1975 2844 sive
2006 2804 2324 2844 PELEGRIMUS
2351 2806 2445 2858 Epi-

1488 2880 1629 2919 scopus
1673 2869 1954 2907 Laureacensis
1998 2865 2166 2917 (Larch,
2199 2867 2236 2904 in
2279 2868 2442 2917 Norico,

1489 2932 1733 2979 Germaniae)
1763 2932 1865 2969 circa
1894 2930 1967 2969 An.
2000 2929 2087 2967 970.
2119 2929 2286 2980 scriptor
2308 2930 2441 2970 brevis

1489 2991 1663 3044 Symbola·
1690 2991 1825 3040 Fidei,
1855 2992 1959 3042 quod
1987 2993 2023 3029 in
2049 2991 2440 3043 orthodoxographis

1489 3056 1668 3105 utrisque
1692 3060 1731 3093 et
1753 3057 1788 3092 in
1811 3054 2064 3093 Bibliothecis
2081 3055 2238 3092 Patrum
2258 3054 2440 3104 frequen-

1483 3224 1540 3252 sac
1563 3222 1677 3259 Quetif
1698 3226 1782 3254 tom.
1805 3223 1818 3253 1
1845 3231 1923 3263 pag.
1946 3221 2017 3254 109.
2040 3222 2098 3253 Nic
2134 3221 2299 3274 Antonius¹
2321 3223 2402 3253 tom.
2424 3222 2444 3252 2

1485 3270 1776 3358 pagb)45;.⁰uvenes
1799 3321 1976 3352 litteraires
1997 3326 2081 3353 tom·
2103 3321 2143 3351 X.
2167 3327 2199 3359 p.
2227 3318 2302 3351 202.

1545 3370 1576 3408 c)
1600 3372 1769 3401 Memotres
1791 3371 1830 3401 de
1852 3373 1999 3403 Trevoux
2027 3369 2120 3401 1717.
2145 3369 2242 3401 Mars.
2266 3377 2297 3408 p.
2323 3367 2400 3402 510.
