2517 4009
901 248 1286 294 NICOLAUS
2021 256 2098 295 103

156 318 421 362 NICOLAUM
442 316 753 357 Brechenclolum
773 319 860 358 sive
883 320 1069 359 Brehem-

100 383 236 424 datum
252 381 569 422 Grammaticum
591 379 763 432 Anglum
787 382 962 433 Cangius
986 383 1069 422 lau-

101 446 170 484 dat
199 457 248 484 ex
279 445 436 490 pitseo,
468 443 534 492 qui
567 454 652 493 pag.
685 444 775 482 889.
805 447 892 483 eius
922 445 1067 483 librum

99 506 148 546 de
178 505 313 546 verbis
355 502 663 556 deponentibus3
706 510 827 557 atque
871 506 991 546 alium
1022 505 1068 545 de

98 566 315 608 verborum
342 565 696 618 siqnificationibus
719 573 926 607 memorat.
951 568 1068 607 Baleo

98 631 187 670 Xll.
216 630 280 669 85.
310 627 577 667 Breclcendale
605 630 793 680 appellari
825 630 952 669 video.

153 690 406 732 NICOLAUS
429 689 645 741 Brzyamus
666 720 674 739 ,
705 691 888 741 Anglus‚
917 691 1067 741 JCtus,

100 756 262 806 scripsit
294 753 524 794 Venationes
548 765 688 792 rerum
719 752 1066 801 memorabilium,

99 822 140 857 et
167 827 307 856 rerum
343 814 671 867 quotidianarum
705 813 831 855 libros
871 816 956 855 XII.
989 817 1065 856 Sed

93 879 230 932 junior
257 883 343 926 est,
373 889 465 917 nam
496 879 518 916 a
547 878 663 916 Baleo
692 879 762 917 IX.
794 880 855 917 48.
897 879 1068 918 traditur

97 942 291 981 claruisse
318 940 393 979 An.
425 940 542 980 4550.
588 941 774 979 Poemata
804 942 925 980 etiam
963 941 1067 980 illius

100 1007 296 1043 memorat
323 1003 482 1042 Pitseus
509 1014 597 1054 pag.
629 1002 721 1041 750.

154 1063 407 1104 NICOLAUS
434 1062 679 1116 Brunfeldus
707 1065 838 1103 Pitseo
863 1076 954 1115 pag.
975 1066 1064 1104 889.

98 1126 286 1166 laudatus
314 1125 662 1177 Historiographus
691 1125 871 1177 Anglus,
898 1129 1067 1178 scriptor

98 1189 388 1228 Chronicorum
411 1219 420 1237 ‚
450 1189 625 1227 maxime
665 1188 714 1227 de
752 1188 873 1228 rebus
915 1191 1065 1240 patriae

99 1261 208 1289 suae.
238 1248 354 1299 Apud
384 1249 483 1287 alios
512 1249 638 1288 altum
668 1249 724 1288 de·
748 1249 821 1289 hoc
845 1250 1063 1290 silentium.

153 1309 408 1348 NICOLAUS
451 1309 651 1360 Bunyeius
697 1311 783 1349 sive
824 1310 869 1349 de
906 1312 1067 1363 Bunyey

98 1369 255 1421 Anglus
283 1371 590 1417 Norfolciensis,
620 1372 853 1411 Sacellanus
882 1374 1064 1425 Episcopi

99 1431 369 1471 Londinensis
397 1433 502 1471 circa
530 1432 577 1471 A.
608 1433 723 1472 4440.
751 1434 918 1484 Scripsit
947 1434 1065 1473 adno-

45 1497 52 1503 “
99 1493 266 1532 tationes
305 1493 620 1543 Chronicorum,
652 1499 694 1533 ut
729 1495 833 1534 Guil.
871 1497 1065 1534 Botonero

97 1559 203 1594 teste
226 1555 320 1604 (non
345 1556 503 1595 Nicolao
527 1557 733 1607 Brigamo‚
755 1560 800 1595 ut
823 1556 932 1608 legas
960 1558 1065 1608 apud

99 1617 287 1656 Vossium
315 1629 353 1668 p.
386 1617 488 1667 633.)
519 1618 699 1657 referunt
728 1619 873 1658 Baleus
902 1621 969 1658 XI.
1002 1621 1063 1659 45.

99 1682 141 1717 et
170 1679 328 1717 Pitseus
359 1690 446 1730 pag.
477 1679 568 1717 628.

149 1739 402 1780 NlCOLAUS
427 1740 694 1792 Burqensius‚
725 1752 846 1793 supra
882 1741 1068 1783 Nicotaus

97 1801 357 1853 Boryhesius.

150 1864 402 1904 NICOLAUS
417 1865 576 1904 natione
588 1865 760 1905 German
768 1867 1064 1916 uS,Ord.Praed.

94 1926 321 1977 Episcopus
362 1926 572 1976 Buthroti,
616 1929 704 1966 sive
752 1929 1066 1970 Botrontinensis

101 1988 142 2026 in
173 1987 340 2028 Albania
358 2020 370 2038 ,
396 1990 556 2040 scripsit
585 1989 632 2028 ad
665 1991 914 2030 Clementem
938 1994 981 2032 V.
1004 2005 1067 2033 re—

95 2048 283 2089 lationem
302 2049 350 2089 de
374 2049 514 2090 itinere
547 2052 717 2091 Henrici
748 2055 832 2092 VII.
862 2054 1000 2094 Italico
1029 2060 1068 2094 et

93 2110 141 2151 de
163 2110 286 2152 rebus
314 2111 366 2151 ab
405 2113 480 2152 An.
519 2115 634 2154 4340.
669 2115 725 2154 ad
761 2117 877 2156 4343.
918 2118 1063 2168 quibus

97 2175 184 2225 ipse
211 2176 328 2214 vixit.
357 2175 494 2214 Edidit
522 2177 712 2217 Baluzius
742 2183 836 2217 tom.
868 2180 905 2218 2.
942 2179 1064 2230 Papa-

91 2249 181 2276 rum
210 2237 555 2277 Avenionensium
608 2250 698 2291 pag.
729 2241 845 2280 4443.
878 2242 993 2281 4230.
1025 2248 1065 2281 et

97 2304 189 2351 post
216 2299 425 2339 Baluzium
454 2301 695 2340 Muratorius
725 2306 820 2340 tom.
863 2304 931 2341 IX.
979 2304 1066 2342 the-

96 2362 205 2401 sauri
235 2373 371 2401 rerum
401 2363 644 2402 Italicarum.
674 2363 772 2402 Vide
802 2364 1004 2404 Oudinum
1037 2371 1062 2403 t.

96 2424 132 2462 3.
163 2435 251 2475 pag.
283 2423 374 2463 736.
404 2428 445 2462 et
474 2424 664 2462 Jacobum
705 2425 870 2474 Quetif,
900 2430 995 2465 tom.
1028 2430 1064 2466 4.

94 2487 185 2536 pag.
214 2485 307 2524 522.
335 2485 400 2535 qui
423 2489 535 2524 notat
560 2487 704 2524 vitiose
729 2486 836 2526 hunc
860 2488 1063 2528 Nicolaum

100 2546 124 2584 a
151 2545 392 2596 quibusdam
421 2546 695 2595 Bituntinum‚
739 2548 1063 2599 Botudinensem,

94 2605 382 2646 Bondinensem
411 2607 475 2646 vel
505 2607 834 2648 Bomdomitinum
863 2612 1065 2661 appellari.

150 2669 402 2709 NlCOLAUS
434 2669 679 2721 Cantolupus
712 2671 960 2721 (Cantilowe)
986 2672 1066 2711 An—

95 2731 211 2783 glus‚
242 2731 550 2771 Carmelitarum
583 2734 690 2770 Prior
722 2735 810 2782 (non
841 2735 1066 2784 Episcopus

96 2799 142 2833 ut
169 2798 338 2832 vocatur
367 2793 470 2844 apud
514 2793 716 2845 Alegrium
750 2808 787 2846 p.
817 2795 921 2843 3745.)
959 2796 1063 2834 diem

95 2856 191 2895 obiit
219 2855 546 2894 Northamtoniae
574 2856 692 2895 Anno
723 2858 838 2896 4444.
882 2858 980 2896 Eius
1011 2857 1067 2896 hi-

96 2916 264 2957 storiam
287 2917 334 2956 de
356 2917 603 2970 Antiquitate
627 2922 666 2958 et
703 2919 864 2970 Orzyine
903 2919 1066 2959 Univer-

96 2979 226 3018 sitatis
251 2977 597 3030 Caritabriyieiisz's
626 2980 750 3019 edidit
772 2992 864 3020 cum
892 2981 1065 3020 'rhomae

98 3043 248 3093 Sprotti
278 3041 476 3080 Chronico
506 3042 680 3081 Thomas
726 3044 908 3091 llearne,
945 3043 1051 3082 Lond

98 3103 214 3144 4749.
246 3103 283 3142 8.
315 3103 483 3154 Scripsit
512 3109 716 3154 praeterea
748 3104 786 3142 in
810 3105 988 3156 primum
1022 3104 1065 3143 li·-

100 3164 219 3204 brum
242 3165 539 3206 Sententiarum
559 3194 565 3213 ‚
588 3170 628 3203 ct
653 3165 698 3203 de
723 3164 839 3204 laude
863 3166 930 3205 sui
954 3166 1066 3205 Ordi-

99 3228 189 3276 πίε,
214 3232 318 3266 teste
349 3226 521 3266 Lelando
551 3238 636 3277 cap.
658 3226 747 3265 547.
773 3227 894 3265 Addit
923 3229 1065 3267 Baleus

99 3290 200 3329 Vlll.
226 3291 264 3329 5.
285 3290 360 3339 (cui
384 3289 485 3328 male
509 3288 738 3340 Cantilepus
763 3288 919 3338 dicitur)
943 3289 1066 3329 Chro-

100 3352 215 3391 nicon
236 3351 424 3404 epitomen
449 3352 471 3389 ἐι
502 3362 635 3391 rerum
666 3351 896 3401 originibus,
935 3352 1065 3391 Histo-

1141 320 1302 360 riarum
1318 323 1564 375 appendices,
1582 326 1603 363 a
1620 326 1868 376 temporibus
1886 328 2107 367 Innocentii

1144 383 1208 420 ΙΙΙ.
1231 388 1272 421 et
1293 384 1683 436 Qnaclraqestimales
1708 387 1934 429 Conciones.
1956 391 2107 430 Eadem

1142 445 1300 484 Pitseus
1331 458 1417 498 pag.
1445 449 1534 487 635.
1564 449 1802 490 Encomium
1833 451 1994 491 Ordinis
2018 455 2106 500 sui,

1142 507 1228 545 sive
1258 513 1410 558 partem
1441 509 1528 560 ejus
1551 512 1720 561 priorem
1747 512 1893 552 vidisse
1917 526 1960 553 se
1986 517 2107 554 refert

1141 569 1311 608 Brianus
1340 571 1497 621 Twyne
1529 574 1564 610 in
1603 574 1819 625 apologiam
1868 576 2107 618 Academiae

1141 629 1405 679 Oxoniensis,
1437 633 1506 671 sed
1552 637 1683 674 omnia
1729 638 1878 687 repleta
1908 641 1962 677 ait
1996 642 2107 679 miris

1141 702 1187 729 ac
1216 693 1428 743 stupendis
1459 695 1625 745 fabulis,
1656 702 1701 736 ut
1729 699 1868 738 Vossio
1897 712 1984 752 pag.
2015 703 2105 742 560.

1137 752 1220 802 jam
1253 758 1448 794 notatum.

1195 815 1447 857 NICOLAUS
1476 820 1703 860 Canonicus
1733 823 1926 873 regularis
1955 826 2107 865 Coeno-

1140 876 1192 915 bii
1224 877 1533 930 Cantipratani,
1559 884 1662 921 circa
1692 883 1766 922 An.
1802 885 1915 924 42ἶιο.
1947 890 2108 938 scripsit

1141 940 1468 990 supplementum
1505 943 1611 982 Vitae
1640 945 1679 983 S.
1701 946 1858 984 Mariae
1878 948 2109 998 Oiqniacen—

1138 999 1195 1038 sis
1217 1003 1460 1051 compositae
1484 1014 1503 1041 a
1530 1004 1725 1045 JACOBO
1745 1006 1791 1045 cle
1815 1007 1995 1047 Vitriac0.
2016 1012 2107 1048 Pro-

1141 1060 1212 1099 diit
1242 1063 1278 1100 in
1323 1064 1436 1103 Actis
1479 1066 1719 1106 Sanctorum
1766 1074 1861 1107 tom.
1894 1071 1954 1110 lv.
1999 1074 2104 1110 lunii

1141 1122 1204 1161 22.
1235 1135 1322 1174 pag.
1357 1125 1446 1163 666.
1477 1128 1566 1166 676.

1191 1185 1374 1224 NICOLA
1385 1187 1445 1226 US
1462 1188 1724 1239 Cauussinns,
1741 1192 2007 1232 Cividalensis
2018 1197 2105 1235 sive

1140 1246 1420 1295 Forojuliensis
1449 1251 1553 1289 circa
1583 1252 1659 1290 An.
1689 1254 1805 1292 4516.
1843 1257 2003 1305 scripsit
2039 1269 2104 1296 res

1142 1307 1419 1348 Cividalenses
1438 1312 1474 1350 in
1503 1312 1599 1351 libro
1613 1312 1660 1351 de
1674 1315 1836 1365 patriae
1858 1318 2105 1358 restitutione

1139 1368 1336 1408 adversus
1365 1372 1615 1413 Sabellicum.
1649 1375 1732 1414 Non
1765 1382 1885 1416 notus
1913 1386 1975 1418 est
2006 1382 2101 1419 mihi

1140 1429 1202 1468 hic
1232 1433 1401 1482 scriptor
1423 1434 1554 1473 adhuc
1580 1437 1753 1476 ineditus
1782 1439 1854 1476 nisi
1879 1452 1928 1478 ex
1951 1442 2100 1491 Vossio,

1139 1504 1259 1542 quem
1291 1495 1322 1531 si
1354 1495 1483 1544 placet
1514 1496 1604 1535 vide
1634 1509 1721 1549 pag.
1752 1499 1841 1539 682.

1195 1555 1448 1596 MCOLAUS
1485 1558 1704 1609 Capoccius
1737 1563 1822 1600 sive
1860 1561 2103 1613 Capocienus

1139 1616 1369 1667 Romanus,
1400 1617 1563 1659 Honorii
1593 1622 1655 1660 IV.
1686 1623 1886 1662 Pontificis
1913 1625 2100 1676 abnepos,

1139 1678 1361 1718 Cardinalis
1410 1682 1632 1733 Episcopus
1685 1686 1938 1725 Tusculanus
1994 1687 2100 1726 diem

1139 1741 1234 1779 obiit
1262 1742 1336 1780 An.
1369 1743 1482 1782 4378.
1514 1746 1732 1797 Collegium
1770 1748 2032 1795 Perusinum,
2063 1749 2102 1788 Ia

1143 1802 1344 1854 Sapienza
1388 1805 1572 1856 vecchia,
1616 1808 1799 1847 fundavit
1841 1821 1886 1848 ac
1930 1810 2103 1862 Reyulas

1144 1877 1214 1916 pro
1244 1866 1307 1905 illa
1338 1869 1521 1919 scripsit,
1552 1870 1697 1920 quibus
1740 1872 1943 1911 Juvenum
1974 1885 2104 1912 mores

1141 1928 1438 1969 instruerentur
1467 1931 1514 1969 ad
1563 1931 1784 1971 doctrinam
1816 1939 1856 1972 et
1899 1935 2100 1984 pietatem.

1137 1991 1282 2029 Exstat
1319 1996 1422 2030 teste
1452 1992 1621 2031 Oldoino
1652 2006 1737 2046 pag.
1779 1996 1867 2033 499.
1908 1997 2102 2036 Athenaei

1138 2053 1329 2102 Romani,
1370 2054 1458 2104 ejus
1500 2055 1683 2095 Volumen
1727 2056 1952 2096 litterarum
1989 2070 2103 2109 neqo-

1140 2113 1295 2153 tialium
1324 2115 1379 2154 ad
1397 2115 1589 2157 diversos.
1615 2120 1760 2158 Exstat
1785 2121 1821 2158 in
1843 2121 2103 2170 Bibliotheca,

1138 2176 1325 2216 videlieet
1355 2179 1570 2228 Vaticana,
1602 2182 1638 2218 in
1671 2193 1748 2231 qua
1793 2184 1912 2221 etiam
1951 2183 2025 2222 alia
2055 2183 2102 2222 ad

1137 2240 1500 2290 jurisprudentiam
1541 2244 1780 2292 pertinentia
1812 2244 1930 2284 huius
1959 2246 2104 2284 Nicolai

1139 2302 1312 2352 scripta,
1343 2302 1374 2339 si
1407 2301 1506 2340 fides
1539 2304 1583 2341 G.
1614 2305 1789 2354 Josepho
1818 2306 1937 2356 Eggs,
1959 2311 2053 2344 tom.
2081 2309 2096 2346 4

1139 2374 1339 2413 purpurae
1369 2363 1509 2402 doctae
1538 2375 1625 2415 pag.
1658 2366 1748 2403 386.

1192 2425 1443 2464 NICOLAUS
1486 2427 1676 2465 Miscinus
1721 2428 1984 2478 (Misquinus,
2025 2431 2103 2468 Μο-

1139 2487 1317 2536 schinus)
1364 2488 1622 2528 Caracciolus
1665 2490 1977 2539 Neapolitanus,
2006 2490 2101 2528 Ord.

1140 2549 1277 2587 Praed.
1307 2561 1356 2587 ex
1382 2552 1628 2589 Messanensi
1657 2552 1852 2601 Episcopo
1881 2551 2100 2590 Cardinalis

1141 2609 1358 2649 defunctus
1388 2612 1462 2649 An.
1497 2613 1609 2650 4389.
1641 2613 1800 2662 scripsit
1829 2613 2032 2651 Summam
2054 2612 2101 2650 de

1139 2671 1408 2719 Poenitentia,
1436 2677 1476 2709 et
1497 2676 1709 2710 tractatum
1738 2672 1784 2711 de
1825 2673 2100 2712 [incarnatione

1145 2731 1271 2771 Verbi.
1297 2735 1502 2772 Praeterea
1527 2733 1804 2784 depositionem
1826 2734 1872 2772 (Ic
1900 2746 1997 2773 vera
2024 2736 2100 2775 Ca-

1139 2793 1279 2832 nonica
1309 2794 1492 2834 electione
1521 2794 1673 2833 Urbani
1700 2796 1758 2834 VI.
1785 2801 1823 2833 et
1848 2797 1945 2834 ⁴icta
1976 2797 2096 2834 trium

1140 2856 1227 2905 ejus
1249 2856 1485 2907 leqationum
1510 2857 1564 2895 ad
1595 2858 1832 2906 Perusinos,
1874 2859 2029 2896 Venetos
2063 2862 2102 2898 ct

1143 2917 1335 2958 Carolum
1354 2920 1428 2957 III.
1444 2919 1604 2959 Siciliae
1621 2921 1771 2970 Reyem.
1797 2919 1889 2958 Vide
1904 2921 2099 2966 „iocoue-

1142 2981 1190 3018 tif
1208 2985 1300 3019 tom.
1334 2983 1369 3020 4.
1393 2993 1478 3032 pag.
1502 2981 1590 3019 696.
1616 2987 1655 3019 et
1680 2982 1823 3020 Baluzii
1848 2983 1970 3032 Papus
1995 2983 2099 3021 Ave-

1142 3043 1346 3081 nionensis
1377 3048 1468 3081 tom.
1504 3046 1538 3082 4.
1570 3056 1654 3093 pag.
1689 3044 1803 3081 4249.

1195 3105 1444 3144 MCOLAUS
1472 3107 1695 3143 Germanus
1718 3136 1724 3154 ‚
1757 3104 1987 3144 Cardinalis
2009 3108 2098 3144 Pre-

1142 3167 1279 3217 sbyter
1309 3169 1346 3206 S.
1381 3168 1576 3205 Laurentii
1609 3168 1645 3203 in
1679 3168 1843 3205 liziinuso
1863 3197 1869 3213 ,
1891 3173 1927 3204 et
1958 3169 2097 3206 Roma-

1143 3240 1213 3266 nae
1247 3229 1442 3266 Ecclesiae.
1487 3227 1809 3266 Bibliothecarius
1838 3230 1857 3265 ii
1898 3229 2019 3267 Lucio
2051 3231 2096 3267 ΙΙ.

1140 3295 1298 3330 creatus
1331 3290 1400 3327 An.
1434 3292 1446 3327 4
1465 3289 1547 3327 isi-2.
1572 3291 1723 3328 Peritos
1742 3291 1951 3328 llelii‘aeac.
1978 3294 2095 3330 (irue-

1140 3362 1288 3400 cacque
1322 3352 1513 3401 Linguae,
1552 3352 1666 3390 cuius
1695 3351 1741 3389 dc
1781 3355 1820 3391 S.
1859 3354 2092 3403 Scripturas
