2533 4009
459 345 637 384 nomicum
671 343 786 382 cuius
803 331 953 378 initium
972 336 1002 375 C
1004 347 1069 373 um
1089 338 1322 393 corruptum
1338 336 1407 373 Re-

454 420 546 458 qum
578 407 755 446 volumen
785 403 825 439 in
855 402 984 438 vestro
999 396 1249 448 reperissetis
1273 408 1408 435 arma-

457 472 543 516 rio,
575 472 714 506 auctor
739 461 956 515 praecipue
984 462 1174 498 versatur
1203 460 1242 496 in
1269 457 1410 510 aliqui-

459 532 530 570 bus
552 537 759 568 sacrorum
783 523 980 562 librorum
1007 522 1152 560 Veteris
1182 521 1412 558 Testamenti

458 594 550 631 loces
577 590 630 627 acl
660 598 792 627 veram
826 584 1027 624 lectionem
1047 582 1271 634 resli'gyenclis
1288 614 1298 630 ,
1329 583 1413 633 aqi-

457 660 542 704 tqzw
565 646 642 689 ‘sub
675 649 829 687 initium
873 647 918 685 (le
966 645 1088 684 modis
1118 644 1263 697 quibas
1293 643 1417 683 solent

453 716 751 764 scripturarum
776 708 1030 761 eoeemplaria
1063 707 1297 760 depravari.
1324 708 1417 746 Car-

451 776 593 814 dinalis
618 777 692 812 iste
723 774 887 812 florebat
906 772 980 810 sub
1001 771 1120 809 Lucio
1146 771 1190 808 11.
1216 769 1415 807 Pontii‘ice.

453 837 639 876 Nicolaus
666 847 759 873 vcro
786 835 1016 874 Canonicus
1041 832 1323 870 Lateranensis
1347 830 1421 868 sub

455 898 680 939 Alexandro
704 898 763 936 ΙΙΙ.
790 897 964 935 vivebat.
995 894 1015 914 ἥ

506 960 756 1000 MCOLAUS
779 958 996 999 Marianus
1022 957 1108 994 sive
1131 954 1178 993 cle
1194 952 1392 993 Marianis
1415 983 1423 1001 ,

452 1026 718 1069 Mantuanus,
750 1033 826 1058 non
857 1019 951 1057 Ord.
975 1019 1170 1057 Minoi-um
1203 1021 1246 1054 ut
1281 1015 1422 1053 calami

452 1096 584 1125 errore
607 1090 668 1122 cst
693 1082 795 1133 apud
822 1081 1018 1130 Gangium
1040 1108 1047 1125 ,
1076 1078 1146 1116 scd
1174 1077 1420 1116 Praedicato-

453 1159 567 1193 rum,
592 1146 689 1183 vixit
707 1146 810 1182 circa
832 1144 877 1181 A.
898 1142 1016 1181 4343.
1039 1152 1170 1190 neque
1192 1152 1241 1178 ex
1261 1139 1418 1189 scriptis

453 1211 540 1258 ejus
569 1207 676 1246 aliud
705 1209 1042 1244 commemoratur
1067 1214 1186 1253 quam
1221 1206 1417 1240 tractatus

456 1271 501 1309 (Ie
537 1273 683 1322 quarta
709 1266 968 1320 fanen-alium.
1000 1265 1096 1305 Vide
1127 1265 1248 1303 Jacob
1286 1264 1422 1310 Quetif

456 1340 484 1372 t.
517 1336 530 1373 l
565 1346 599 1384 p.
626 1333 715 1371 5119.

514 1395 695 1435 MCOLA
705 1394 764 1433 US
783 1406 808 1431 a
828 1394 867 1432 S.
889 1391 1062 1431 Martino
1083 1421 1091 1439 ,
1112 1391 1194 1440 agri
1215 1389 1415 1429 Mantuani

457 1457 611 1509 oppido,
629 1456 721 1495 Ord.
742 1455 876 1494 Praed.
899 1456 998 1493 circa
1018 1454 1063 1492 A.
1084 1454 1197 1493 4312.
1218 1464 1294 1491 non
1315 1452 1416 1490 alius

460 1526 506 1559 ut
535 1519 694 1557 videtur
723 1519 744 1555 a
775 1518 1004 1568 superiore,
1035 1526 1278 1565 quamquam
1311 1513 1415 1564 apud

458 1583 720 1621 Possevinnm
747 1580 924 1629 aliosque
949 1569 1234 1628 distinguitur,
1262 1577 1416 1615 Sermo—

458 1654 526 1682 nes
551 1643 638 1692 eJus
664 1641 992 1680 memorantibus,

486 1705 735 1744 MCOLAUS
756 1702 924 1741 Martini
939 1702 986 1740 de
1007 1703 1127 1740 Prato
1146 1731 1154 1747 ,
1179 1712 1298 1751 supra
1318 1730 1326 1748 ,
1346 1699 1415 1738 Ni-

458 1767 593 1806 colaus
624 1766 670 1804 (lc
698 1764 925 1804 Albertinis.

512 1826 764 1868 MCOLAUS
783 1825 1015 1877 Mauyerius
1037 1825 1195 1864 Siculus
1210 1856 1219 1872 ,
1243 1826 1345 1862 circa
1367 1824 1413 1861 A.

461 1892 576 1930 4424.
598 1890 734 1928 Latine
759 1901 807 1927 ex
833 1888 982 1927 Graeco
1003 1889 1123 1926 vertit
1148 1887 1350 1925 historiam
1371 1885 1417 1924 de

458 1951 632 1991 Arcadio
650 1953 745 2003 Imp.
772 1963 813 1989 in
828 1949 927 1989 urbe
948 1949 1221 1989 Thessalonica
1240 1948 1415 1987 obsesso:

458 2020 499 2053 et
547 2014 751 2053 historiam
796 2013 956 2053 Comitis
985 2011 1145 2062 Royerii
1187 2013 1222 2050 in
1269 2010 1416 2050 Sicilia.

462 2079 682 2127 Utrumque
700 2078 894 2114 Manuscr.
914 2077 951 2113 in
969 2074 1205 2113 Bibliotheca
1224 2073 1416 2122 Principis

461 2139 666 2185 Melitelli,
694 2143 887 2176 memorat
917 2138 1144 2176 Antoninus
1173 2136 1365 2186 Mongitor
1390 2139 1416 2172 t.

464 2203 500 2241 2.
523 2200 619 2239 Bibl.
646 2200 799 2239 Siculae
824 2200 911 2250 pagi
937 2200 999 2238 93.

518 2261 768 2302 MCOLAUS
810 2261 1020 2309 Minorita,
1062 2261 1187 2308 infra,
1232 2255 1421 2297 Nicolaus

461 2324 667 2377 Specialis.

518 2387 770 2427 NlCOLAUS
808 2386 940 2426 Abbas
979 2383 1256 2430 Monacensis,
1295 2384 1420 2431 infra,

465 2450 653 2489 Nicolaus
683 2449 728 2488 de
762 2448 956 2487 Tudescis.

522 2512 772 2551 MCOLAUS
817 2510 1110 2559 Montacutius,
1150 2508 1302 2559 Anglus
1331 2519 1421 2546 cum

460 2574 622 2614 Nicolao
648 2573 888 2614 Maniacutio
913 2573 960 2612 dc
986 2584 1064 2623 quo
1086 2583 1204 2622 supra
1232 2582 1307 2609 non
1334 2581 1426 2608 con-

468 2637 723 2685 fundendus,
763 2638 864 2675 vixit
904 2637 1007 2675 circa
1044 2635 1088 2673 A.
1120 2635 1235 2673 4466.
1267 2634 1426 2683 scripsi-

468 2712 545 2748 que
576 2699 621 2737 de
646 2697 814 2750 Reqibus
838 2697 1069 2748 Analorum.
1108 2698 1164 2735 De
1205 2694 1423 2746 Anylorum

467 2761 686 2812 Epz'scopis.
727 2760 885 2800 Scalam
929 2764 1147 2810 temporum
1192 2759 1218 2796 ὰ
1256 2758 1426 2798 CHristo

466 2825 557 2860 nato
589 2828 630 2860 ct
660 2822 959 2873 Epiyrammata
989 2821 1198 2871 quaedam.
1227 2821 1323 2859 Vide
1354 2823 1425 2858 Ba-

472 2885 576 2923 lcum
608 2885 709 2923 viil.
734 2885 796 2922 25.
824 2886 997 2922 Pitscum
1028 2894 1116 2933 pag.
1148 2883 1237 2921 657.
1269 2887 1308 2920 ct
1332 2883 1429 2920 Vos-

475 2948 578 2985 sium
603 2958 689 2997 pag.
716 2946 804 2984 733.
846 2945 921 2983 Sed
959 2956 1061 2994 quac
1100 2944 1149 2982 dc
1174 2942 1428 2982 Pontificibus

470 3010 660 3047 Romanis
685 3008 733 3047 ab
769 3019 814 3045 co
854 3008 1001 3057 scripta
1040 3005 1203 3044 tradunt
1246 3006 1430 3043 versibus

475 3071 730 3110 llcxamctris
747 3099 755 3118 ,
774 3070 837 3107 illa
856 3069 1091 3108 Maniacutio
1115 3066 1322 3106 tribuenda
1341 3077 1430 3105 esse

475 3134 603 3171 docnt

530 3194 778 3234 MCOLAUS
815 3191 1064 3243 Montiynius.
1096 3193 1222 3243 Supra
1262 3190 1433 3230 MORTI-

481 3256 647 3294 GNIUS.

525 3318 779 3356 NICOLAL'S
809 3317 1063 3363 Mutinensis,
1102 3318 1221 3356 JCtus
1251 3315 1435 3353 laudatus

471 3381 490 3418 a
524 3381 781 3429 Bergomensi
807 3379 853 3417 ad
886 3381 931 3416 A.
963 3379 1076 3418 4334.
1108 3384 1147 3417 ct
1177 3390 1196 3417 n
1223 3377 1437 3416 Trithemio

1246 262 1629 303 NICOLAUS

1481 346 1568 385 cap.
1598 334 1686 373 586.
1717 334 1874 383 scripsit
1911 335 2099 373 Lecturus
2137 333 2174 372 in
2204 333 2364 384 Diyesta
2395 340 2435 373 et

1484 395 1662 437 Codicem
1691 395 1999 435 Justinianeum.

1535 456 1785 497 NICOLAUS
1804 455 1952 494 Mutius
1975 458 2151 496 Venetus
2164 488 2174 505 ,
2191 456 2284 495 Ord.
2300 457 2437 496 Minor.

1486 522 1588 559 circa
1613 520 1656 558 Α.
1681 518 1794 558 4238.
1818 519 1878 557 Ex
1904 518 1991 567 ejus
2010 521 2168 570 scriptis
2190 518 2438 568 Waddingus

1489 595 1573 634 pag.
1597 580 1688 623 267.
1712 579 1846 619 laudat
1874 578 2002 629 Opera
2031 582 2070 620 S.
2097 579 2284 632 Greyorii
2305 578 2442 631 Maqni

1491 657 1560 697 per
1585 645 1769 682 materias
1798 643 1883 680 sive
1911 642 2015 681 locos
2043 653 2276 683 communes
2303 642 2352 682 ab
2374 642 2439 681 illo

1492 707 1693 757 disposita.

1547 768 1796 809 MCOLAUS
1816 765 2086 806 Narbonensis
2100 797 2111 815 ,
2131 769 2296 819 scriptor
2316 767 2442 817 Sagit—

1495 837 1557 871 tae
1583 833 1730 882 igneae.
1757 831 1881 881 Supra
1911 827 2099 869 Nicolaus
2124 829 2441 870 carmelitarum.

1496 895 1603 932 Prior
1630 894 1846 931 Generalis.

1550 955 1799 995 NICOLAUS
1827 954 1874 993 de
1901 953 2088 1006 Neapoli,
2116 954 2241 993 JCtus
2268 955 2368 994 circa
2397 954 2444 993 A.

1502 1018 1614 1056 ⁴300.
1649 1016 1764 1067 cujus
1795 1017 1902 1055 nulla
1942 1018 2088 1068 scripta
2126 1021 2397 1055 memorantur
2424 1018 2446 1055 a

1496 1080 1650 1118 Nicolao
1686 1080 1832 1129 Toppio
1863 1080 1900 1116 in
1936 1078 2032 1117 Bibl.
2072 1078 2324 1129 Neapolitana
2360 1088 2448 1129 pag.

1494 1143 1583 1180 222.
1599 1143 1764 1192 Scripsit
1784 1146 1917 1179 tamen
1941 1142 1977 1179 in
2001 1141 2188 1180 Instituta
2205 1169 2214 1189 ,
2230 1139 2449 1180 Pandectas

1491 1211 1530 1244 ct
1560 1203 1757 1243 Codicem.
1787 1203 1882 1241 Vide
1913 1203 2150 1242 Gesnerum.

1545 1266 1565 1289 '⁸‘
1594 1268 1736 1305 Doctor
1762 1266 1835 1304 iste
1863 1276 1939 1303 non
1966 1269 2122 1304 tantum
2148 1265 2307 1316 scripsit·
2331 1276 2450 1316 quae-

1490 1330 1580 1368 dam
1612 1333 1656 1367 ut
1685 1329 1832 1378 optimc
1874 1328 1937 1366 hic
1981 1332 2091 1366 notat
2133 1327 2334 1366 Fabricius
2378 1327 2448 1365 sed

1490 1397 1530 1430 et
1558 1390 1645 1440 eJ'us
1675 1391 1951 1429 commentarii
1979 1391 2015 1427 in
2041 1390 2160 1428 libros
2185 1389 2340 1428 Codicis
2363 1400 2450 1441 pro-

1489 1453 1649 1492 dierunt
1680 1454 1818 1503 Papiae
1848 1464 1910 1491 an.
1946 1453 2063 1492 4494.
2094 1453 2130 1489 in
2163 1451 2229 1490 fol.

1543 1515 1794 1555 NlCOLAUS
1814 1513 1991 1553 Nicolius
2007 1545 2018 1563 ,
2039 1514 2179 1553 nobilis
2198 1514 2448 1554 Florentinus

1491 1579 1608 1626 (cum
1639 1576 1787 1616 Medico
1817 1577 1997 1615 Nicolao.
2028 1577 2260 1627 cognomine
2289 1577 2448 1616 Falcuc—

1488 1641 1571 1687 cio,
1614 1639 1663 1677 de
1698 1650 1775 1689 quo
1814 1649 1953 1688 supra,
1996 1650 2071 1677 non
2113 1637 2442 1687 confundendus)

1489 1702 1697 1740 Poccianto
1724 1699 2072 1751 Cosmoyraphus,
2097 1700 2333 1750 historicus,
2358 1699 2448 1739 Phi-

1489 1762 1669 1814 losophus
1697 1762 1863 1814 insiynis
1894 1763 2040 1802 dicitur
2061 1792 2069 1810 ,
2097 1763 2204 1802 unde
2224 1765 2389 1802 Vossius
2409 1775 2448 1814 p.

1489 1825 1577 1865 541».
1604 1837 1693 1863 eum
1719 1826 1774 1863 ait
1795 1823 1986 1874 opuscula
2017 1823 2215 1875 quaedam
2237 1823 2446 1877 reliquisse

1490 1886 1544 1925 ad
1572 1885 1952 1938 Cosmoqraphz'am,
1981 1885 2275 1938 Philosophiam
2307 1890 2346 1925 et
2369 1885 2450 1926 An-

1492 1948 1713 2000 tiquitatem
1731 1947 1988 1999 pertinentia.
2009 1948 2085 1987 Sed
2108 1950 2242 1988 verius
2266 1953 2328 1988 est
2352 1948 2449 1988 nihil

1493 2012 1701 2062 scripsisse
1727 2010 1886 2061 quidem
1912 2009 2030 2062 (vide
2058 2011 2207 2050 Julium
2231 2011 2392 2063 Nigrum
2415 2023 2452 2062 p.

1494 2073 1583 2111 429.
1607 2073 1698 2110 hist.
1717 2073 1954 2122 scriptorum
1977 2072 2216 2122 Florentin.)
2242 2073 2312 2112 sed
2329 2073 2455 2112 fauto-

1494 2147 1576 2174 rem
1616 2136 1739 2174 fuisse
1778 2135 2001 2173 litterarum
2040 2132 2285 2182 maximum,
2332 2139 2453 2185 atque

1495 2198 1801 2247 Chrysoloram,
1831 2196 2050 2236 Guarinum
2081 2201 2121 2235 et
2149 2198 2343 2236 Joannem
2373 2196 2455 2236 Au-

1496 2261 1642 2310 rispam
1682 2258 1858 2298 Siculum
1898 2270 1975 2297 non
2017 2259 2220 2310 pepulisse
2257 2260 2453 2298 Florentia

1498 2324 1566 2370 (ut
1597 2320 1745 2359 Philelfi
1775 2322 2093 2359 criminationem
2128 2325 2292 2360 secutus
2318 2322 2455 2360 scribit

1498 2383 1601 2421 idem
1623 2384 1815 2431 Vossius)
1842 2383 1909 2421 sed
1934 2387 1977 2422 ut
2002 2383 2241 2422 Florentiam
2267 2394 2458 2422 vocaren-

1499 2451 1563 2484 tur
1593 2447 1709 2484 etiam
1737 2445 1926 2484 Philelfus
1950 2446 2059 2496 ipse,
2085 2449 2287 2484 auctorem
2313 2446 2456 2484 fuisse.

1500 2508 1596 2546 Vide
1627 2519 1728 2558 quac
1758 2518 1878 2558 supra
1909 2507 2038 2556 (idem
2070 2509 2175 2546 enim
2207 2507 2294 2555 est)
2325 2508 2361 2545 in
2391 2507 2458 2546 Ni-

1499 2569 1606 2609 colao
1644 2569 1894 2619 Florentino,
1929 2574 1970 2608 et
1998 2571 2172 2608 Diarium
2211 2569 2455 2608 eruditorum

1502 2632 1636 2670 ltaliae
1662 2637 1754 2670 tom.
1783 2633 1849 2671 IX.
1875 2643 1962 2683 pag.
1988 2631 2076 2671 464.
2102 2643 2186 2682 seq.
2210 2632 2366 2678 Quanto
2390 2642 2460 2670 au—
2531 2651 2533 2661 π

1502 2702 1581 2732 tem
1600 2694 1731 2733 studio
1751 2695 1978 2746 flagraverit
1994 2694 2116 2732 bonos
2142 2695 2356 2744 scriptores
2374 2704 2459 2743 per·
2531 2701 2533 2748 ᾗ

1502 2756 1725 2806 vestigandi
1743 2757 1993 2806 aliorumque
2015 2755 2272 2794 consecrandi
2297 2755 2459 2801 usibuS‚

1504 2819 1724 2868 intelligere
1756 2819 1846 2856 licet
1875 2829 1924 2855 ex
1953 2817 2138 2855 Oratione
2169 2818 2297 2868 Poggii
2329 2816 2461 2855 habita

1505 2882 1543 2918 in
1570 2880 1657 2931 ojus
1683 2880 1821 2918 funeri.¹
1843 2879 1962 2927 (obiit
1986 2878 2031 2917 A.
2056 2878 2171 2917 ⁴436.
2198 2880 2339 2917 aetatis
2367 2879 2431 2918 73.
2452 2879 2460 2927 )

1506 2954 1553 2980 ex
1578 2953 1653 2991 qua
1673 2941 1769 2979 hacc
1787 2952 1909 2990 pauca
1933 2941 2155 2980 adscribam
2171 2973 2181 2990 ,
2201 2942 2256 2981 uti
2275 2942 2462 2992 leguntur

1507 3004 1609 3054 apud
1628 3003 1744 3041 Edm.
1765 3005 1938 3042 Maru-no
1957 3008 1984 3041 t.
2006 3005 2028 3042 3
2051 3008 2298 3043 monument.
2316 3015 2352 3054 p.
2369 3003 2460 3041 730.

1563 3067 1647 3104 Ilac
1678 3068 1828 3103 ratione
1863 3066 1967 3105 vitae
2004 3064 2204 3113 imbutus,
2229 3064 2331 3103 duas
2365 3075 2458 3112 res,

1509 3140 1610 3180 quae
1633 3127 1718 3179 fere
1741 3126 1792 3165 ab
1816 3127 1995 3167 omnibus
2018 3139 2168 3168 summo
2192 3126 2320 3166 studio
2343 3137 2463 3179 eacpe-
2529 3139 2533 3168 τ,

1510 3195 1648 3229 cuntur
1668 3221 1677 3237 ‚
1702 3193 1841 3240 aperte
1870 3191 2121 3242 contempsit,
2161 3187 2320 3228 divitias
2358 3187 2465 3227 vidc—
2528 3235 2530 3240 ,

1512 3251 1601 3291 licet
1628 3257 1663 3291 et
1701 3254 1892 3293 honorum
1929 3251 2190 3304 cupiditatem.
2228 3250 2328 3290 Cum
2361 3251 2464 3289 enim
2527 3250 2531 3290 ἰ

1512 3319 1611 3352 esset
1622 3315 1888 3368 philosophiae
1900 3317 2137 3368 praeceptis,
2151 3324 2225 3351 non
2243 3317 2321 3352 tam
2340 3312 2464 3363 leyen-

1512 3376 1559 3415 <lo
1589 3389 1709 3429 quam
1746 3377 1894 3429 assensio
1925 3376 2131 3425 eruditus,
2161 3387 2247 3416 eam
2284 3386 2465 3414 normam
