2533 4009
489 312 677 347 uic-anus,
710 303 939 350 Tlioologiao
971 301 1114 337 Doctor
1143 303 1183 335 ct
1214 300 1250 336 in
1293 297 1440 335 Acade—

490 372 563 407 mia
587 364 800 403 ‹ix-oniensi
823 361 1033 399 Professor.
1054 359 1290 398 lndividuus
1305 370 1440 397 comcs

489 432 557 469 fuit
590 426 742 465 Roborti
777 423 942 466 Buconl,
968 432 1058 459 cum
1085 432 1163 471 quo
1179 421 1317 459 eodem
1336 432 1440 458 anuo

487 490 569 527 scil.
609 486 717 525 1348.
749 484 889 522 Oxonii
920 484 1043 521 vitam
1091 483 1230 520 linivit.
1275 484 1440 533 Scripsit

490 545 765 589 Comentarios
795 543 972 592 Bible'ae,
1004 548 1043 582 in
1068 544 1245 596 primum
1281 548 1439 583 noctur-

485 621 574 653 num
607 607 859 646 Psalmorum
876 637 886 654 ,
909 607 948 643 in
973 605 1199 645 Parabolos
1223 606 1441 646 Salomonis

484 674 521 708 in
550 669 788 719 ,llagyistrum
818 668 1110 706 Sententiarum
1130 682 1136 706 :
1155 669 1224 707 'De
1243 669 1440 719 poeniten-

482 733 534 770 tia
557 762 564 777 ,
591 729 775 769 Postillas
799 728 970 768 morales
986 760 996 777 ‚
1021 729 1277 778 Quaestiones
1300 729 1439 768 varias

479 800 518 831 et
549 789 794 842 Quodlibeta.
828 791 1026 830 Lelandus
1056 803 1089 830 c.
1136 792 1227 829 259.
1271 792 1438 829 Bal-aeus

479 856 591 895 Ceut.
626 854 685 892 lV.
718 855 753 891 6.
787 855 942 891 Pitseus
985 865 1019 891 c.
1065 854 1155 891 342.
1199 855 1256 890 Jo.
1303 854 1439 890 Princo

478 917 685 956 Danmonii
718 916 942 954 Orientales
968 916 1144 953 illustres
1175 927 1210 965 p.
1243 915 1331 952 292.

533 978 665 1017 Alium
699 978 820 1028 liujus
853 978 1024 1014 nominis
1055 982 1250 1015 memorat
1282 978 1437 1014 Pitseus

481 1053 516 1080 e.
549 1041 636 1078 498.
669 1051 689 1078 c
721 1040 832 1078 Sixto
877 1040 1073 1086 Senensi,
1119 1039 1187 1078 sed
1237 1041 1273 1076 in
1318 1050 1436 1089 quem

479 1104 609 1141 omnia
620 1102 740 1151 huJuS
754 1103 875 1139 nostri
894 1102 1436 1151 conveniuutpractcrquan]

483 1164 588 1215 quod
621 1165 653 1201 ei
685 1175 719 1202 a.
751 1163 865 1202 4330.
896 1168 935 1200 ct
967 1162 1074 1200 libcr.
1105 1162 1151 1200 de
1180 1161 1439 1213 Indulyentiis

480 1225 730 1264 adscribitur.
782 1226 905 1275 Igitur
950 1236 1054 1264 unus
1098 1230 1254 1264 tantum
1305 1231 1438 1264 manet

476 1287 698 1326 Richardus
727 1288 949 1331 Fiam-ius,
981 1286 1084 1336 quod
1117 1292 1156 1325 et
1185 1288 1337 1326 calculo
1367 1298 1438 1326 suo

478 1349 687 1387 confirmat
717 1349 797 1387 Jac.
829 1349 966 1394 Quotif
992 1348 1040 1385 de
1063 1349 1345 1399 Scriptoribus.
1369 1350 1441 1388 Or—

484 1411 563 1448 din.
596 1410 916 1448 Praedicatorum
948 1414 1028 1447 tom
1062 1411 1088 1448 1.
1123 1422 1156 1460 p.
1189 1412 1278 1450 518.

535 1470 824 1510 RlCuARuUS
840 1469 1044 1521 Fitzralplz
1061 1503 1071 1519 ,
1094 1472 1166 1510 hoc
1191 1477 1277 1522 cst„
1297 1474 1440 1512 Radulss

485 1534 553 1584 phi
586 1534 717 1579 filius,
749 1533 920 1571 Lelando
952 1533 1279 1585 Filoraclulphns,
1307 1536 1441 1573 lliber-

482 1606 590 1642 nuS‚
620 1596 745 1645 patria
776 1595 1089 1642 Dundalkeusis,
1119 1596 1258 1634 Oxonii
1278 1598 1441 1634 loannis

485 1656 761 1706 Bacontl‘iorpii
783 1656 1004 1705 discipulus
1023 1687 1029 1703 ‚
1048 1661 1182 1705 postea
1201 1657 1441 1696 ’1149011ἣό-

480 1717 609 1755 fessor
632 1746 639 1764 ‚
662 1716 709 1755 ab
740 1716 926 1755 Eduardo
952 1717 1014 1754 lll.
1043 1718 1147 1767 Rege
1170 1720 1341 1768 primum
1368 1720 1441 1756 Do-

481 1789 608 1817 canus
642 1778 957 1825 Lichfcldensis,
990 1784 1078 1829 post
1107 1790 1140 1818 a.
1175 1780 1289 1818 4333.
1335 1780 1438 1819 Can-

478 1840 664 1878 cellarius
693 1840 961 1890 Oxoniensis,
991 1840 1152 1879 tandem
1174 1852 1207 1879 a.
1228 1841 1342 1880 4347.
1366 1842 1438 1880 Ar-

479 1901 760 1951 chiepiscopus
786 1901 1064 1940 Armachauus
1093 1904 1339 1941 constitutus
1361 1909 1435 1941 est.

478 1963 579 2003 Cum
610 1962 825 2001 Ordinibus
856 1963 1162 2002 Mendicantium
1191 1965 1339 2003 multae
1365 1966 1436 2014 ipsi

481 2036 727 2075 magnaeque
768 2026 1092 2072 controversiae,
1124 2027 1205 2073 sic.
1231 2030 1295 2079 rut
1342 2037 1432 2064 eum

477 2087 723 2125 Avenionem
757 2086 803 2125 ad
835 2088 1065 2125 Pontificem
1103 2089 1297 2135 citarent,
1346 2089 1436 2136 ubi,

478 2153 689 2198 postquam
724 2150 891 2186 triennio
918 2148 1117 2196 haeserat,
1143 2161 1162 2188 a
1195 2150 1309 2188 4360.
1332 2151 1437 2190 obiit.

476 2209 575 2248 Ossa
607 2212 694 2259 cJ'us
725 2211 761 2247 in
807 2210 1029 2248 Hiberniam
1074 2211 1267 2250 translata
1313 2216 1435 2258 sunt,

476 2271 538 2309 ubi
573 2271 775 2309 miraculis
807 2271 1068 2309 inclarescere
1097 2275 1240 2323 coepit.
1281 2274 1434 2324 Scripta

478 2333 565 2382 ejus
592 2333 688 2371 haec
713 2338 820 2371 sunt.

533 2397 567 2432 4.
599 2397 810 2433 Sermones
843 2396 903 2433 IV.
936 2396 990 2434 ad
1021 2397 1189 2436 Crucem
1223 2396 1436 2435 Londinen-

473 2468 553 2495 sem
584 2468 621 2495 a.
656 2459 758 2496 4356
776 2456 924 2507 habiti,
943 2463 1062 2510 atque
1085 2459 1160 2498 alii
1179 2459 1225 2498 (le
1250 2459 1435 2499 laudibus

475 2519 685 2570 Deiparae.

526 2581 564 2618 2.
592 2583 756 2620 Summa
786 2592 856 2620 seu
880 2581 974 2620 libri
999 2584 1100 2622 xlx.
1124 2584 1322 2623 adversus
1360 2585 1436 2622 Ar-

475 2653 617 2681 menos.
652 2645 758 2682 Paris
790 2645 904 2683 4642.

528 2705 562 2742 3.
594 2705 649 2742 lle
690 2704 980 2745 intentionibus.
1015 2706 1260 2747 ludaeorum
1306 2709 1433 2747 Wollii

479 2767 576 2804 Bibl.
609 2767 722 2805 llcbr.
756 2767 800 2805 ll.
834 2779 868 2817 p.
905 2768 1018 2807 4004.

529 2829 562 2865 4.
591 2827 773 2879 Defensio
798 2829 860 2867 vel
881 2828 1156 2880 Defensorium
1189 2832 1433 2871 Curatorum

472 2888 664 2928 adversus
689 2890 858 2929 Fratres
891 2891 1187 2941 Mendieantes,
1218 2904 1290 2931 seu
1337 2892 1435 2931 Ora-

474 2952 527 2989 tio
556 2962 688 2990 coram
721 2953 822 3002 Papa
855 2958 894 2991 et
924 2953 1203 2992 Cardinalibus
1228 2955 1433 2992 Avoniono

472 3024 505 3049 a.
538 3014 649 3052 ⁴357.
684 3014 826 3053 habita.
861 3016 1003 3053 Prodiit
1030 3017 1148 3054 Paris.
1173 3017 1287 3055 4496.
1315 3017 1429 3055 4625.

472 3078 509 3109 ot
545 3075 654 3112 1632.
687 3081 725 3113 ct
756 3089 818 3127 ap.
848 3076 1083 3117 Goldastum
1114 3078 1162 3117 do
1207 3079 1428 3117 Monarchia

476 3133 571 3182 lmp.
607 3141 698 3174 tom.
733 3138 776 3175 ll.
811 3150 844 3188 p.
879 3140 992 3177 4392.
1025 3140 1234 3178 Tractatus
1284 3140 1346 3178 ille
1391 3141 1426 3176 in

476 3193 681 3241 :tuf-{licum
714 3209 941 3238 sermonem
958 3212 1180 3240 conversus
1198 3205 1259 3240 est
1275 3213 1295 3239 a
1313 3202 1429 3239 Joan-

479 3262 526 3287 W·
557 3255 748 3305 Trcvisa,
780 3266 819 3298 et
851 3262 924 3299 fuit
955 3263 990 3300 in
1025 3263 1119 3301 llibl.
1145 3264 1319 3301 Thomna
1357 3263 1429 3299 Te-

479 3313 587 3349 nison
608 3344 615 3353 ,
647 3320 746 3353 tosto
779 3322 997 3360 Wliartono
1014 3325 1049 3360 in
1070 3324 1254 3362 Auctario
1273 3324 1318 3362 ad
1347 3325 1424 3362 lae.

1254 227 1690 267 ulijzllARluJS

1515 297 1662 335 Usserii
1698 299 1904 338 Historiam
1937 301 2205 351 Dogmaticam
2227 299 2276 338 de
2292 300 2468 351 Scriptu-

1516 361 1568 396 ris
1596 363 1636 396 et
1664 361 1787 397 sacris
1812 360 2042 400 vernaculis
2072 361 2468 412 p.430.1³1·odierunt

1513 423 1644 458 omnia
1674 421 1793 459 simul
1826 422 1899 459 ista
1929 422 2133 473 Opuscula
2163 433 2258 461 cura
2289 424 2350 461 Jo.
2396 424 2470 463 Su-

1514 481 1644 530 doris‚
1675 483 1793 520 Paris.
1825 483 1939 521 4544.
1971 485 2071 523 llaec
2094 485 2219 523 refero
2235 484 2310 523 side
2330 485 2472 524 Whar-

1515 545 1621 589 toni,
1653 554 1742 582 nam
1777 543 1871 581 haec
1902 545 2103 594 Opuscula
2135 547 2218 597 ipse
2250 557 2326 584 uon
2378 546 2471 586 vidi.

1517 604 1663 642 Confer
1691 604 1843 643 dehac
1889 608 2158 646 controversia
2202 607 2259 646 Jo.
2309 607 2469 658 Launoji

1512 666 1780 705 'Proditionem
1822 666 2026 704 Ecclesiae
2073 669 2310 718 explicatam
2367 671 2472 708 circa

1512 727 1712 767 Canonem
1746 728 1886 766 Omnes
1906 727 2115 779 utriusque
2143 741 2296 778 sexus,
2325 743 2359 770 c.
2385 732 2408 769 6
2444 736 2471 770 t.

1514 790 1527 828 Ι
1558 790 1732 840 Operum
1765 801 1800 839 p.
1834 789 1927 829 274.
1956 800 2069 840 seqq.
2099 789 2190 830 404.
2532 831 2533 839 ¹

1567 851 1602 889 5.
1634 850 1867 900 Sequuntur
1899 851 2073 889 inedita:
2106 850 2288 892 Inlibros
2312 855 2472 894 Senten-
2531 859 2533 882 ²

1515 912 1688 960 tiaram,
1715 912 1754 949 in
1780 912 2019 963 Evanqeha,
2045 912 2092 951 de
2105 917 2339 966 paupertate
2358 915 2474 955 Chri-

1514 973 1589 1020 sti,
1622 972 1810 1023 Dialoyus
1834 974 1880 1013 (le
1904 973 2025 1013 rebus
2051 974 2106 1013 ad
2141 976 2182 1014 S.
2221 977 2475 1028 Scripturam
2531 978 2533 1023 l

1505 1033 1825 1086 pertinentibus,
1851 1037 2087 1075 Sermonum
2120 1036 2323 1084 volumem
2351 1039 2475 1078 Vitam

1513 1100 1552 1135 S.
1579 1097 1784 1137 Marcellini
1809 1096 2000 1146 Abbatis,
2031 1101 2098 1149 qui
2131 1101 2232 1138 vixit
2256 1112 2288 1138 a.
2311 1101 2401 1140 640.
2422 1102 2475 1140 De
2519 1098 2521 1100 ’

1511 1158 1699 1198 laudibus
1730 1158 1982 1199 beatissimae
2011 1161 2192 1212 virqinis
2223 1162 2380 1201 Mariae
2399 1194 2407 1207 ,
2427 1162 2474 1201 de

1509 1224 1698 1273 potestate
1726 1221 1959 1273 spirituali,
1979 1221 2025 1261 de
2040 1223 2228 1275 passione
2245 1224 2475 1274 Dominica‚
2532 1230 2533 1234 ’

1515 1282 1771 1332 Quaestiones
1802 1283 1848 1322 cle
1878 1283 2080 1323 audienda
2109 1284 2363 1337 confessione,
2387 1297 2476 1325 con-

1515 1353 1581 1384 tra
1601 1357 1719 1384 suum
1744 1344 2097 1396 Archicliaconum‚
2124 1346 2322 1399 Epistolae
2338 1379 2348 1396 ‚
2375 1347 2473 1386 Dia-
2514 1338 2524 1348 ⁶

1513 1406 1572 1459 loq
1579 1409 1601 1456 i,
1623 1409 1831 1459 Responsio
1846 1407 1900 1446 acl
1916 1407 2148 1460 objectiones
2163 1408 2470 1448 Mendicantium

1513 1481 1634 1521 super
1663 1469 1929 1508 declaratione
1961 1469 2008 1508 tle
2049 1468 2119 1508 illa
2163 1469 2472 1522 Eoetravayante

1514 1531 1739 1579 Joannina,
1771 1533 1845 1570 Vas
1871 1531 2092 1571 Electionis.

1569 1595 1603 1642 6.
1638 1593 1756 1631 Biblia
1790 1594 1825 1630 in
1843 1593 2018 1644 linguam
2039 1594 2288 1634 Hibernicam
2308 1606 2474 1634 conver-

1515 1657 1586 1703 tit,
1618 1655 1736 1706 cujus
1767 1656 1991 1704 fragmenta
2025 1659 2172 1707 passim
2207 1659 2244 1695 in
2291 1658 2472 1697 Hibernia

1514 1722 1674 1755 exstare
1704 1717 1819 1755 docet
1850 1716 2036 1756 Usserius
2067 1718 2163 1756 libro
2179 1720 2299 1758 citato
2325 1730 2360 1769 p.
2384 1720 2472 1758 456.

1514 1780 1657 1817 Notatu
1685 1778 1849 1827 dignum
1880 1783 1965 1826 est,
1996 1779 2100 1831 quod
2127 1779 2176 1818 de
2202 1791 2286 1830 ipso
2301 1781 2473 1820 Balaeus

1510 1841 1625 1879 Ceut.
1657 1841 1758 1878 XIV.
1791 1839 1852 1877 97.
1885 1842 1921 1878 in
1951 1840 2133 1891 Append.
2165 1851 2201 1891 p.
2222 1841 2312 1880 246.
2333 1841 2473 1881 Ricar-

1513 1902 1587 1941 dus
1608 1913 1751 1940 novum
1779 1900 1933 1941 Christi
1958 1902 2245 1941 Testamentum
2265 1902 2306 1940 in
2322 1901 2474 1955 Hyber-

1511 1965 1597 2003 nico
1627 1975 1806 2002 sermone
1835 1963 1950 2015 (forte
1979 1976 2004 2001 a
2033 1975 2074 2003 se
2103 1963 2358 2014 translatum)
2404 1976 2474 2004 an-

1511 2039 1558 2065 no
1587 2038 1663 2064 uno
1693 2029 1766 2063 aut
1793 2024 1919 2063 altero
1942 2029 2032 2064 ante
2059 2037 2174 2065 suam
2204 2029 2368 2066 mortem
2386 2057 2396 2075 ,
2428 2027 2468 2065 in

1510 2088 1680 2140 quodam
1707 2086 1896 2125 eeclesiae
1911 2098 2009 2126 suae
2029 2099 2144 2126 muro
2162 2087 2398 2138 occultavit3
2429 2089 2470 2127 in

1510 2151 1627 2202 cujus
1653 2149 1757 2200 fine.
1792 2149 1914 2200 quasi
1927 2149 2215 2200 prophetizans
2231 2181 2240 2197 ,
2277 2149 2346 2189 hoc
2370 2150 2470 2189 scri—

1505 2212 1608 2264 psit.
1643 2210 1742 2250 Cum
1777 2211 1839 2249 hic
1869 2211 1967 2249 liber
1997 2212 2188 2250 inventus
2218 2211 2362 2259 fuerit,
2400 2222 2470 2250 ve-

1511 2277 1607 2313 ritas
1638 2275 1706 2312 toti
1739 2273 1887 2312 mundo
1913 2273 2337 2321 manifestabitur,vel
2356 2274 2469 2312 Chri-

1511 2341 1600 2375 stus
1630 2336 1713 2373 orbi
1747 2347 1835 2373 mox
1867 2335 2084 2385 apparebit.
2117 2334 2166 2372 Et
2193 2337 2375 2386 repertus
2413 2338 2472 2374 est

1510 2398 1574 2438 ille
1604 2396 1703 2436 liber
1726 2397 1836 2435 eirca
1874 2408 2023 2435 annum
2059 2408 2085 2434 a
2122 2400 2213 2435 nato
2249 2398 2483 2437 Servatore,

1511 2461 1625 2500 4530.
1657 2460 1695 2498 in
1725 2459 1980 2511 reparatione
2004 2457 2178 2509 ejusdem
2198 2456 2396 2497 ecclesiae.

1564 2523 1677 2561 Plura
1711 2523 1759 2560 de
1791 2521 1855 2559 illo
1885 2520 2039 2559 dabunt
2068 2520 2268 2559 Lelandus
2296 2531 2330 2559 c.
2378 2520 2466 2559 445.

1509 2584 1679 2623 Balaeus
1711 2585 1863 2623 Centur
1891 2583 1937 2622 E.
1969 2583 2033 2620 94.
2061 2582 2163 2621 XIV.
2187 2581 2250 2620 97.
2275 2583 2468 2620 Waraeus

1509 2647 1558 2685 de
1589 2646 1861 2696 scriptoribus
1893 2645 2100 2683 Hiberniae
2130 2643 2194 2682 lib.
2225 2644 2252 2682 1.
2284 2654 2373 2694 pag.
2402 2642 2466 2681 69.

1510 2710 1628 2747 llenr.
1659 2707 1856 2746 Wharton
1889 2707 1926 2744 in
1957 2705 2136 2757 Append.
2153 2704 2201 2744 ad
2227 2705 2405 2744 caveum
2427 2715 2462 2754 p.
2487 2718 2492 2721 -

1511 2771 1572 2809 34.
1602 2772 1658 2807 Jo.
1689 2771 1828 2808 Prince
1857 2769 2069 2807 Danmonii
2110 2765 2334 2806 Orientales
2378 2766 2464 2805 illu-
2494 2765 2503 2779 ⁸

1507 2837 1612 2869 stres
1643 2842 1676 2881 p.
1708 2830 1797 2868 294.
1829 2830 2035 2868 Altamura
2064 2840 2101 2878 p.
2132 2828 2194 2867 23.
2212 2828 2275 2867 25.

1565 2892 1586 2914 ³¹*
1614 2892 1864 2941 Quamquam
1895 2889 2116 2940 disquirere
2148 2889 2236 2927 nolo
2275 2899 2324 2927 an
2369 2899 2462 2927 vera

1508 2954 1613 3000 siut⁷
1644 2963 1745 3002 quae
1791 2952 1922 2990 ferunt
1952 2951 2000 2989 de
2030 2950 2218 2989 vaticinio
2247 2961 2269 2988 a
2299 2949 2463 2988 Richar-

1507 3014 1556 3052 do
1586 3015 1662 3052 isto
1695 3015 1730 3051 in
1763 3013 1896 3052 codice
1921 3012 2091 3063 quodam
2116 3013 2289 3063 scripto,
2310 3011 2359 3050 de
2383 3023 2461 3062 quo

1508 3076 1569 3113 hic
1613 3076 1969 3114 Bibliothecarius:
2017 3086 2063 3113 eo
2111 3079 2242 3113 tamen
2287 3073 2461 3113 admisso

1506 3139 1810 3188 protestantium
1843 3138 1987 3187 ubique
2012 3136 2196 3186 dogmata
2219 3146 2294 3173 non
2314 3135 2460 3186 juvan-

1505 3206 1578 3238 tur.
1611 3201 1757 3238 Demas
1799 3201 1904 3238 enim
1950 3197 2191 3237 Richardum
2226 3197 2456 3247 scripssisse

1504 3266 1598 3299 tunc
1628 3260 1790 3299 demum
1821 3258 2083 3311 detegendam
2115 3258 2194 3297 fore
2231 3258 2455 3306 veritatem,

1503 3334 1593 3361 cum
1624 3322 1773 3360 Codex.
1805 3322 1867 3360 illo
1893 3332 2017 3368 suuS,
2045 3330 2164 3368 quem
2191 3323 2286 3357 tunc
2308 3318 2344 3356 in
2370 3329 2456 3357 mu·
