2533 4009
431 270 504 309 186

483 334 681 378 PAPl‘OLl
725 320 978 367 (ἴω-00100515
1010 321 1192 370 Episcopi
1222 319 1376 358 libellus

425 398 582 439 svnodo
612 390 817 432 Parisiensi
848 388 891 424 Α.
934 385 975 422 C.
1006 383 1094 421 573.
1125 376 1281 420 oblatus
1309 392 1376 418 ex-

428 442 506 498 siat
537 462 572 495 in
617 451 875 493 Conciliorum
907 446 1024 483 tomis
1053 449 1092 480 et
1124 445 1160 480 in
1198 443 1375 480 Ruinarti

426 520 608 567 Gregorio
639 510 855 550 'l'uronensi
882 520 917 557 p.
950 505 1064 545 4340.

477 574 702 619 PARATL‘S
720 602 727 617 ‚
746 572 832 610 aliis
850 568 1078 608 PACATUS
1099 597 1105 609 .
1131 567 1196 616 qui
1224 565 1374 604 Paulini

424 639 560 682 Nolani
584 639 705 674 vitam
731 632 914 671 versibus
940 631 1111 668 instituit
1135 628 1315 675 tradere,
1337 631 1377 665 et

425 704 484 741 eui
528 697 745 748 Epistulam
778 694 825 732 de
856 692 1036 743 ejusdem
1068 692 1201 739 obitu,
1231 692 1292 729 cui
1330 690 1374 727 A.

424 764 509 802 43¹.
537 757 885 802 interfuit,dicavit
899 753 1069 794 Oranius
1083 753 1131 792 de
1147 763 1224 803 quo
1241 763 1373 802 supra.

474 822 652 862 l'ARATl
679 820 838 857 nomine
864 819 1077 857 Sermones
1095 846 1103 864 ,
1120 815 1235 864 cujus
1251 815 1377 864 prima

421 885 575 925 homilia
602 884 737 933 incipit
757 882 778 918 a
803 880 963 919 Verbis:
986 879 1161 916 Paratus
1186 882 1248 914 est
1263 875 1376 928 Judi-

419 959 512 986 care
544 945 652 984 vivos
672 948 709 982 et
735 947 914 981 mortuos
933 974 942 990 ,
973 942 1022 980 de
1053 946 1232 989 tempore
1261 943 1301 976 ct
1331 938 1379 976 de.

426 1010 609 1054 sanctie,
641 1008 769 1045 lucem
801 1005 963 1054 saepius
993 1002 1206 1049 viderunt,
1237 1006 1280 1040 ut
1310 1001 1382 1039 Ar-

430 1073 613 1123 gentinac
645 1068 758 1108 1187.
789 1066 963 1105 Norimb.
995 1065 1110 1104 4500.

474 1134 670 1173 Henricus
696 1128 997 1169 PARCHENUS
1014 1158 1022 1174 ‚
1039 1127 1204 1178 AngluS,
1222 1126 1382 1165 Carme-

424 1198 491 1235 lita
519 1198 555 1233 iu
586 1194 820 1233 Monasterio
850 1190 1162 1230 Dunocastrensi
1203 1190 1306 1227 circa
1334 1187 1379 1226 A.

422 1259 541 1297 4'464.
584 1260 741 1307 praeter
786 1253 1012 1292 Orationem
1055 1250 1100 1289 de
1141 1253 1380 1302 paupertate

423 1319 605 1367 CHristi,
627 1323 669 1356 et
687 1316 899 1356 Conciones
917 1325 1050 1354 sacrus
1064 1345 1074 1362 ‚
1096 1314 1252 1363 scripsit
1268 1313 1382 1352 Com-

419 1383 610 1422 mentaria
642 1382 679 1418 in
702 1380 824 1418 libros
849 1379 1112 1417 Meteororum
1132 1375 1356 1413 Aristotelis
1372 1406 1382 1423 ‚

422 1449 636 1484 memorata
668 1441 837 1481 Lelando
871 1451 956 1489 cap.
985 1440 1072 1477 5553.
1099 1436 1305 1488 Dialoqum
1328 1436 1385 1475 dz'-

420 1507 512 1546 vitis
536 1510 573 1544 et
592 1503 784 1556 pauperis
810 1501 919 1540 addit
945 1502 1101 1539 Pitseus
1124 1511 1197 1550 pag
1222 1500 1310 1537 660.

482 1567 744 1608 PARDCLL’S
764 1567 988 1615 Episcopus
1004 1564 1106 1601 circa
1123 1560 1389 1600 1847133-

429 1632 652 1672 dunensis‚
690 1629 806 1678 cujus
836 1626 1013 1677 Epistola
1049 1624 1096 1663 ad
1135 1626 1386 1662 llincmarum

426 1696 661 1732 Remensem
689 1697 784 1728 tom.
810 1689 850 1727 2.
875 1690 976 1738 Opp.
1003 1699 1086 1737 pag.
1107 1687 1197 1725 838.
1222 1687 1386 1736 Incipit:

430 1755 566 1794 Gloria
591 1754 627 1791 in
645 1752 812 1792 excelsis
830 1751 898 1789 DE
904 1752 958 1797 O.
980 1761 1055 1801 per
1075 1761 1188 1801 quem
1209 1748 1305 1786 mihi
1325 1760 1389 1787 sa-

427 1819 571 1857 m'caem
594 1820 770 1855 vestram
794 1813 973 1852 omnibus
1006 1812 1265 1864 profuturam
1293 1809 1380 1849 red-

427 1878 724 1930 ditamqaucleo.
753 1880 806 1917 De
833 1876 1005 1927 Synodis
1023 1876 1168 1926 quibus
1192 1875 1383 1914 Pardulus

430 1944 491 1982 hic
522 1943 726 1989 interfuit3
759 1941 849 1979 vide
874 1941 1064 1979 Caveum.

486 2004 611 2043 Guislo
634 2003 679 2042 de
697 2004 824 2042 PARE
851 2004 936 2040 sive
955 2002 1002 2040 de
1019 2000 1214 2040 PARETO
1231 2032 1240 2047 ‚
1264 2002 1391 2039 Gene-

430 2069 521 2107 ralis
551 2067 642 2107 Ord.
673 2066 838 2103 Cisterc.
865 2070 904 2102 et
928 2066 971 2102 R.
1001 2063 1044 2101 E.
1077 2063 1296 2102 Cardinalis
1325 2064 1393 2102 de-

435 2131 596 2168 functus
626 2129 670 2167 A.
699 2128 815 2166 1202.
846 2127 902 2164 De
931 2137 1008 2176 quo
1033 2138 1151 2176 supra
1183 2130 1275 2164 tom.
1308 2125 1330 2163 3
1358 2138 1391 2175 p.

437 2192 526 2231 423.
559 2192 612 2229 De
642 2190 729 2239 ejus
757 2200 913 2228 summa
947 2187 1169 2239 leeoloyz'ae
1198 2189 1393 2226 Manuscr.

435 2256 472 2291 in
491 2254 592 2292 Bibl.
613 2253 837 2296 victorina:
863 2250 1043 2290 Oudinus
1069 2256 1161 2288 tom.
1184 2250 1207 2287 2
1225 2262 1260 2300 p.
1277 2249 1392 2288 1687.

439 2316 605 2366 Incipit:
639 2315 867 2355 Contestare
886 2311 1075 2365 populum
1093 2344 1102 2360 ,
1127 2324 1174 2350 ne
1196 2311 1298 2364 forte
1319 2317 1394 2350 etc.

491 2380 660 2416 ,Ιοαηηεε
677 2377 832 2415 PABIS.
857 2377 980 2426 Supra
1003 2380 1031 2413 t.
1058 2376 1119 2413 lv.
1137 2387 1174 2424 p.
1199 2375 1287 2414 396.

487 2439 620 2478 Julius
651 2440 804 2478 PABIS.
832 2438 922 2476 ibid.
949 2450 1033 2489 pag.
1067 2438 1156 2476 480.

485 2501 708 2541 Matthaeus
730 2501 886 2540 PARIS.
911 2501 989 2539 Hoc
1013 2501 1166 2538 Volum.
1199 2512 1234 2550 p.
1267 2500 1328 2537 50.

487 2565 629 2603 PARIS
659 2564 704 2602 de
735 2563 898 2603 Crassis
931 2564 1016 2600 sive
1047 2561 1239 2609 Crassis,
1270 2563 1395 2600 Bono-

436 2628 584 2666 niensis
605 2626 794 2675 Magister
818 2626 866 2663 ab
881 2624 925 2663 A.
953 2624 1068 2663 4513.
1087 2623 1391 2661 cerimoniarum

435 2689 635 2728 Ecclesiae
675 2687 786 2725 Rom.
816 2691 856 2724 et
884 2686 1105 2736 Episcopus
1135 2685 1396 2724 pisauriensis

436 2750 484 2788 ab
508 2751 552 2788 A.
578 2751 693 2788 1515.
723 2748 771 2787 ad
811 2747 929 2786 1528.
953 2747 1100 2786 Confer
1125 2747 1334 2797 Ughellum
1367 2751 1394 2784 t.

436 2813 473 2850 2.
499 2824 570 2862 pag
599 2812 688 2849 863.
707 2815 746 2848 et
769 2810 916 2849 Christ.
935 2809 1145 2847 Godofredi
1165 2809 1396 2857 Hofmanni,

439 2886 527 2912 cum
560 2884 700 2923 magna
725 2872 867 2910 harum
894 2872 1116 2909 litterarum
1139 2870 1296 2919 jactura
1326 2880 1397 2908 su-

441 2938 588 2985 periore
627 2945 730 2974 anno
756 2934 868 2973 173ἒᾶ.
900 2934 1086 2980 extincti,
1118 2943 1259 2970 novam
1299 2932 1400 2970 Scri-

443 3003 595 3047 ptorum
615 2998 792 3047 syllogen
818 3001 913 3033 torn.
940 2997 974 3034 1.
999 3006 1085 3045 pag.
1113 2995 1200 3031 467.
1226 3004 1296 3042 seq
1322 2994 1399 3031 llu—

439 3058 502 3106 jus
537 3058 819 3097 commentarii
839 3068 977 3096 rerum
1015 3059 1283 3096 Romanarum
1321 3052 1393 3093 sub

445 3120 675 3169 Pontificum.
698 3119 798 3158 ‚Iulii
820 3120 872 3158 ΙΙ.
898 3119 972 3158 sub
995 3119 1039 3158 A.
1067 3117 1179 3157 4503.
1206 3117 1253 3156 ad
1280 3118 1396 3156 4513.

445 3182 693 3231 manuscripti
713 3183 821 3221 fuere
840 3184 875 3220 in
893 3182 992 3221 Bibl.
1009 3182 1231 3220 Baluziana.
1250 3180 1395 3218 Excer-

503 3348 518 3367 :i
559 3342 634 3369 Acta
660 3340 757 3371 Erutl.
782 3341 870 3373 1731.
896 3353 967 3384 pag.
992 3344 1063 3375 417.

1244 243 1570 286 PAl’POLl

1451 320 1561 365 ptum
1593 326 1643 353 ex
1667 314 1754 364 ejus
1778 315 1904 354 Dlario
1928 316 1974 354 A.
2005 316 2119 355 1517.
2147 320 2279 354 exstat
2302 317 2406 355 inter

1448 376 1656 416 Mabillonii
1679 375 1847 415 Ordines
1876 379 2071 416 Romanos
2102 384 2194 417 tom.
2227 378 2250 416 2
2276 379 2406 417 musei

1450 438 1571 477 Italici
1597 449 1683 488 pag.
1707 437 1795 475 587.
1821 438 1917 477 Vide
1941 450 2060 490 supra
2085 451 2170 491 pag.
2199 439 2286 479 463.
2312 438 2409 478 Am-

1454 500 1573 551 pliora
1591 504 1780 548 excerpta
1803 499 1851 537 ab
1866 499 1910 538 A.
1937 502 2051 540 1518.
2071 501 2119 540 ad
2144 502 2294 540 obitum
2314 503 2409 540 Leo-

1451 563 1513 600 nis
1529 564 1577 601 X.
1592 563 1639 600 A.
1656 561 1771 600 1521.
1789 562 1825 598 in
1844 561 2025 601 laudatae
2047 564 2220 615 sylloges
2241 564 2408 604 illustris

1451 624 1670 662 Hoffmanni
1695 628 1800 661 tomo
1824 624 1950 673 primo
1972 624 2005 673 a)
2032 626 2133 676 Lips.
2156 626 2272 666 1731.
2299 627 2334 664 4.

1502 687 1591 735 (240
1623 687 1679 725 De
1709 688 1894 737 ingressu
1921 687 2060 725 Leonis
2089 690 2139 727 X.
2169 689 2406 728 Florentiam

1451 750 1663 800 descriptio
1694 748 1843 787 Paridis
1879 749 1934 786 De
1958 748 2116 788 Grassis
2137 753 2239 790 notis
2269 751 2412 791 illustr.

1452 825 1472 851 a
1497 814 1541 851 D.
1571 813 1755 851 Morenio.
1788 810 2013 848 Florentiae
2044 810 2161 850 4793.
2191 813 2256 862 8.)

1505 873 1814 914 PARISIENSIS
1832 872 1881 911 de
1909 872 2130 912 Virtutibus
2145 878 2185 912 et
2200 875 2329 915 Vitiis.
2347 876 2411 914 Vi-

1454 938 1502 976 de
1531 936 1831 976 GUALTERUS
1856 936 1998 974 Hunte.

1508 999 1736 1039 PARlSlUS
1763 996 1810 1036 de
1840 997 1982 1037 Cereta
2019 999 2190 1048 scriptor
2227 998 2412 1040 Chronici

1456 1064 1697 1102 Veronensis
1733 1061 1781 1100 ab
1805 1060 1850 1099 Α.
1875 1060 1921 1099 C.
1945 1060 2047 1099 1117
2071 1059 2118 1099 ad
2151 1059 2266 1099 1278.
2304 1062 2410 1112 quod

1456 1137 1545 1165 cum
1563 1124 1860 1163 continuatione
1883 1123 2016 1160 nescio
2030 1121 2146 1173 cujus
2162 1122 2208 1161 ad
2228 1123 2271 1162 A.
2296 1123 2417 1163 1375.

1455 1200 1503 1226 ex
1526 1190 1721 1226 Manuscr.
1745 1185 1888 1224 Codice
1912 1184 2094 1238 vulgavit
2117 1184 2413 1224 eruditissimus

1453 1251 1687 1292 Muratorius
1706 1249 1743 1292 bi
1762 1253 1867 1286 tomo
1897 1249 2075 1298 scriptor.
2106 1247 2240 1287 Italiae
2258 1252 2412 1286 octavo.

1512 1311 1866 1353 PARMEMANUS
1877 1312 2177 1350 Donatistarum
2194 1311 2416 1362 Episcopus

1458 1377 1695 1427 Carthagine
1711 1379 1751 1412 et
1769 1384 1979 1412 successor
1989 1373 2128 1412 Donati
2145 1373 2247 1412 circa
2265 1373 2308 1411 A.
2328 1372 2418 1411 370.

1460 1452 1528 1490 pro
1554 1443 1661 1478 secta
1677 1448 1748 1476 sua
1765 1437 1925 1486 scripsit
1941 1440 2137 1474 tractatus
2155 1446 2256 1486 quos
2271 1435 2320 1474 ab
2339 1435 2421 1475 OP-

1461 1503 1593 1542 TATO
1609 1501 1833 1540 confutatos
1857 1498 1936 1537 dixi
1959 1509 2079 1548 supra
2099 1509 2185 1549 pag.
2205 1497 2294 1538 162.
2315 1498 2422 1537 Eun-

1462 1565 1551 1603 dem
1583 1564 1884 1602 l‘armenianum
1917 1561 2154 1601 TYCHONII
2194 1561 2276 1599 Afri
2308 1560 2420 1599 libris

1463 1628 1591 1667 tribus
1619 1626 1667 1663 de
1697 1624 1798 1663 bello
1823 1625 2010 1662 intestino
2040 1629 2080 1662 et
2108 1623 2421 1674 expositionibus

1463 1692 1712 1730 diversarum
1729 1697 1943 1725 causarum
1967 1686 2206 1736 respondere
2220 1691 2421 1734 conatum,

1464 1752 1708 1806 oppugnavit
1739 1750 1777 1788 S.
1817 1747 2138 1788 AUGUSTINUS
2161 1749 2271 1787 libris
2294 1749 2423 1788 tribus

1454 1823 1589 1859 contra
1614 1814 1831 1865 Epistolam
1857 1813 2129 1860 parmeniani,
2156 1813 2222 1862 qui
2261 1816 2424 1850 exstant

1463 1890 1569 1922 tomo
1592 1880 1660 1917 lX.
1677 1874 2027 1915 edit.Benedictin.
2045 1874 2188 1913 Confer
2208 1873 2422 1912 'Pillemon-

1465 1948 1563 1984 tium
1581 1947 1675 1979 tom.
1692 1939 1753 1978 IV.
1773 1937 1995 1976 memoriar.
2013 1947 2100 1987 pag.
2118 1937 2207 1976 111.
2224 1947 2305 1987 seq.
2323 1937 2428 1976 Hen-

1466 2008 1534 2046 rici
1560 2003 1698 2044 Norisii
1730 2001 1858 2050 Opera
1884 2004 1910 2037 t.
1933 1999 1995 2037 IV.
2021 2010 2057 2049 p.
2082 1998 2173 2038 382.
2197 2009 2267 2049 seq

1520 2064 1784 2107 PARMENSE
1794 2063 1969 2100 Diarium
1987 2061 2035 2100 ab
2048 2061 2092 2100 A.
2111 2060 2416 2101 1177331182.

1468 2130 1618 2169 editum
1637 2129 1673 2165 in
1693 2125 1839 2165 laudati
1865 2125 2061 2163 Muratorii
2079 2129 2172 2162 tom.
2197 2124 2322 2163 XXII.
2336 2123 2425 2163 the-

1469 2193 1574 2232 sauri
1600 2190 1734 2230 Italiae
1757 2200 1795 2239 p.
1818 2187 2008 2228 247-398.
2033 2190 2073 2224 et
2093 2186 2314 2225 Chronicon
2335 2187 2427 2226 Par-

1471 2266 1608 2294 mense
1633 2253 1680 2292 ab
1707 2252 1749 2290 A.
1776 2250 1892 2290 1038.
1916 2249 1965 2289 ad
1988 2248 2102 2288 1038.
2128 2253 2155 2286 1.
2182 2249 2250 2288 lX.
2274 2260 2309 2299 p.
2336 2248 2400 2288 75.

1523 2314 1837 2356 PAROCHIALE
1863 2313 2116 2352 Curatorum.
2143 2312 2269 2362 Supra
2295 2313 2331 2349 in
2356 2312 2428 2350 MI-

1471 2379 1668 2420 CHAELE
1699 2374 1964 2416 Lochmaiero.

1524 2437 1882 2481 PASSEVALDUS
1915 2435 2150 2487 Belliqenius
2178 2436 2397 2491 Brugensis
2414 2468 2425 2486 ,

1469 2515 1612 2544 coecus
1636 2507 1753 2541 natus
1772 2533 1781 2549 ,
1804 2500 1983 2551 symbolo
1999 2499 2185 2539 utebatur
2209 2499 2341 2538 verbis
2357 2499 2430 2538 Da-

1470 2567 1575 2606 vidis
1601 2566 1742 2604 Psalm.
1774 2563 1924 2603 CXLV.
1948 2563 1983 2601 8.
2015 2561 2204 2601 Dominus
2232 2559 2432 2600 illummat

1471 2639 1617 2668 coecos.
1644 2629 1712 2666 Hic
1743 2630 1950 2676 praestans
1974 2623 2195 2663 eruditione
2220 2623 2427 2662 humanio-

1470 2702 1534 2729 res
1553 2691 1706 2729 litteras
1729 2688 1864 2726 docuit
1888 2687 2046 2725 Parisiis
2063 2685 2137 2724 sub
2153 2684 2298 2723 saeculi
2324 2684 2430 2723 XVI.

1472 2754 1595 2791 initia.
1621 2753 1680 2790 Ex
1698 2750 1856 2798 scriptis
1872 2747 1958 2798 ejus
1983 2747 2076 2785 nihil
2099 2747 2307 2785 memorari
2323 2757 2431 2785 com-

1472 2815 1555 2865 peri
1580 2815 1654 2852 nisi
1680 2812 1825 2850 scholia
1850 2810 1896 2849 ad
1923 2808 2152 2855 Quintiliani
2175 2807 2429 2848 declamatio-

1474 2887 1562 2913 nem
1594 2876 1759 2925 primam
1790 2883 1858 2922 pro
1887 2882 2003 2909 coeco
2027 2875 2164 2909 contra
2202 2881 2427 2910 novercam.

1472 2937 1620 2975 Eorum
1652 2939 1785 2973 autem
1813 2933 1962 2972 nullam
1987 2933 2034 2971 ab
2063 2932 2281 2972 editoribus
2303 2931 2428 2978 Quin-

1472 2999 1595 3036 tiliani
1619 2997 1791 3035 habitam
1820 2997 2013 3034 rationein
2037 3006 2128 3034 esse
2154 2994 2282 3034 video.

1522 3058 1711 3097 AEmz'lius
1728 3057 2110 3097 PARTHENIANUS
2130 3068 2179 3096 ex
2205 3068 2282 3097 uno
2304 3061 2424 3095 notus

1471 3122 1649 3160 Vulcatio
1669 3121 1869 3159 Gallicano
1895 3123 1931 3158 in
1951 3121 2032 3159 vita
2049 3119 2179 3159 Avidii
2200 3119 2325 3158 Cassii
2343 3129 2428 3168 cap.

1470 3185 1504 3221 5.
1532 3184 1584 3221 De
1613 3182 1681 3221 hoc
1706 3182 1828 3221 multa
1856 3183 2003 3233 ¹(fravia
2023 3186 2160 3222 contra
2182 3180 2349 3220 militum
2376 3179 2429 3219 Ζί-

1523 3343 1559 3383 b)
1585 3344 1723 3375 Journal
1748 3346 1803 3375 dcs
1827 3346 1900 3375 Sav.
1924 3347 1957 3374 Α.
1984 3342 2064 3374 1755
2088 3351 2120 3381 p.
2143 3341 2194 3373 48.
