2533 4009
450 256 522 293 420

448 335 484 361 in
517 331 616 360 nova
646 318 814 354 civitate
841 306 1021 356 l'ragcnsi
1041 333 1049 351 ,
1071 302 1213 341 deinde
1237 304 1398 342 Concio-

447 388 558 422 nator
590 371 820 417 Parocliialis
851 366 1049 406 Ecclesiae
1083 365 1124 401 Β.
1166 363 1308 401 Mariae
1348 361 1395 400 ad

448 446 587 482 lactum
619 435 775 474 Curiam
809 430 873 478 (im
908 426 1021 470 Tein.)
1051 423 1296 463 Turbulento
1327 422 1399 459 suit

446 501 624 544 ingenio,
655 493 789 531 inultis
808 489 976 538 negotiis
994 497 1036 524 se
1062 486 1319 530 immiscens,
1346 483 1398 520 le-

444 541 558 612 ga‘t'us
586 555 633 594 ad
665 551 880 592 Concilium
912 548 1137 586 Basileense
1164 546 1336 590 missus,
1362 543 1397 580 id

445 619 600 662 tandem
632 612 836 653 fraudibus
866 614 905 648 et
933 609 1086 647 artibus
1125 608 1209 645 suis
1254 604 1398 643 machi-

444 687 560 720 natus
602 681 689 720 est,
734 678 777 712 ut
819 671 1149 720 Archiepiscopus
1193 668 1400 717 pragensis

446 740 767 780 constitueretur.
798 735 976 772 Mortuus
999 736 1059 768 est
1080 741 1113 768 3.
1138 729 1251 768 1471.
1276 728 1312 765 (1.
1338 727 1401 765 22.

446 802 559 841 Febr.
591 800 666 837 Res
697 795 784 845 ejus
813 799 947 844 gestas
979 795 1141 830 narrant
1183 790 1402 838 Scriptores

442 861 640 904 Bobemici
670 857 816 896 AEneas
841 855 1015 898 Silviis,
1060 851 1172 890 zach.
1214 849 1404 888 Theobul-

443 926 546 968 dus‚
576 920 715 957 Wenc.
749 917 967 966 Rogemus,
999 913 1156 952 Bohusl.
1188 912 1400 958 Balbinus,

441 986 522 1023 Jac.
555 981 752 1021 Infantius
783 980 819 1015 in
853 976 942 1014 hist.
969 975 1058 1013 belli
1107 973 1319 1018 Hussitici,
1363 976 1403 1009 et

442 1044 668 1094 complures
692 1040 781 1087 alii,
811 1049 859 1076 ex
890 1036 1036 1086 quibus
1082 1035 1235 1082 (ultimo
1268 1039 1400 1071 tamen

442 1108 635 1153 excepto,
671 1101 738 1149 qui
784 1105 878 1136 tunc
924 1095 1099 1134 nondum
1143 1094 1276 1133 editus
1317 1094 1401 1142 fuit)

443 1170 534 1204 nata
564 1167 626 1201 est
655 1161 810 1212 egregia
841 1158 1067 1196 dissertatio
1098 1157 1175 1193 Viri
1218 1155 1300 1193 Cel.
1343 1156 1400 1192 Jo.

442 1222 725 1266 Dav.Koe1eri
769 1219 815 1259 de
857 1220 915 1257 Jo.
960 1215 1222 1268 Rokyczana,
1265 1216 1403 1256 Altorf.

445 1287 558 1327 1718.
590 1286 650 1325 Ex
679 1282 863 1333 operibus
893 1280 997 1318 illius
1026 1279 1124 1317 haec
1154 1283 1243 1316 nota
1269 1288 1376 1316 sunt.

501 1349 535 1386 1.
569 1343 733 1386 Collatio
761 1354 832 1382 seu
858 1338 1124 1392 praesentatio
1147 1339 1406 1376 Bohemorum

446 1418 580 1447 coram
611 1404 771 1443 Domino
800 1404 967 1452 Leqato,
998 1402 1083 1439 sive
1113 1400 1324 1450 Responsio
1354 1398 1409 1436 ad

453 1469 677 1509 Orationem
706 1464 859 1503 Juliani
888 1460 1118 1502 Cardinalis
1135 1492 1144 1508 ,
1171 1473 1191 1499 3
1212 1472 1289 1510 quo
1313 1472 1404 1498 cum

450 1532 534 1570 suis
565 1531 601 1568 in
633 1526 806 1567 Concilio
836 1524 1050 1564 Basileensi
1081 1535 1113 1560 3.
1147 1522 1260 1560 1033.
1292 1533 1407 1559 exce-

452 1595 545 1641 ptus
576 1590 702 1627 suerat
739 1587 883 1625 Exstat
912 1584 1014 1634 apud
1058 1583 1298 1622 Cocblaeum
1341 1583 1404 1620 lib.

453 1652 516 1689 VI.
545 1649 635 1688 belli
662 1647 846 1686 Hussitici
880 1656 915 1693 p.
944 1645 1034 1681 248.

499 1713 536 1750 2.
567 1707 776 1758 Responsio
807 1705 861 1743 ad
888 1703 1144 1755 oppositiones
1171 1703 1334 1741 loannis
1363 1702 1407 1741 cle

449 1775 605 1822 Baquso
635 1772 771 1807 contra
803 1767 974 1816 primum
1006 1774 1056 1803 ex
1086 1764 1264 1802 articulis
1284 1763 1407 1801 Bohe-

447 1835 683 1875 hemorum:
713 1828 886 1868 Habetur
901 1826 1004 1876 apud
1023 1827 1177 1865 Binium
1196 1830 1290 1863 tom.
1307 1826 1405 1863 Vlll.

448 1893 597 1934 Concil.
615 1904 650 1942 p.
671 1892 712 1930 31
727 1891 759 1927 t.
778 1888 872 1926 Vide
891 1892 931 1925 et
947 1898 1065 1937 supra
1082 1891 1108 1923 t.
1126 1887 1187 1924 IV.
1212 1897 1245 1935 p.
1273 1885 1360 1924 450.

501 1956 537 1994 3.
569 1951 704 1991 Oratio
733 1949 786 1988 ad
815 1952 991 1986 oratores
1032 1946 1198 1986 Concilii
1234 1948 1406 1997 Prayam

446 2016 605 2062 missos,
637 2014 722 2051 sive
753 2007 940 2060 Querela,
961 2007 1063 2059 apud
1084 2007 1323 2046 Cochlaeum
1343 2008 1405 2045 lib.

448 2077 529 2115 Vll.
558 2087 594 2126 p.
626 2074 714 2112 257,

500 2136 535 2174 [ι.
579 2132 778 2185 Confessio
791 2131 883 2183 fidei
893 2142 1002 2176 suae,
1020 2134 1151 2168 exstat
1166 2130 1269 2179 apud
1286 2129 1409 2168 Theo-

444 2195 603 2236 baldum
634 2194 682 2233 de
711 2193 811 2231 bello
843 2193 1037 2230 llussitico
1055 2203 1088 2240 p.
1107 2191 1143 2228 2.
1167 2201 1197 2228 c.
1219 2192 1278 2229 11.
1298 2202 1329 2240 ρ4
1350 2191 1410 2227 86Δ

498 2259 533 2295 5.
563 2253 761 2305 Epistolae
789 2252 842 2290 acl
868 2251 1409 2303 Capislranum1Cocblaeus

445 2319 509 2356 lib.
538 2318 587 2356 X.
619 2328 653 2366 p.
683 2315 771 2354 370.
805 2313 851 2352 3(1
898 2313 1085 2350 Joannem
1130 2310 1320 2350 Abbatem
1364 2311 1410 2349 de

445 2376 633 2418 Mulbrun
650 2406 658 2422 ,
679 2375 832 2414 concilii
867 2374 1114 2412 Basileeusis
1137 2375 1352 2417 nuncium,
1373 2376 1407 2410 in

444 2441 617 2478 Martene
647 2442 686 2475 et
716 2435 877 2475 Durand
921 2435 1088 2473 Collect.
1118 2435 1293 2484 ampliss.
1327 2435 1410 2472 Vlll

447 2512 485 2550 p.
528 2501 612 2538 173.
657 2496 712 2536 acl
753 2496 943 2535 Bohemos
989 2495 1266 2542 nunciatoria,
1310 2507 1411 2545 quac

449 2563 617 2610 Praegee
647 2563 732 2598 acta
765 2559 856 2596 sint.
889 2557 978 2596 ibid.
1016 2569 1050 2606 p.
1078 2558 1168 2596 354.

505 2622 545 2659 6.
600 2621 809 2659 Tractatus
852 2618 898 2657 de
944 2622 1089 2670 septem
1121 2618 1413 2663 Sacramentis‚

447 2687 582 2721 contra
627 2681 859 2726 Taboritas‚
897 2681 1071 2729 scriptus
1114 2690 1204 2717 cum
1246 2679 1414 2716 ambiret

450 2742 846 2792 Archiepiscopatum
879 2742 1115 2790 Progensem
1135 2768 1144 2784 .
1169 2750 1216 2777 ne
1242 2739 1413 2780 Catholi-

448 2805 504 2841 cis
535 2804 700 2841 nimium
732 2801 1053 2851 reprehensibilis
1085 2800 1299 2840 videretur.
1340 2801 1413 2838 Su-

449 2862 605 2911 bjunxit
623 2862 844 2901 Cocblaeus
864 2863 970 2911 operi
994 2861 1109 2899 modo
1130 2863 1249 2900 citato
1267 2873 1304 2910 p.
1322 2859 1410 2899 tte.

499 2922 536 2961 7.
566 2922 766 2970 Tenenda,
797 2922 832 2960 h.
859 2934 892 2961 e.
919 2922 1043 2969 liber,
1072 2923 1140 2971 qui
1167 2922 1274 2960 credi
1298 2926 1338 2959 et
1355 2926 1412 2959 te-

455 2984 536 3021 neri
559 2983 711 3021 debeat.

504 3044 540 3081 8.
564 3043 729 3082 Postilla
756 3043 1072 3094 Evanqeliorum.

505 3104 541 3140 9.
567 3104 789 3154 Disputatio
822 3104 997 3156 Capituli
1014 3104 1215 3144 Ecclesiae
1235 3106 1408 3154 Prayen-

454 3162 508 3200 sis
536 3174 622 3202 cum
654 3164 891 3217 Rokyczana
920 3167 966 3206 de
996 3166 1276 3206 controversiis
1305 3167 1409 3204 Hus-

456 3221 595 3262 siticis.
626 3225 760 3263 habita
784 3239 858 3276 per
882 3228 963 3266 dies
994 3229 1165 3280 quinque
1202 3240 1239 3266 a.
1281 3228 1401 3273 4465.

454 3292 588 3319 coram
618 3284 838 3333 Gyrzikone
883 3290 979 3337 Reqe
1023 3289 1254 3338 Bohemiae7
1297 3289 1401 3326 edita

1191 229 1682 271 itotANlilNUS

1474 304 1546 336 est.
1575 303 1669 336 tom.
1700 297 2044 349 llLAntiquarum
2076 299 2306 336 Lectionum
2327 301 2428 347 part-

1473 360 1509 397 2.
1540 358 1633 396 edit.
1666 368 1793 396 novae
1817 362 1909 397 tom.
1936 360 1996 398 1V.
2016 370 2040 409 p
2072 358 2161 398 753.

1528 420 1588 457 10.
1613 419 1722 456 Duae
1741 416 1972 457 collationes
1991 420 2028 456 in
2044 417 2214 457 Concilio
2236 418 2429 457 Basileen-

1473 481 1503 516 si
1529 491 1562 518 3.
1589 479 1703 529 1433.
1728 479 1763 515 in
1789 478 1962 516 Martene
1989 483 2029 516 et
2071 477 2231 517 Durand
2263 478 2425 518 Collect.

1473 539 1650 589 ampliss.
1672 543 1763 575 tom.
1791 538 1889 575 Vlll.
1917 549 1950 587 p.
1986 538 2076 577 252.
2103 538 2193 578 2514.

1528 601 1588 638 11.
1608 597 1755 637 Positio
1775 597 1902 648 primi
1921 597 2086 636 articuli
2099 597 2356 638 Bohemorum
2374 609 2435 636 co-

1474 671 1563 698 ram
1611 658 1781 699 Concilio
1829 657 2053 697 Basileensi
2087 657 2133 696 de
2175 660 2432 700 sacramento

1478 721 1656 768 Coenae,
1683 720 1758 758 ibid
1791 731 1825 770 p.
1857 719 1947 758 202.
1970 718 2167 759 Prolixum
2197 723 2237 758 et
2265 720 2435 760 solidum

1479 783 1672 832 scriptum
1706 784 1820 819 vocat
1861 778 2066 817 llockerus
2095 779 2132 816 in
2177 779 2298 818 Catal.
2339 779 2437 819 Bibl.

1478 842 1828 880 Heilsbrunnensis
1853 852 1889 890 p.
1911 840 1997 878 113.

1534 903 1596 941 12.
1625 901 1814 951 Alleyatio
1842 902 1900 938 J0.
1934 897 2128 940 Rolcizani
2151 899 2198 938 de
2224 901 2372 951 qua,
2403 903 2441 939 et

1481 961 1685 1014 replicatio
1727 961 1901 1009 Hilarii,
1946 961 2122 1000 Doctores
2160 961 2438 1010 Decretorum,

1485 1027 1520 1061 et
1556 1022 1733 1063 Wenslai
1746 1021 1926 1060 Doctoris
1944 1020 2166 1072 Theoloyiae
2185 1032 2327 1074 ,super
2341 1033 2442 1062 com-

1477 1084 1656 1122 munione
1681 1083 1891 1134 utriusque
1915 1081 2081 1133 speciei.
2125 1083 2204 1122 MS.
2231 1087 2365 1122 exstat
2401 1084 2440 1122 in

1480 1145 1573 1184 Bibl.
1605 1145 1794 1195 Lipsiensi
1814 1143 2014 1191 Paullina,
2037 1146 2139 1182 teste
2158 1143 2343 1194 Catalogo
2359 1143 2443 1182 Fel-

1478 1207 1546 1244 leri
1578 1217 1613 1255 p.
1645 1205 1733 1243 399.
1765 1205 1828 1243 ubi
1860 1215 2063 1255 perperam
2094 1202 2327 1244 Rubizanus
2349 1205 2444 1243 scri—

1478 1268 1595 1305 bitur.
1619 1265 1766 1304 ibidem
1796 1265 1867 1304 alia
1894 1265 2146 1315 reperiuntur
2161 1269 2297 1304 contra
2313 1252 2442 1315 ipsum

1482 1329 1641 1378 scripta.
1672 1326 1784 1365 Adde
1814 1325 2017 1365 Oudinum
2048 1332 2164 1363 torno.
2186 1326 2249 1364 111.
2269 1337 2304 1376 p.
2325 1325 2443 1365 2650.

1479 1388 1623 1426 Contra
1655 1389 1782 1438 ipsum
1811 1390 1852 1425 et
1880 1385 1929 1424 de
1956 1387 2043 1437 ipso
2065 1385 2162 1425 haec
2188 1387 2362 1424 inveni:

1534 1451 1647 1488 Fran.
1697 1448 1745 1487 de
1792 1447 1928 1486 Toleto
1973 1451 2112 1485 contra
2159 1446 2441 1486 Rokenzanum

1481 1510 1528 1548 dc
1558 1511 1839 1548 communione
1869 1507 1945 1546 sub
1977 1511 2145 1558 utraqqe
2174 1507 2251 1547 MS,
2294 1512 2356 1547 est
2404 1510 2442 1546 in

1480 1571 1577 1609 Bibl.
1595 1571 1767 1609 Paullina
1788 1569 1992 1620 Lipsiensi.
2008 1568 2145 1607 Felleri
2163 1567 2285 1607 Catal.
2301 1580 2338 1619 p.
2353 1569 2441 1610 191.

1508 1633 1698 1670 llistorica
1712 1631 1848 1669 relatio
1864 1629 1912 1668 de
1931 1630 2441 1680 congregationeBaronum

1482 1702 1528 1730 3ο
1557 1693 1775 1731 civitatum
1807 1692 1915 1741 regni
1946 1690 2156 1729 Bobemiae
2186 1701 2221 1728 a.
2252 1689 2367 1730 4465.
2389 1691 2443 1729 fa-

1481 1757 1569 1800 cta,
1603 1753 1781 1804 inprimis
1810 1751 1858 1790 de
1893 1751 2009 1789 dictis
2051 1755 2092 1790 et
2130 1752 2243 1790 factis
2279 1752 2443 1790 Joaunis

1480 1813 1728 1852 Rokenzani:
1761 1812 1904 1850 ibidem
1935 1823 1973 1861 p.
2002 1812 2093 1850 203.

1535 1873 1854 1913 ROLANDINUS
1895 1872 2172 1924 Rodulphz‘nus
2211 1872 2255 1912 de
2296 1872 2443 1914 Passa-

1478 1935 1625 1986 yeriis,
1660 1933 1948 1983 Bononiensis,
1998 1935 2151 1984 primus
2191 1932 2443 1974 Notariorum

1484 1997 1790 2035 Bononiensium
1827 1995 2057 2042 Proconsul,
2073 1995 2290 2034 eorundem
2317 1996 2444 2035 Colle-

1482 2059 1531 2109 gii
1576 2061 1728 2095 erector
1770 2059 1810 2093 et
1853 2056 2077 2094 benefactor
2125 2056 2289 2106 insignis
2336 2058 2439 2096 circa

1484 2132 1516 2156 3.
1543 2118 1655 2157 1270.
1681 2117 1794 2156 1300.
1813 2117 1979 2166 Scripsit
2009 2118 2211 2155 Summam
2235 2116 2346 2156 Artis
2366 2118 2442 2156 No-

1484 2180 1638 2218 tariae.
1669 2190 1786 2228 quae.
1813 2178 1862 2216 ab
1908 2178 1990 2228 ipso
2020 2175 2240 2216 Rolandina
2275 2177 2438 2226 dicitur,

1485 2243 1717 2292 impressam
1750 2241 1907 2278 Taurini
1941 2238 2056 2278 llas.
2083 2239 2257 2278 Venetiis
2286 2250 2356 2290 per
2382 2240 2439 2277 Jo.

1484 2308 1524 2340 et
1552 2303 1783 2353 Gregorium
1822 2301 1870 2339 de
1915 2300 2129 2350 Gregoriis,
2173 2299 2287 2338 1500.
2318 2300 2442 2351 (Haec

1486 2364 1648 2403 Summa
1681 2363 1778 2400 tanti
1809 2362 1900 2400 olim
1934 2360 2151 2399 habebatur
2195 2363 2239 2399 ut
2272 2361 2442 2400 Mutinae

1485 2430 1524 2463 et
1544 2425 1566 2462 f.
1597 2425 1716 2462 etiam
1736 2423 1825 2461 alibi
1851 2433 1955 2461 saec.
1976 2422 2077 2460 XIV.
2096 2422 2134 2459 in
2152 2420 2305 2460 Scholis
2321 2421 2445 2475 expli-
2506 2414 2507 2417 ¹

1487 2490 1658 2525 caretur.
1682 2485 1869 2523 Muratori
1900 2482 2033 2534 Antiq.
2057 2482 2312 2524 11a1.111908.
2346 2483 2443 2524 Vide

1493 2545 1720 2586 Tiraboschi
1745 2542 1845 2582 Bibl.
1865 2543 2069 2583 Modenese
2085 2545 2146 2583 lv.
2161 2543 2250 2583 3ti0.
2274 2543 2446 2584 Lucche-
2526 2552 2528 2554 ’

1491 2609 1579 2657 sini)
1602 2607 1716 2646 Hanc
1734 2606 1919 2644 Oudinus
1949 2609 1974 2644 t.
2005 2606 2070 2645 111.
2087 2617 2123 2657 p.
2150 2606 2240 2644 485,
2260 2605 2445 2645 maleRo-

1489 2668 1648 2708 landino
1666 2667 1857 2707 Patauino
1892 2666 2040 2715 tribuit,
2077 2668 2285 2706 Tractatus
2316 2667 2445 2711 varios

1492 2731 1735 2770 Juridicosin
1748 2741 1864 2780 opere
1890 2738 2031 2779 magno
2053 2729 2262 2768 Tractatus
2283 2729 2442 2768 Tracta-

1489 2798 1601 2833 tuum
1622 2797 1646 2830 tv
1671 2792 1768 2830 Vlll.
1799 2795 1897 2841 part.
1931 2792 1964 2829 1.
1986 2791 2200 2840 impressos
2218 2818 2226 2833 ‚
2243 2787 2290 2828 de
2308 2788 2438 2828 Testa-

1490 2857 1614 2892 mento
1633 2857 1668 2892 et
1689 2851 1831 2891 ultima
1853 2850 2070 2900 voluntate,
2094 2863 2129 2902 p.
2173 2850 2208 2889 1.
2249 2849 2296 2889 de
2331 2848 2445 2890 Codi-

1489 2915 1610 2961 cillis,
1637 2928 1672 2965 p.
1689 2914 1777 2953 197.
1793 2913 1840 2952 de
1859 2911 2136 2951 donationibus
2155 2922 2281 2951 causa
2295 2910 2446 2960 mortis,

1487 2989 1521 3027 p.
1574 2977 1660 3016 119.
1709 2974 1755 3014 de
1794 2973 2107 3013 successionibus
2152 2972 2204 3012 ab
2243 2975 2445 3020 intestato,

1486 3051 1520 3090 p.
1551 3039 1638 3077 251.
1672 3037 1913 3075 Paiicirollus
1943 3036 1991 3074 de
2014 3036 2132 3074 claris
2158 3037 2306 3086 Legum
2328 3035 2447 3074 inter-

1484 3101 1660 3151 pretibus
1692 3100 1736 3137 ll.
1769 3098 1829 3136 36.
1861 3097 2041 3136 Bumaldi
2088 3096 2277 3135 Minerval
2321 3097 2444 3137 Bono-

1485 3164 1620 3201 niense
1638 3173 1674 3211 p.
1691 3160 1781 3202 206,
1810 3158 1969 3197 Orlandi
1992 3158 2136 3198 Notitia
2163 3158 2306 3208 Script.
2324 3157 2447 3196 Bono-

1483 3225 1679 3262 nicnsium
1711 3234 1745 3272 p.
1770 3221 1859 3260 343.
1889 3219 1979 3270 (304
1997 3219 2081 3260 Vid.
2100 3217 2292 3260 PETRUS
2310 3215 2357 3256 de
2374 3216 2447 3254 Un-

1483 3285 1567 3323 zola
1595 3286 1813 3322 continuat.
1832 3281 2084 3321 Rolandinae.
2101 3275 2385 3321 Veronaeilisti
2403 3275 2441 3327 f.)
