2517 4009
1018 190 1246 228 SIMON

162 264 318 304 SIMON
335 264 570 315 Spirensis,
586 263 830 310 Cal-melita,
843 261 974 299 totius
987 261 1085 298 Ale-

124 332 306 367 manniae
335 330 451 365 Prior
479 328 765 373 Provincialis,
787 325 988 372 Magister
1007 325 1086 360 Pa-

122 393 332 438 risiensis,
347 391 526 428 Coloniae
540 389 814 435 Theologiam
828 387 968 425 docuit
979 388 1088 423 circa

125 461 162 490 a.
188 454 305 491 1340.
329 451 504 498 Scripsit
525 460 655 498 super
670 449 1089 495 Seuteutias,coutra

119 516 314 562 Judaeos,
345 517 386 553 et
405 514 625 551 Postillam
647 514 692 550 iu
712 513 928 561 Epistolas
957 511 1086 548 Pauli

126 578 315 617 Coloniae
335 578 497 615 lectam.
529 576 785 612 Trithemius
813 576 861 612 de
894 573 1084 619 scriptor.

120 642 275 678 EccleS.
305 651 339 677 c.
373 639 452 676 606
481 639 522 675 et
551 639 601 675 de
641 637 828 684 scriptor.
872 633 1082 672 Carmelit.

120 714 160 750 p.
191 701 243 740 76
270 704 310 740 b.
340 702 590 738 Possevinus
620 701 732 737 tomo
764 700 814 735 II.
845 696 1083 745 Apparatus

120 776 158 812 p.
191 766 284 801 408.

95 818 98 821 ’
174 827 332 865 SIMON
365 826 562 866 Stooliius
599 828 666 863 vel
699 824 869 864 Stoltius
889 853 898 870 ,
929 822 1085 859 illustri

120 899 275 937 genere
295 889 419 927 natus
440 891 483 925 in
505 888 668 935 flantia,
701 897 809 923 anno
839 886 1082 923 duodecimo

116 952 257 990 aetatis
270 955 314 990 in
333 963 519 990 eremum
543 962 585 989 se
606 951 796 997 contulit,
811 950 853 987 et
875 951 918 986 in
938 949 1083 986 trunco

119 1024 294 1061 quercus
324 1025 437 1052 cavae
467 1014 690 1061 habitavit,
721 1013 832 1050 unde
853 1021 1086 1059 cognomen

121 1076 301 1123 Stookii,
331 1077 372 1112 h.
395 1087 429 1113 e.
450 1077 590 1113 trunci
610 1075 777 1123 accepit.
801 1075 862 1112 Ibi
882 1075 1084 1110 visionem

118 1137 314 1176 habuisse
345 1139 479 1186 ajunt,
509 1139 611 1185 fore,
641 1138 688 1174 nt
719 1148 770 1175 ex
789 1136 1083 1174 Palaestinam

118 1201 321 1247 Angliam
352 1201 526 1238 veniant
566 1201 785 1247 monachi,
827 1210 953 1246 quam
994 1207 1082 1235 rem

117 1261 292 1300 eventus
321 1273 482 1310 quoque
512 1261 814 1310 comprobavit,
845 1262 945 1298 dum
976 1260 1081 1297 Car-

118 1325 417 1363 melitanorum
447 1326 552 1364 Ordo
576 1328 622 1363 in
644 1326 845 1372 Angliam
876 1323 1081 1370 pervenit.

116 1389 176 1426 De
216 1400 298 1436 qua
341 1391 500 1427 visione
542 1390 642 1437 quid
683 1388 952 1425 sentiendum
993 1386 1080 1433 sit,

118 1453 235 1490 docet
255 1453 495 1491 dissertatio
515 1455 630 1489 Joan.
650 1452 840 1497 Launoji,
863 1449 1081 1496 aliquoties

117 1525 282 1553 excusa.
313 1515 458 1553 Ordini
486 1514 618 1561 igitur
650 1515 713 1550 1111
743 1523 786 1549 se
828 1511 1080 1557 associavit,

121 1577 164 1614 et
193 1589 228 1615 a.
262 1578 367 1615 1245
395 1578 487 1623 eJ'us
514 1576 710 1623 Migister
740 1574 954 1612 Generalis
984 1583 1082 1611 con⁶

115 1640 289 1678 stitutus
311 1639 388 1678 est.
410 1640 523 1677 Obiit
542 1639 808 1677 centenarius
828 1647 936 1674 anno
960 1636 1079 1673 1265.

115 1704 181 1740 Ex
210 1702 380 1750 scriptls
411 1702 502 1748 eJus
542 1702 632 1738 11366
671 1698 965 1738 recensentur:
1001 1697 1080 1736 Ca-

114 1776 241 1806 uoues
269 1767 410 1805 cultus
441 1767 590 1812 (livini,
620 1765 828 1802 Homiliae
858 1765 912 1800 aa
946 1772 1080 1811 popu—

114 1830 215 1876 lum,
236 1829 284 1867 cle
309 1828 557 1865 Christiana
564 1826 842 1874 poenitentia,
863 1825 1079 1872 Epistolae

114 1894 168 1931 ad
199 1892 393 1938 Fratres,
414 1891 669 1938 Autiplzouae
692 1891 796 1928 (luae
818 1889 870 1925 ad
891 1889 1078 1933 Mariam,

115 1965 206 2002 quae
237 1953 466 2000 incipiunt:
498 1953 592 1990 Flos
628 1951 813 1989 Carmeli
837 1952 940 1989 vitis
953 1949 1081 1999 flori-

111 2026 230 2066 qera,
263 2017 303 2054 et
329 2016 411 2054 Ave
441 2016 567 2053 stella
596 2014 820 2052 matutina.

165 2083 270 2118 Vide
301 2081 529 2118 Lei-andum
557 2090 592 2116 c.
626 2078 719 2116 277.
749 2079 935 2116 Ralaeum
958 2077 1075 2115 Cent.

111 2145 179 2182 IV.
211 2143 248 2180 7.
278 2143 466 2183 Pitseum
505 2154 539 2180 c.
576 2143 671 2181 377.
717 2144 991 2180 Possevinum
1023 2143 1075 2178 ΙΙ.

111 2222 150 2258 p.
183 2211 274 2248 408.
304 2209 578 2256 Hippolytum
607 2210 877 2246 Marx-aecium
908 2210 951 2244 in
973 2209 1075 2245 Bibl.

111 2273 297 2308 Mariana
324 2272 438 2308 tomo
472 2272 521 2307 11.
552 2283 591 2318 p.
624 2271 717 2308 371.

168 2332 324 2369 SIMON
356 2333 606 2380 Sudberius,
637 2334 921 2370 Cancellarius
965 2332 1079 2369 Sari-

113 2395 357 2440 sberiensis,
388 2394 497 2430 vixit
539 2396 797 2440 aliquamdiu
838 2396 1077 2441 Avenione,

113 2457 208 2504 post
235 2457 463 2503 Episcopus
494 2456 788 2500 Londinensis,
809 2455 977 2492 tandem
999 2458 1077 2492 Ar-

111 2519 399 2566 chiepiscopus
440 2517 779 2563 CantuariensiS,
812 2528 848 2554 a.
893 2518 995 2553 1381
1030 2519 1074 2553 in

113 2582 304 2628 populari
332 2579 516 2617 tumultu
545 2579 786 2616 trucidatus.
821 2579 999 2625 Scripsit
1029 2580 1078 2617 de

111 2646 369 2701 celebratque
399 2645 649 2690 Missurum,
669 2643 716 2681 cle
739 2643 1019 2690 paeniteutiis
1040 2644 1079 2679 et

111 2708 442 2746 remissionibus.
474 2707 637 2744 Pitseus
668 2715 700 2742 c.
733 2705 824 2742 671.

167 2767 188 2789 *
211 2770 374 2816 Scripta
388 2771 460 2806 1113
481 2770 530 2806 de
544 2767 821 2805 celebratione
844 2767 1077 2806 Missarum

113 2833 189 2870 eto.
219 2833 269 2869 (16
294 2832 442 2878 quibns
463 2831 545 2876 hic,
566 2830 673 2866 nihil
693 2839 786 2867 esse
826 2831 939 2867 aliud
961 2830 1076 2876 puto,

115 2904 239 2941 quam
270 2894 407 2930 varias
450 2894 544 2929 illas
585 2891 941 2937 ConstitutioneS,
972 2901 1074 2938 quae

115 2956 316 3004 leguntur
346 2957 503 3002 passim
535 2957 642 3002 apud
672 2955 855 2992 Wilkins
897 2965 996 2991 num
1037 2956 1074 2992 3.

112 3018 188 3053 An.
221 3015 326 3052 1375
356 3025 434 3062 quo
464 3015 810 3052 cantuariensem
845 3015 1071 3052 Ecclesiam

116 3077 249 3115 adivit
277 3086 408 3123 usque
440 3077 490 3114 ad
526 3087 683 3113 annum
716 3076 814 3113 1381
848 3087 927 3122 qno
957 3078 1073 3114 obiit.

167 3138 326 3176 SIMON
368 3139 416 3176 cle
460 3138 646 3176 Siclliaco
675 3168 684 3185 ,
724 3140 1072 3186 Archiepiscopus

113 3201 401 3246 BituricensiS,
433 3200 525 3247 post
555 3201 788 3238 cardinalis
820 3202 858 3238 S.
882 3201 1074 3245 Caeciliae,

113 3263 221 3303 vixit
251 3273 285 3300 a.
323 3263 438 3301 1290.
463 3264 793 3302 Instrumentum
819 3265 1074 3303 visitationis

2064 190 2140 231 487

1175 261 1266 306 ejus
1297 261 1348 298 ab
1368 271 1415 297 ’3.
1450 261 1554 297 1284
1580 269 1691 307 seqq.
1715 259 1794 296 fuit
1814 266 1941 306 penes
1960 260 2022 297 Jo.
2057 263 2143 298 Ma-

1175 322 1405 369 bulonium,
1435 324 1504 370 qui
1525 322 1731 370 Excerpta
1760 332 1812 359 ex
1842 323 1915 359 1110
1954 323 2055 360 tom.
2087 324 2139 360 II.

1176 385 1472 422 Analectorum
1513 384 1645 422 edidit
1671 413 1681 432 ,
1727 385 1771 421 in
1811 385 1991 423 editione
2033 395 2142 423 nova

1179 457 1217 493 p.
1250 447 1345 494 338,
1378 448 1469 484 345.
1493 449 1686 495 Epistola
1706 448 1820 484 illius
1841 449 1990 486 contra
2009 449 2143 486 Prae-

1166 511 1352 557 positum
1383 511 1504 548 Ae’uti
1533 511 1782 548 monasterii
1803 511 1851 548 cle
1881 512 2141 559 pluralitate

1174 574 1466 622 beneficiorum
1486 575 1624 611 exstat
1655 576 1807 612 ibidem
1839 586 1878 622 p.
1911 576 2003 613 345.
2034 577 2142 612 Acta

1174 646 1270 673 vero
1299 637 1566 673 visitationis
1596 638 1765 684 integra
1794 639 1909 675 dedit
1943 639 2139 676 Baluzius

1175 699 1348 734 Miscell.
1380 698 1435 732 IV
1467 709 1506 744 p.
1536 699 1629 736 205.
1660 701 1774 737 Adde
1805 695 1968 737 Oldoini
2007 701 2139 738 Athe-

1173 769 1312 796 naeum
1343 760 1576 796 Romanum
1606 771 1645 807 p.
1679 762 1770 797 610.

1229 821 1387 858 SIMON
1423 822 1596 869 Taylor,
1628 824 1738 860 alliis
1779 824 2008 871 Taillerus‚
2043 826 2140 862 Sco-

1173 884 1255 931 tus,
1286 886 1328 921 in
1360 894 1403 922 re
1433 886 1593 921 musica
1613 886 1720 922 circa
1741 895 1896 922 annum
1921 887 2023 924 1240
2052 889 2137 924 613-

1170 959 1258 995 rus,
1273 948 1443 995 scripsit
1458 948 1604 986 Libros
1619 949 1720 986 (litos
1733 950 2137 997 Pentaclcorclorum,

1173 1011 1320 1049 Libros
1340 1012 1447 1049 alios
1469 1012 1584 1057 duos,
1611 1013 1798 1050 alterum
1820 1013 1867 1050 de
1888 1014 2030 1051 tenore
2050 1023 2141 1051 mu-

1174 1074 1328 1120 sicali,
1370 1075 1555 1112 alterum
1591 1075 1639 1113 de
1680 1076 1810 1112 cautu
1852 1076 2138 1113 eeclesiastico

1174 1137 1438 1184 corriperem.
1467 1136 1738 1183 Dempsterus
1767 1136 1867 1173 hist.
1891 1137 2038 1174 Scotiae
2069 1138 2140 1175 lib.

1173 1198 1313 1233 XVIII
1341 1209 1380 1234 n.
1422 1199 1541 1235 1135.
1583 1199 1667 1235 Jac.
1710 1199 1854 1242 Quetif
1890 1200 1940 1236 de
1986 1198 2135 1246 Script.

1173 1260 1265 1297 Ord.
1304 1261 1631 1298 Praedicatorum
1670 1261 1770 1297 tom.
1813 1262 1830 1296 Ι
1861 1273 1899 1308 p.
1942 1262 2032 1298 111.
2066 1261 2138 1298 Ge.

1171 1324 1405 1360 Mackenzie
1419 1324 1468 1360 de
1485 1323 1619 1360 Scotis
1632 1324 1809 1360 eruditis
1831 1325 1922 1360 Vol.
1945 1324 1962 1358 Ι
1983 1334 2022 1370 p.
2048 1322 2139 1360 187.

1229 1382 1386 1419 SIMON
1415 1384 1462 1420 de
1500 1383 1732 1430 leomasis,
1762 1384 2012 1431 Brixiensis,
2043 1384 2139 1420 Ord.

1170 1445 1512 1491 Praedicatorum,
1542 1447 1658 1481 Prior
1687 1447 1830 1482 Januae
1872 1448 1916 1482 in
1956 1446 2136 1483 monast.

1172 1508 1211 1545 S.
1241 1508 1474 1554 Dominici,
1506 1508 1689 1544 Concilio
1730 1509 1880 1545 Pisano
1922 1509 2139 1555 interfuit,

1169 1570 1265 1617 post
1294 1582 1330 1608 a.
1364 1571 1482 1608 1412.
1525 1571 1754 1617 Episcopus
1796 1571 2138 1618 Aprumiatensis

1170 1631 1416 1680 (Bruqueto
1458 1633 1534 1669 sub
1576 1632 1799 1680 metropoli
1840 1633 2068 1681 Januensi)
2115 1643 2140 1670 3

1166 1695 1324 1731 ‚Ioanne
1356 1694 1496 1730 XXIII
1526 1694 1711 1742 evectus,
1742 1696 1845 1733 obiit
1875 1705 1981 1732 anno
2014 1697 2133 1733 1418.

1168 1756 1344 1803 Scripsit
1374 1757 1422 1795 cle
1453 1758 1734 1806 Reyularium
1754 1760 2020 1807 privileqiis,
2045 1768 2142 1796 con-

1169 1821 1241 1856 tra
1270 1820 1566 1868 impumtautes
1588 1821 1814 1868 reliqioues
1835 1821 1883 1858 ab
1902 1822 2139 1869 Apostolica

1167 1882 1262 1919 secte
1293 1883 1555 1931 approbatas.
1585 1884 1672 1920 Jac.
1706 1883 1850 1926 Quetif
1869 1884 1919 1920 de
1952 1883 2134 1929 Scripto-

1169 1946 1285 1982 ribus
1315 1946 1409 1982 Ord.
1440 1946 1767 1983 Praedicatorum
1792 1947 1809 1981 I
1832 1958 1871 1993 p.
1895 1946 1987 1984 762.
2010 1947 2134 1983 Leon.

1168 2009 1378 2046 Cozzando
1408 2009 1600 2046 Libraria
1617 2009 1837 2047 Bresciana
1866 2022 1904 2057 p.
1937 2010 2031 2048 295.

1224 2073 1381 2111 SIMON
1413 2074 1460 2111 cle
1497 2073 1684 2120 Tlioudi,
1718 2073 1878 2119 Scotus,
1910 2074 2138 2111 monachus

1166 2136 1447 2182 Melrosensis,
1478 2135 1573 2181 post
1613 2145 1650 2171 a.
1695 2134 1812 2172 1171.
1853 2136 1992 2173 Abbas
2024 2136 2136 2182 Cog-

1165 2197 1431 2243 geshalensis
1460 2197 1505 2233 in
1535 2198 1711 2243 Anglia,
1743 2197 1914 2234 tandem
1944 2208 1982 2233 3.
2014 2196 2133 2234 1197.

1167 2260 1396 2306 Episcopus
1425 2260 1699 2295 Moraviensis
1728 2260 1773 2295 in
1805 2259 1968 2305 Scotia,
2013 2259 2137 2296 mort.

1166 2325 1283 2360 1184.
1317 2322 1492 2370 Scripsit
1512 2324 1557 2360 ia
1578 2323 1795 2371 Epistolas
1815 2323 1958 2368 Pauli,
1991 2323 2038 2359 de
2069 2332 2139 2360 re-

1156 2385 1421 2435 formatione
1460 2384 1600 2431 Cleri,
1633 2385 1681 2422 cle
1714 2385 1835 2432 reaia
1875 2385 2138 2422 successione

1168 2449 1213 2488 S.
1245 2449 1470 2487 Maleolmi.
1501 2448 1591 2484 Car.
1628 2448 1677 2484 de
1709 2447 1838 2483 Visch
1879 2446 1982 2483 Bibl.
2027 2446 2137 2483 Scri-

1164 2511 1330 2558 ptorum
1361 2511 1444 2547 Ord
1473 2510 1767 2547 Cisterciensis
1799 2519 1837 2555 p.
1869 2508 1961 2544 299.

1221 2574 1378 2610 SIMON
1414 2572 1681 2619 Tltoruapsus,
1702 2571 1812 2607 hunc
1841 2571 2011 2616 Anglici
2033 2573 2136 2608 scri-

1169 2635 1308 2682 ptores
1339 2635 1566 2682 Polydorus
1596 2635 1813 2681 Vergillus
1843 2634 1914 2670 lib.
1936 2633 2012 2669 XV
2041 2642 2135 2671 cum

1168 2699 1306 2735 Balaeo
1339 2697 1454 2735 Cent.
1486 2697 1562 2743 111,
1593 2695 1659 2743 47,
1688 2696 1782 2742 XII,
1803 2697 1854 2732 80
1876 2695 2013 2742 patria
2034 2695 2134 2731 Cor-

1165 2761 1412 2797 nubiensem
1464 2759 1668 2796 statuunt.
1722 2758 1878 2795 Contra
1928 2757 2133 2794 Henricus

1167 2822 1454 2860 Gandaveusis
1483 2832 1516 2858 c.
1550 2822 1615 2858 24.
1660 2821 1917 2858 Trithemius
1947 2820 1995 2856 de
2027 2820 2133 2856 scri-

1166 2887 1272 2933 ptor.
1304 2887 1459 2923 Eccles.
1491 2895 1524 2922 c.
1557 2884 1647 2923 467.
1680 2885 1900 2921 Sanderus.

1221 2950 1455 2987 SIMONEM
1478 2950 1526 2987 cle
1554 2950 1740 2987 Tor-nato
1762 2951 1825 2984 vel
1854 2947 2132 2985 Tor->lacescat

1164 3015 1334 3052 faciunt.
1366 3014 1463 3051 Fuit
1484 3013 1622 3051 autem
1644 3014 1877 3050 canonicus
1897 3013 2131 3049 Tornacen-

1165 3079 1223 3115 sis
1253 3078 1296 3115 et
1324 3078 1529 3124 Magister
1561 3077 1801 3122 Theologiae
1833 3077 1876 3112 in
1903 3076 2131 3112 Academia

1166 3141 1358 3178 Parisino
1389 3143 1496 3177 circa
1513 3151 1548 3177 3.
1575 3140 1690 3177 1216.
1715 3140 1889 3186 Scripsit
1911 3140 2129 3177 Simmiam-

1173 3203 1428 3250 leeoloffiae,
1444 3202 1739 3240 Instilectioues
1754 3202 1921 3240 divinae
1934 3202 2132 3250 paytuae,

1167 3264 1436 3307 Quaestioues
1471 3264 1794 3304 Sententiaruu.
1828 3266 1872 3302 iu
1903 3265 2131 3313 symbolum
