2517 4009
583 313 1555 428 BIBLIOTHECA

321 528 848 606 MEDIAE
953 525 1124 602 ET
1231 522 1828 598 INFIMAE

645 719 1506 793 LATINITATIS

1154 936 1198 950 ἽἺ

309 1185 591 1251 LIBER
642 1187 833 1251 XVI.

95 1330 155 1406 P
159 1368 376 1408 OLEMIUS
404 1367 578 1417 Silvius,
607 1368 822 1420 Bollandus
843 1369 886 1406 P.
910 1368 1035 1406 Anne-

95 1431 176 1469 ium
205 1441 346 1469 vocare
376 1431 550 1479 mavult,
574 1431 796 1481 Episcopus
819 1430 1038 1469 Octodura-

95 1503 172 1532 nus
201 1491 330 1541 [hodie
357 1496 420 1531 est
447 1492 671 1543 Martiynac
713 1492 762 1531 ad
802 1491 1035 1531 Rhodanum

94 1557 132 1594 in
163 1555 362 1595 Comitatu
391 1555 663 1594 Helvetiorum
696 1554 913 1601 Wallisino)
939 1555 1039 1592 vixit

92 1617 227 1657 seculo
255 1617 300 1656 V.
328 1618 481 1657 amicus
509 1617 695 1656 Eucherii
731 1616 1038 1668 Lugdunensis,

22 1715 25 1719 ,
93 1680 158 1718 cui
200 1678 453 1718 Laterculum
493 1679 718 1728 dedicavit,
761 1680 827 1730 qui
872 1679 1040 1729 singulis

91 1741 295 1782 mensibus
312 1742 413 1781 festa
429 1742 744 1782 Christianorum
761 1747 802 1780 et
822 1742 1039 1780 Gentilium

90 1805 253 1845 indicat.
282 1806 439 1844 Partem
467 1804 581 1855 ejus,
612 1816 792 1843 mensem
814 1805 964 1844 scilicet
978 1805 1041 1843 Ja-

89 1869 299 1915 nuarium,
328 1872 370 1906 et
396 1868 596 1919 Excerpta
624 1880 674 1907 ex
695 1868 800 1916 aliis,
819 1866 941 1906 edidit
956 1867 1041 1905 Bol-

85 1929 231 1970 landus
259 1931 298 1968 in
329 1930 570 1981 praefatione
587 1932 759 1982 generali
787 1936 881 1969 tom.
911 1932 924 1970 4
953 1931 1043 1968 Jan.

90 1993 154 2032 44.
181 1993 488 2032 Continuatores
515 1998 650 2033 autem
694 1994 798 2033 illius
841 1994 1042 2045 exemplar

87 2055 249 2106 plenum
278 2056 382 2094 nacti
411 2055 623 2094 ediderunt
653 2060 746 2094 tom.
778 2057 858 2095 Vll.
888 2057 979 2096 Jun.
1006 2067 1040 2106 p.

89 2116 180 2157 478.
208 2116 304 2157 Vide
327 2118 506 2157 Caveum
527 2130 613 2170 pag.
635 2118 724 2157 284.
751 2120 846 2157 ilist.
871 2119 1042 2157 literaire

88 2179 138 2220 de
166 2180 203 2220 la
231 2181 380 2219 France
408 2184 503 2219 tom.
534 2182 582 2220 ΙΙ.
611 2193 648 2232 p.
673 2181 765 2220 294.

140 2241 163 2265 ⁴*
191 2241 456 2282 Admonuisse
485 2242 549 2283 hic
572 2243 690 2295 juvat
719 2244 878 2282 Polemii
911 2243 1045 2282 Later-

89 2303 222 2344 culum
241 2316 320 2344 non
346 2306 400 2344 ita
423 2305 505 2344 dari
530 2317 551 2344 a
575 2306 920 2346 continuatoribus
955 2307 1042 2345 Bol-

90 2367 196 2406 landi
224 2371 251 2405 t.
292 2368 370 2406 Vll.
415 2368 520 2406 Junii
550 2381 588 2419 p.
619 2369 709 2408 478.
739 2375 782 2408 ut
811 2381 880 2420 per
913 2370 1045 2408 omnia

90 2428 328 2481 respondeat
355 2431 554 2480 excerptis
583 2442 605 2469 a
649 2431 836 2470 Bollando
872 2431 1045 2481 vulgatis

91 2497 187 2530 tom.
212 2493 247 2531 4.
270 2503 357 2542 pag.
385 2490 447 2530 414,
469 2492 735 2543 praefationis.
763 2494 1042 2542 Praeterquam

89 2555 194 2593 enim
219 2555 259 2594 in
281 2554 481 2594 volumine
496 2554 559 2592 illo
579 2555 684 2593 „lunii
708 2559 861 2594 resecta
880 2560 943 2593 est
963 2560 1043 2593 tota

90 2617 155 2656 illa
183 2617 373 2668 praefatio
401 2616 449 2655 ad
494 2616 735 2656 Eucherium
777 2618 1043 2667 Episcopum,

90 2691 193 2730 quae
205 2684 408 2730 comparet
424 2680 460 2717 in
484 2678 670 2717 Bollando
687 2691 696 2727 3
715 2679 903 2718 nonnulla
926 2680 1046 2716 etiam

91 2741 206 2781 aliter
221 2742 314 2793 legit
332 2741 546 2781 Bollandus
570 2752 616 2780 ac
635 2735 936 2780 continuatores
960 2742 1046 2779 nius

90 2805 284 2856 legerunt.
306 2805 437 2843 Unum
460 2804 683 2843 alterumve
708 2804 936 2853 exemplum
961 2814 1048 2853 pro-

92 2866 230 2906 feram.
258 2865 495 2905 Bollandus:
539 2866 624 2904 Non
663 2864 762 2903 Jnlii
798 2864 1046 2903 Ancillarnin

93 2927 248 2980 Syriae,
263 2939 438 2980 quarum
453 2926 662 2967 celebritas
683 2928 864 2967 instituta
886 2934 943 2967 est
969 2934 1043 2967 etc.

94 2990 426 3030 Continuatores:
456 2989 705 3029 Ancillarum
740 2989 891 3042 feriae:
924 2995 964 3028 ct
991 2993 1046 3028 in-

96 3053 218 3092 ferius
237 3052 380 3091 ibidem
411 3054 552 3092 Somno
570 3053 716 3104 sopitus
743 3052 920 3104 Volyrius
935 3064 1048 3104 posse

96 3114 287 3166 superari
301 3113 410 3167 facta
429 3114 598 3155 victoria
615 3115 682 3153 sic.
714 3115 925 3154 Bollundus
948 3126 1048 3154 som-

96 3189 144 3217 no
158 3177 300 3230 sopitos
317 3181 355 3217 et
369 3176 528 3217 obrutos
542 3176 651 3230 facta
670 3178 840 3217 victoria
861 3178 914 3217 sit
938 3180 1049 3217 {nsu-

97 3251 168 3292 per
177 3240 858 3291 monetBollanduspostAugustum
871 3252 1048 3279 mensem

96 3303 233 3342 subiici
246 3305 487 3342 Breviarium
499 3304 854 3353 temporum,cuius
870 3303 1050 3341 breviarii

98 3370 341 3417 postremum
367 3366 633 3418 fragmentum
661 3365 780 3406 refert
822 3367 898 3406 lloc
918 3370 1049 3405 autem

1106 1186 1370 1234 fragmentum
1390 1193 1464 1220 non
1482 1181 1627 1231 legitur
1644 1181 1680 1218 in
1696 1181 2039 1220 continuatoribus
2055 1193 2062 1224 ι,

1106 1243 2066 1298 quamquameiusinpraefationememinerunt.*

1161 1307 1273 1347 Xicco
1315 1306 1674 1353 POLENTONUS,
1707 1308 1947 1354 Patavinus,
1978 1318 2068 1346 ver-

1108 1375 1227 1420 gente
1249 1379 1328 1407 sec.
1349 1368 1451 1406 XIV.
1471 1371 1609 1415 natus,
1628 1378 1647 1404 a
1666 1369 1817 1405 Joanne
1836 1369 2067 1408 Ravennato

1109 1433 1311 1471 communi
1342 1435 1437 1468 tunc
1468 1429 1602 1468 Italiae
1631 1435 1918 1479 praeceptore,
1948 1431 2063 1469 bonis

1111 1496 1255 1534 litteris
1287 1493 1465 1532 imbutus
1483 1522 1492 1538 ,
1510 1503 1532 1531 a
1557 1493 1672 1529 Petro
1690 1492 1992 1531 Bartholomaeo
2014 1493 2072 1531 hi-

1111 1558 1286 1603 storiam,
1304 1567 1326 1595 a
1342 1555 1533 1606 Cajetano
1548 1554 1748 1592 Thienaeo
1766 1554 2069 1605 philosophiam,

1111 1632 1133 1659 a
1161 1619 1297 1659 Cando
1323 1618 1371 1657 de
1387 1617 1523 1656 Cando
1540 1616 1792 1666 astrologiam
1812 1616 1961 1655 didicit.
1983 1619 2071 1657 Fuit

1112 1685 1285 1734 primum
1331 1680 1527 1731 Imperiali
1576 1681 1814 1718 auctoritate
1862 1680 2071 1727 Notarius,

1113 1746 1161 1785 ab
1190 1756 1223 1784 a.
1255 1743 1372 1784 4405.
1402 1742 1675 1783 Cancellarius
1707 1742 1815 1781 urbis
1846 1744 2072 1781 Patavinae.

1113 1809 1245 1855 Quum
1270 1819 1303 1846 a.
1336 1807 1451 1846 4413.
1484 1805 1716 1856 sepulcrum
1747 1806 1822 1843 Titi
1855 1806 1951 1843 Livii
1982 1817 2074 1855 ape-

1115 1873 1283 1917 riretur,
1315 1870 1348 1907 is
1377 1869 1554 1907 animum
1585 1873 1742 1919 gratum
1774 1869 1813 1905 in
1838 1872 1995 1906 tantum
2021 1869 2074 1906 ci-

1116 1944 1207 1972 vem
1238 1932 1336 1970 satis
1368 1942 1569 1981 superque
1600 1929 1799 1968 exhibuit.
1841 1930 1947 1968 Obiit
1986 1935 2075 1980 post

1117 1993 1357 2034 foecundum
1377 1994 1676 2032 matrimonium
1694 2004 1714 2031 a
1734 1993 1849 2032 4464.
1883 1993 2075 2032 Brevissi-

1117 2059 1194 2096 mis
1222 2057 1321 2096 haec
1338 2057 1590 2107 exponimus,
1612 2056 1818 2094 Lectorem
1844 2055 2078 2105 ablegantes

1114 2120 1170 2160 ad
1200 2119 1400 2158 eruditam
1429 2118 1755 2157 dissertationem
1779 2118 1824 2156 V.
1855 2118 1899 2156 C.
1929 2119 1985 2156 Jo.
2005 2119 2075 2156 ΕΓ,

1117 2182 1229 2223 hardi
1247 2182 1656 2233 Kappii,Professoris
1688 2182 1792 2231 Lips.
1823 2192 1925 2231 quae
1952 2181 2075 2219 vitam

1117 2246 1321 2285 Polentoni
1347 2246 1381 2283 a.
1409 2244 1523 2283 4733.
1546 2245 1704 2293 copiose
1749 2244 1848 2281 satis
1877 2245 2074 2294 exposuit.

1112 2308 1172 2347 Ad
1216 2309 1363 2357 scripta
1407 2305 1495 2355 ejus
1526 2307 1731 2356 pergimus
1761 2304 1995 2343 enarranda.

1172 2373 1206 2410 4.
1239 2367 1354 2408 Liber
1382 2371 1625 2408 statutorum
1647 2370 1681 2405 et
1711 2365 1838 2417 leyum
1859 2366 2076 2416 municipa-

1118 2432 1213 2471 lium
1240 2432 1338 2482 reip.
1371 2429 1588 2470 Patavinae
1617 2441 1732 2479 opcra
1779 2428 1882 2467 illius
1916 2429 2076 2466 restitu—

1119 2501 1185 2535 tus
1210 2500 1286 2533 est.

1169 2559 1207 2596 2.
1234 2555 1409 2609 Epistola
1438 2555 1493 2593 ad
1523 2552 1730 2593 Nicolaum
1761 2550 1954 2598 Nimium,
1986 2550 2075 2589 Flo-

1119 2619 1342 2665 rentinum,
1373 2617 1419 2655 de
1451 2615 1670 2655 inventione
1694 2612 1871 2666 sepulcri
1892 2613 2073 2655 Liviani,

1119 2681 1223 2719 edita
1253 2686 1316 2719 est
1344 2692 1365 2719 a
1404 2681 1519 2717 Laur.
1568 2678 1747 2727 pignorio
1778 2677 1816 2714 in
1847 2675 2077 2726 Originibus

1118 2744 1319 2783 Patavinis
1348 2754 1382 2780 c.
1415 2742 1476 2780 47.
1506 2745 1546 2778 et
1575 2740 1724 2790 Kappio
1749 2751 1786 2789 p.
1816 2739 1876 2777 49.

1173 2806 1208 2843 3.
1233 2804 1477 2853 Arqnmenla
1501 2801 1652 2853 oliquul
1676 2800 1895 2839 orationum
1923 2799 2076 2838 Cicero-

1118 2867 1206 2915 nis,
1236 2867 1378 2906 Jacobo
1407 2865 1455 2904 dc
1486 2864 1688 2903 Alvarotis
1717 2875 1751 2902 a.
1780 2863 1894 2902 4443.
1921 2861 2077 2900 dedica-

1120 2935 1183 2978 ta,
1216 2935 1305 2981 post
1336 2930 1474 2967 venet.
1512 2925 1624 2965 4477.
1657 2927 1721 2964 sol.
1762 2936 1854 2964 cum
1904 2923 2076 2967 Asconio

1120 2993 1308 3032 Pediano,
1338 2991 1490 3037 Georgii
1522 2990 1774 3038 Trapezuntii
1805 2987 1969 3026 artificio
2016 2988 2078 3025 Ci-

1119 3056 1353 3094 ceronianae
1382 3053 1570 3092 orationis
1592 3061 1660 3100 pro
1687 3050 1730 3096 Q.
1753 3050 1914 3100 Ligario,
1935 3053 1974 3087 et
2000 3049 2079 3087 An-

1120 3118 1213 3155 tonii
1247 3115 1390 3155 Luschi
1423 3115 1678 3164 inquisitione
1709 3123 1828 3163 super
1846 3112 2073 3151 Xl.oratio-

1123 3190 1194 3218 nes
1223 3178 1449 3225 Ciceronis,
1480 3176 1610 3219 edita,
1641 3180 1680 3213 ct
1713 3174 1833 3221 Lugd.
1866 3173 1981 3213 4554.
2013 3173 2077 3213 fol.

1124 3241 1302 3292 repetita.
1339 3239 1630 3277 Dedicationem
1662 3236 1709 3275 ad
1736 3237 1970 3276 Alvarotum
2011 3248 2079 3274 ex—

1126 3304 1234 3342 hibet
1264 3302 1442 3352 Kappius
1475 3313 1558 3350 pag.
1591 3301 1653 3337 89.

1184 3369 1211 3404 i.
1248 3367 1298 3404 De
1330 3363 1551 3403 illustribus
1590 3359 1853 3413 scriptoribus
1900 3360 2076 3411 Linynoe
