2533 4009
459 232 536 270 2110

457 306 635 340 nostrum
663 305 686 334 t.
720 298 757 333 3.
788 294 877 330 hist.
907 290 1055 328 Ecclcs,
1089 289 1223 327 llumb.
1249 300 1284 338 p.
1316 289 1408 326 248.

509 359 700 401 PETRL'S
731 353 915 395 Cellensis
939 350 1070 388 Abbas
1094 349 1232 387 Ord-in.
1261 349 1406 388 Bened.

455 426 492 460 in
523 420 706 460 suburbio
728 414 911 452 Trecensi
928 443 938 459 ‚
971 411 1059 449 inde
1080 411 1128 450 ab
1153 411 1198 449 Λ.
1224 410 1341 450 1162.
1367 411 1404 450 S,

454 483 613 531 l’wmigii
656 477 887 521 Remensis,
922 473 1093 523 denique
1123 472 1168 511 A.
1209 472 1324 511 1182.
1368 473 1404 510 10

455 547 686 595 Episcopatu
730 536 963 577 Carnotensi
1006 545 1213 574 successor
1240 534 1403 573 Joannis

453 601 754 652 Sarishorionsis
772 630 779 649 ,
799 598 1013 637 defunctus
1029 598 1074 635 Α.
1092 596 1207 636 1187.
1229 596 1288 635 Ad
1313 607 1405 635 eum

453 663 665 705 Alexandri
693 663 757 701 Ill.
789 662 830 700 S.
855 659 1042 699 Bernardi
1061 691 1070 704 ,
1098 659 1260 698 Joannis
1284 658 1409 696 Saris-

450 728 642 767 boriousis
667 730 706 763 et
731 724 872 763 Nicolai
900 723 1230 762 Claraevallensis
1246 725 1409 760 exstant

450 789 670 840 lipislolae,
708 789 730 826 a
773 798 850 837 quo
894 785 1049 825 Nicolao
1093 785 1219 834 Epist.
1266 782 1328 821 25.
1359 781 1406 821 ad

450 853 661 891 llenricum
691 851 932 900 Episcopum
963 848 1229 893 Trecensem,
1261 848 1408 883 macta-

451 921 514 953 tur
543 914 666 963 elogio
697 912 801 963 quod
832 913 951 950 etiam
983 910 1055 948 hoc
1086 909 1170 946 loco
1199 907 1318 944 velim
1344 917 1411 944 ex-

451 983 559 1015 tare:
596 973 729 1013 Abbas
776 972 963 1014 Cellensis
1007 971 1072 1010 vir
1111 968 1318 1019 reliqiosus
1362 977 1410 1005 ac

452 1039 588 1077 timens
610 1038 679 1076 DE
685 1038 757 1076 [ill
771 1067 782 1082 ,
802 1036 910 1074 homo
936 1033 1058 1072 bonus
1087 1036 1124 1070 et
1153 1029 1412 1070 testimonium

452 1100 592 1139 bonum
616 1099 764 1139 liabens
793 1099 819 1137 ὰ
845 1097 954 1136 bonis
975 1110 981 1135 :
1011 1095 1094 1136 vita
1119 1099 1157 1134 et
1184 1093 1412 1132 litteratura

451 1163 708 1214 conspicuus,
741 1159 850 1199 nobis
879 1170 1033 1211 quoque
1064 1160 1172 1196 tanta
1201 1153 1414 1208 familiari-

451 1230 527 1264 tate
550 1225 753 1264 devinctus
773 1255 780 1270 7
806 1228 852 1262 ut
870 1234 944 1261 nou
959 1222 1012 1262 sit
1030 1232 1133 1259 unus
1154 1219 1200 1258 de
1221 1217 1414 1266 caeteris,

452 1287 520 1327 sed
539 1300 640 1340 prae
665 1287 832 1326 caeteris
862 1297 977 1325 unus.
1011 1283 1149 1323 Omnia
1179 1284 1316 1320 nostra
1336 1291 1416 1318 sua

452 1355 547 1390 sunt
577 1356 651 1390 etc.
678 1351 831 1400 Scripta
857 1349 944 1400 ejus
974 1352 1064 1398 post
1094 1344 1291 1384 Labbeum
1319 1347 1415 1380 tom.

452 1415 489 1451 2.
521 1414 569 1452 (10
590 1414 628 1452 S.
654 1413 699 1451 E.
725 1424 810 1463 pag.
839 1412 925 1451 190.
952 1412 1128 1449 Cavoum
1153 1407 1200 1446 ad
1226 1406 1270 1444 Α.
1298 1405 1413 1444 1182·

452 1483 570 1527 atque
587 1475 787 1515 Oudinum
810 1480 838 1512 t.
863 1476 897 1513 3.
917 1485 1002 1524 pag.
1024 1470 1137 1510 4557.
1159 1480 1240 1518 seq.
1267 1467 1415 1506 referre

451 1549 592 1588 operae
622 1539 792 1587 pretium
823 1536 931 1575 duxi.
963 1537 1066 1574 Sunt
1097 1534 1238 1583 igitur:

507 1598 776 1652 Epistolarum
799 1597 896 1637 libri
924 1608 1070 1637 novem.
1105 1597 1202 1634 item
1244 1593 1415 1631 Alexan-

453 1663 511 1700 ‹lri
544 1665 667 1712 l’apac
697 1663 763 1700 111·.
793 1661 838 1700 ad
870 1660 1043 1699 eundem
1074 1660 1233 1697 Petrum
1260 1653 1416 1692 Cellen-

454 1737 537 1764 5001
568 1729 608 1761 et
636 1724 734 1762 alios
762 1723 963 1773 Epistolac
994 1722 1054 1760 56.
1086 1730 1177 1758 eum
1209 1717 1314 1754 notis
1345 1714 1417 1752 Ce-

455 1789 571 1827 leber.
585 1784 935 1825 JacobiSirmondi
945 1785 1018 1823 Soc
1040 1785 1135 1821 10511
1152 1778 1416 1830 ejusdemque

453 1851 746 1901 elegantissima
778 1849 825 1888 ad
850 1848 1138 1888 Carthusianos
1158 1843 1301 1884 Montis
1328 1840 1414 1880 DEI

454 1913 618 1964 epistola
663 1913 949 1962 nuncupatoria
985 1909 1216 1961 prodiero-nt
1255 1905 1412 1944 Parisiis

453 1977 499 2015 A.
532 1976 646 2015 1613.
678 1977 715 2012 in
745 1976 780 2013 8.
812 1985 856 2013 ac
881 1972 1025 2013 deinde
1051 1977 1157 2009 tomo
1188 1970 1303 2007 tertio
1334 1968 1414 2006 Sir—

456 2038 587 2077 mondi
632 2038 835 2088 Operum,
876 2036 995 2074 Paris.
1035 2034 1150 2073 1696.
1194 2036 1234 2069 et
1276 2031 1413 2069 Venet.

460 2100 574 2139 1729.
619 2102 721 2138 sicut
760 2104 800 2138 et
843 2099 879 2136 111
910 2097 1004 2136 Bibl.
1038 2098 1197 2135 l‘atrum
1231 2092 1353 2143 Lugd.
1384 2095 1412 2129 t.

458 2164 519 2202 23.
558 2175 594 2213 p.
625 2162 713 2201 8⁵23.
744 2162 902 2200 omissis
933 2165 1064 2198 tamen
1105 2155 1318 2196 Alexandri
1350 2154 1413 2193 lll.

457 2226 655 2276 llpistolis.
681 2225 780 2262 l'etri
807 2223 1003 2262 Cellensis
1029 2220 1229 2271 Epistolae
1253 2220 1415 2255 exstant

458 2287 590 2326 itidem
619 2289 655 2324 in
682 2286 777 2325 Bibl.
800 2287 958 2324 Patrum
985 2285 1105 2323 PariS.
1131 2288 1170 2320 et
1195 2280 1418 2320 Coloniensi

459 2353 493 2388 in
519 2350 662 2400 quibus
687 2353 901 2387 occurrunt
927 2348 1046 2386 ctiam
1073 2346 1169 2384 hacc
1196 2345 1296 2383 Petri
1322 2353 1419 2392 opu-

458 2413 567 2451 scula
597 2423 698 2462 quae
718 2411 799 2462 jam
830 2410 878 2448 ab
904 2411 1017 2449 Anno
1049 2409 1164 2448 1600.
1197 2408 1356 2446 fuerant
1382 2406 1418 2442 in

457 2478 492 2512 8.
517 2486 664 2513 excusa
692 2475 728 2511 in
755 2473 892 2512 eadem
921 2472 1018 2510 urbe
1043 2471 1253 2510 Parisionsi
1284 2480 1333 2507 ex
1360 2468 1420 2506 Bi-

459 2538 649 2576 bliotheca
683 2537 725 2575 V.
756 2537 798 2575 C.
828 2533 984 2574 Nicolai
1013 2531 1147 2572 Fabri.

513 2598 626 2639 Liber
649 2598 694 2638 de
718 2596 890 2637 Panibus
907 2629 917 2645 ,
943 2596 989 2635 ad
1017 2597 1211 2634 loannem
1244 2593 1421 2633 80115110-

459 2664 656 2709 ricnsem,
688 2665 823 2712 postea
850 2661 1089 2710 Episcopum
1118 2659 1417 2697 Carnotensem.

461 2728 498 2763 in
516 2725 695 2763 Biblioth.
716 2726 875 2762 l'atrum
895 2723 987 2761 edit.
1002 2721 1120 2772 Lugd.
1141 2726 1168 2758 t.
1190 2720 1252 2759 23.
1271 2731 1307 2769 p.
1328 2718 1417 2757 745.

512 2786 684 2827 Mosaici
705 2784 961 2823 Tabernaeuli
987 2785 1173 2835 mysticae
1195 2786 1232 2820 et
1256 2779 1420 2819 moralis

461 2849 716 2902 expositionis
746 2847 836 2886 libri
866 2847 951 2885 (luo.
987 2846 1076 2884 ibid.
1109 2858 1192 2895 pag.
1222 2843 1312 2882 789.

516 2911 631 2951 Liber
660 2912 705 2949 (le
733 2909 969 2949 conscientia
988 2940 996 2956 ‚
1029 2907 1074 2947 ad
1107 2906 1318 2945 Alcherum
1345 2905 1421 2942 Μο-

466 2975 635 3014 nachum
667 2986 751 3025 pag.
783 2974 870 3011 802.
905 2973 1005 3011 llacc
1035 2970 1166 3008 omnia
1192 2968 1356 3018 repetita
1385 2968 1421 3002 in

468 3049 566 3075 nova
596 3038 768 3087 Operum
797 3035 896 3073 Petri
919 3033 1113 3072 Cellensis
1137 3030 1334 3075 editione,
1356 3039 1424 3066 cu-

470 3105 578 3136 rante
619 3097 824 3136 Ambrosio
859 3094 1055 3134 ‚ianuario
1087 3091 1272 3132 Monaclio
1304 3092 1425 3129 Bene—

470 3160 614 3198 ‹lictino
645 3163 762 3199 Paris.
798 3162 912 3199 1671.
952 3163 993 3197 ct
1021 3162 1115 3196 tom.
1146 3154 1288 3194 XXlll.
1328 3152 1424 3191 Bibl.

476 3222 630 3258 l‘atrum
675 3222 795 3272 Lugd.
834 3234 920 3273 pag.
964 3220 1052 3259 636.
1085 3231 1168 3269 seq.
1205 3217 1269 3256 ubi
1306 3217 1424 3254 ctiam

476 3286 603 3320 exstat
634 3281 731 3320 liber
754 3283 798 3322 de
822 3283 1029 3334 disciplina
1049 3278 1262 3320 claustrali
1284 3289 1424 3317 500110-

479 3344 570 3381 slum
611 3345 764 3393 regulas
796 3348 860 3383 SS.
895 3346 1090 3383 Benedicti
1121 3349 1160 3380 01,
1191 3341 1424 3393 Augustini,

1294 215 1579 256 PETRUS

1480 287 1528 326 ad
1558 287 1768 327 llenricum
1792 289 2027 340 Campaniae
2052 292 2243 331 Comitem
2277 302 2312 341 p.
2344 290 2432 330 507.

1482 348 1668 399 vulgatus
1694 348 1842 399 pridem
1870 352 1892 390 a
1919 352 2109 391 Dacherio
2133 358 2228 391 tom.
2259 353 2295 391 3.
2325 353 2438 403 spici-

1482 410 1543 460 leg
1600 421 1686 460 pag.
1730 409 1792 449 [12.
1836 411 1958 461 (edit.
1989 425 2114 454 novae
2147 420 2240 453 tom.
2285 416 2320 454 1.
2351 425 2436 465 pag.

1482 471 1603 521 1152.)
1632 473 1838 512 Sermones
1868 473 1966 513 XCI.
1998 487 2070 526 pag
2101 477 2190 514 683.
2221 477 2258 515 10
2290 475 2436 526 quibus

1481 535 1600 573 etiam
1623 534 1684 572 IX.
1711 533 1750 574 iu
1774 535 1941 587 Synodis
1966 535 2091 576 habiti
2113 550 2199 589 pag.
2229 537 2321 577 731.
2351 548 2440 588 seq.

1482 600 1522 635 et
1552 608 1657 636 unus
1688 598 1724 634 in
1756 598 2017 637 Communem
2049 598 2329 639 Confessorum
2354 610 2439 650 pag.

1481 659 1571 698 730.
1602 662 1641 697 et
1670 659 1719 697 de.
1743 659 1781 698 S.
1811 659 2025 698 Benedicto
2049 672 2134 712 pag.
2164 661 2253 701 662.
2284 673 2327 701 ac
2358 661 2439 700 bini

1483 721 1532 760 de
1561 722 1599 761 S.
1629 722 1783 760 Nicolao
1815 734 1849 771 p.
1882 721 1959 761 727
1987 726 2028 760 et
2057 722 2096 762 S.
2125 723 2326 763 Bernardo
2356 735 2441 775 pag.

1484 784 1572 824 725.
1603 788 1643 823 ot
1666 785 1804 823 Sermo
1833 784 2000 823 ultimus
2027 795 2111 835 pag.
2144 784 2234 824 744.
2253 785 2300 825 de
2317 783 2446 825 tribus

1486 844 1634 898 leyibus
1654 876 1662 894 ,
1686 847 1859 885 Naturali
1885 858 2006 896 quam
2029 847 2144 894 quasi
2168 845 2337 887 diaetam
2361 859 2446 887 unz-

1483 908 1680 948 versalem
1701 910 1755 947 ait
1779 919 1868 947 esse
1888 921 1896 947 ε
1925 910 2024 958 Lege
2048 910 2196 959 Moysis
2216 940 2224 956 ‚
2249 921 2348 960 quae
2366 910 2448 949 fue-

1485 971 1536 1008 rit
1565 972 1679 1020 quasi
1711 968 1973 1009 helleborum:
2011 974 2052 1009 et
2082 971 2185 1022 Lege
2215 971 2449 1023 Evangelii,

1486 1031 1584 1071 nihil
1602 1030 1766 1071 habente
1788 1031 2072 1072 amaritudinis
2093 1031 2217 1082 ,nihil
2236 1031 2448 1072 acredinis.

1487 1096 1555 1134 llis
1584 1094 1684 1134 adde
1706 1095 1939 1134 Sermonem
1969 1094 2016 1134 de
2036 1093 2284 1134 meditatione
2307 1094 2444 1134 mortis

1490 1159 1526 1195 in
1544 1156 1882 1195 Combefisiissibl.
1901 1158 2193 1197 concionatoria
2225 1157 2272 1197 ad
2303 1158 2450 1196 festum

1488 1221 1878 1258 commemorationis
1908 1221 2147 1260 animarum.

1542 1283 1662 1333 Spem
1683 1293 1840 1333 quoque
1866 1283 2013 1321 fecerat
2034 1283 2078 1322 V.
2100 1283 2142 1322 C.
2162 1281 2351 1322 Nicolaus
2374 1282 2451 1322 Ca-

1487 1347 1691 1384 muzati'us
1710 1373 1719 1390 ,
1744 1345 1948 1384 Ecclesiae
1972 1345 2184 1384 Trecensis
2209 1345 2450 1394 canonicus,

1489 1407 1630 1458 plura,
1676 1419 1778 1458 quae
1821 1406 1952 1446 adhuc
1990 1407 2119 1446 lucem
2163 1411 2399 1458 expectant,
2428 1407 2450 1445 0

1490 1470 1668 1508 tenebris
1690 1481 1732 1508 se
1762 1474 1972 1509 eruturum
1991 1481 2003 1518 ,·
2023 1468 2092 1507 sed
2118 1479 2193 1507 non
2220 1473 2315 1519 puto
2339 1480 2452 1519 prae·

1490 1533 1641 1570 stitisse
1662 1546 1670 1571 :
1694 1532 1835 1571 saltem
1859 1531 1954 1570 nihil
1987 1543 2049 1570 me
2075 1530 2223 1570 vidisse
2253 1535 2322 1571 aut
2346 1530 2455 1570 audi-

1491 1594 1599 1632 visse
1640 1593 1836 1633 recordor.
1866 1593 2203 1633 commentarium
2232 1593 2272 1631 in
2308 1591 2453 1631 librum

1491 1654 1590 1694 Rulli
1622 1657 1819 1695 Manuscr.
1852 1657 1888 1694 in
1919 1655 2018 1694 Bibl.
2039 1654 2347 1695 Claraevallensi
2372 1666 2455 1694 ser-

1491 1719 1574 1757 vari
1620 1722 1791 1756 testatur
1827 1720 2002 1756 Joannes
2044 1716 2161 1755 Liron
2193 1717 2291 1756 libro
2334 1728 2453 1767 supra

1491 1780 1650 1820 laudato
1680 1792 1717 1830 p.
1747 1779 1810 1820 78.
1843 1778 2042 1831 Epistulae
2071 1778 2173 1818 duae
2201 1779 2250 1818 ad
2292 1779 2456 1819 Wilhel-

1493 1855 1627 1891 mum,
1654 1844 1812 1881 Petrum
1834 1872 1841 1889 ,
1865 1841 2103 1889 widonem,
2136 1852 2184 1879 ne
2213 1841 2454 1880 Cistercien-

1486 1907 1589 1945 sium
1605 1905 1782 1943 ordinem
1808 1904 2067 1952 desererent,
2093 1904 2280 1956 spicilegii
2307 1903 2453 1943 Dache-

1487 1968 1583 2006 riani
1616 1972 1707 2005 tom.
1740 1967 1777 2005 2.
1807 1978 1892 2017 pag.
1926 1965 2014 2004 4147.
2046 1965 2164 2016 (edit.
2197 1977 2322 2005 novae
2354 1969 2452 2004 tom.

1489 2032 1524 2068 3.
1557 2041 1644 2079 pag.
1674 2029 1793 2078 544..)

1542 2092 1739 2131 Vocabula
1781 2091 1918 2130 Latino
1947 2091 2110 2130 barbara
2139 2092 2253 2130 Petro
2279 2089 2449 2130 Cellensi

1491 2159 1679 2204 usurpata
1721 2154 1922 2204 excerpsit
1950 2153 2005 2192 Jo.
2038 2152 2134 2192 Lud.
2167 2152 2216 2192 de
2246 2153 2282 2192 la
2325 2151 2450 2193 cerda

1490 2216 1710 2255 Adversar.
1739 2227 1840 2255 sacr.
1871 2227 1957 2266 cap.
1988 2216 2075 2254 180.
2106 2219 2147 2253 et
2176 2216 2264 2255 183.

1542 2279 1735 2317 PETRUS
1781 2275 2053 2325 Cerebrosus‚
2095 2276 2309 2316 Monachus
2347 2276 2451 2314 inter

1494 2342 1639 2391 primos
1666 2339 1793 2379 modio
1819 2340 1953 2378 seculo
1978 2340 2059 2378 XV.
2085 2339 2153 2390 qui
2169 2338 2451 2390 flagellationes

1494 2407 1734 2454 spontaneas
1771 2413 1815 2441 ac
1853 2402 2036 2453 profusas
2066 2400 2355 2452 reprehendere
2391 2405 2452 2439 est

1494 2477 1640 2514 ausus,
1666 2464 1781 2515 cujus
1811 2463 2099 2514 objectionibus
2131 2462 2372 2514 respondere
2396 2462 2453 2500 in-

1494 2529 1624 2567 stituit
1665 2529 1806 2566 Petrus
1835 2527 2013 2566 Damiani
2050 2525 2150 2565 libro
2180 2525 2241 2564 Vl.
2277 2523 2452 2575 Epistola

1492 2590 1556 2628 27.
1587 2590 1730 2630 Confer
1754 2589 1888 2629 Jacobi
1907 2587 2065 2628 Boileau
2095 2588 2300 2627 historiam
2322 2586 2454 2638 flagel-
2526 2600 2527 2624 ς

1493 2653 1658 2691 lentium
1687 2664 1773 2702 pag.
1800 2652 1890 2691 190.
1913 2661 1995 2700 seq.
2019 2649 2078 2688 Ad
2095 2649 2264 2689 eundem
2292 2650 2450 2687 Petrum

1492 2711 2452 2765 EpistolaDamiani28.inquaeumcharissimum

1493 2779 1653 2816 fratrom
1679 2780 1718 2813 ct
1746 2775 2052 2813 dilectissimum
2078 2772 2201 2811 silium
2226 2771 2406 2823 appellat.

1549 2837 1739 2877 PETRUS
1763 2837 1809 2876 de
1835 2836 2040 2876 Charitate
2068 2834 2163 2875 Ord.
2189 2834 2322 2873 Praed.
2349 2835 2452 2873 circa

1495 2901 1540 2940 Α.
1572 2901 1688 2939 1350.
1713 2899 1810 2949 Ejus
1835 2897 2055 2938 Chronicon
2083 2897 2105 2935 a
2129 2897 2319 2948 principio
2342 2897 2452 2935 Mun—

1496 2963 1534 3002 di
1573 2966 1815 3001 memoratur
1843 2960 1946 3010 apud
1977 2959 2167 2999 Jacobum
2197 2958 2332 3005 Quotif
2358 2962 2385 2996 t.
2415 2959 2448 2996 1.

1499 3038 1583 3077 pag.
1614 3026 1704 3063 633.

1553 3086 1800 3126 PETRINUM
1816 3086 2048 3133 Chronicon,
2063 3083 2448 3136 supraAErsurtense.

1554 3150 1743 3189 PETRUS
1772 3147 2061 3199 Chrysolanus.
2088 3147 2215 3198 Supra
2244 3147 2283 3183 in
2314 3142 2448 3183 Criso-

1501 3212 1586 3251 lano
1617 3217 1710 3250 tom.
1743 3213 1777 3250 1.
1807 3222 1894 3261 pag.
1926 3209 2015 3249 403.

1555 3275 1749 3314 PETRUS
1766 3272 2039 3325 Chrysoloyus.
2055 3273 2180 3322 Supra
2196 3275 2223 3309 t.
2241 3271 2255 3308 1
2279 3281 2315 3320 p.
2333 3269 2420 3308 350.

1555 3338 1743 3376 l’li'l‘ilUS
1788 3336 1916 3375 Abbas
1955 3331 2312 3380 Claraevallensis,
2343 3331 2444 3369 circa
