2517 4009
878 248 1300 292 EPISTOLAE

93 331 184 382 pius
223 329 391 379 fuerim,
414 332 453 366 et
491 337 561 378 per
598 326 863 366 nobilissimas
903 326 1041 372 Asiae,

91 395 132 428 et
156 390 338 441 Europae
378 399 448 439 per
479 387 683 427 Orientem
712 387 863 429 Urbes.
894 395 1043 437 perque

94 453 254 492 Jonicas
285 452 462 498 insulaS,
503 455 543 489 et
572 450 737 501 AEgeas
780 449 1045 488 miserabilem

94 514 336 554 Graecorum
356 544 365 561 ‚
397 514 728 564 plurigenumque
750 513 854 551 Fidei
891 516 1048 550 nostrae
1094 518 1124 567 (1

91 579 270 628 gentium
283 577 550 616 calamitatem
573 578 832 625 aspexissem.
857 575 953 621 Quis
972 575 1050 613 foe-

103 639 195 678 dan
223 640 378 678 illorum
407 637 593 677 cladem?
622 638 720 685 Quis
759 638 895 677 funera
935 637 1050 675 fando

90 700 293 754 explicet?
333 702 413 742 Aut
460 702 679 753 lachrymis
724 701 848 752 possit
878 711 1050 750 aequare

91 762 305 804 dolorem?
336 765 515 804 Vidimus
552 765 658 803 enim
695 763 952 804 Christicolas
982 761 1048 800 ho-

91 828 247 874 mines,
268 838 491 878 puerosque
512 827 630 866 simul
649 856 657 874 ‚
684 831 724 865 et
745 827 933 876 innuptas
954 836 1049 875 pue-

91 903 182 943 raS,
207 903 252 932 ac
282 894 464 943 ingentes
485 893 743 942 omnigenum
775 895 1046 928 matronarum

91 957 227 1008 globos
247 969 267 997 a
291 958 456 997 Teucris
490 957 604 1007 longo
633 956 769 996 ordine
803 955 948 1007 praeda
976 955 1050 994 fer-

91 1022 171 1060 reis
204 1021 279 1061 sub
316 1024 496 1070 catenis,
528 1022 844 1073 verberibusque
880 1021 1048 1060 afflictos

91 1095 160 1135 per
185 1085 389 1126 Threicias
406 1116 416 1134 ‚
440 1091 480 1125 et
501 1086 773 1126 Macedonicas
800 1085 924 1124 Urbes
944 1114 952 1132 ‚
977 1084 1049 1122 mi-

91 1147 306 1187 serandum
340 1149 378 1186 in
411 1148 571 1187 modum
599 1159 887 1199 saepenumero
923 1146 1051 1186 ducti-

90 1211 188 1248 tare.
213 1209 270 1247 Ac
292 1220 359 1248 eos
380 1209 552 1260 denique
589 1223 659 1261 per
688 1213 823 1257 νῑοοε,
864 1211 1049 1260 ioraque,

90 1272 134 1309 et}
155 1271 471 1322 Hellespontiaca
498 1274 626 1312 littora
655 1273 813 1312 infande
831 1302 841 1317 ,
863 1273 1048 1322 turpiter,

91 1337 131 1371 et
145 1333 362 1382 obscaene‚
389 1346 524 1383 more,
548 1340 590 1374 ut
614 1337 664 1373 ita
699 1335 869 1373 dixerim
887 1365 896 1383 ,
932 1345 1051 1384 pecu-

90 1393 186 1434 dum
209 1396 469 1436 venumdare.
487 1397 587 1436 Proh
605 1398 760 1436 scelus!
783 1398 878 1436 Nam
899 1395 1052 1434 ethaeo

93 1457 178 1508 ipsa
205 1462 284 1497 tam
308 1459 496 1498 immania
514 1489 524 1505 ‚
556 1459 811 1498 barbaricave
854 1458 1051 1503 facinora,

92 1523 133 1558 et
162 1532 184 1559 a
220 1532 330 1561 sacra
372 1522 561 1573 praeditis
603 1521 804 1572 Religione
850 1519 1053 1571 generosis

91 1593 250 1634 quoque
272 1579 516 1635 principibus
539 1584 814 1630 intoleranda,
853 1581 900 1621 ad
943 1592 1055 1632 prae-

92 1644 258 1697 dignum
284 1645 357 1685 hoc
382 1647 511 1697 ipsum
535 1647 689 1697 insigne
716 1647 870 1685 facinus
895 1645 1055 1694 conspi-

94 1709 291 1757 randum,
334 1709 669 1749 humanissimam
697 1713 908 1753 vestrum,
948 1712 1054 1746 utro-

92 1771 458 1822 rumquepietatem
473 1771 688 1821 plurimum
698 1770 887 1809 accedere
897 1769 1053 1807 debere:

96 1839 356 1885 vestramque
368 1835 530 1872 virtutis
549 1832 862 1884 magnitudinem
881 1832 1054 1869 excitare

96 1895 341 1942 prudentum
368 1898 553 1947 quisnam
571 1895 794 1945 ambigerit.
819 1896 970 1933 Vestris
993 1893 1054 1931 his

97 1957 216 2009 igitur
241 1958 380 2004 bonis,
412 1959 736 2008 felicissimisque
771 1958 945 2007 caeptis,
973 1967 1055 1994 ma-

97 2032 174 2072 gna
212 2021 282 2059 illa
321 2022 561 2060 Caelicolum
599 2022 762 2059 numina
798 2020 984 2061 faveant,
1015 2022 1055 2056 et

99 2084 304 2133 aspirent,
335 2095 505 2133 quorum
531 2085 691 2134 optimis
716 2084 904 2133 auspiciis
944 2080 1056 2119 Chri-

95 2147 225 2186 stiana
248 2146 352 2186 alma
384 2147 557 2197 Religio,
589 2145 763 2185 sublatis
806 2146 1057 2196 superstitio-

98 2208 217 2248 nibus
242 2221 311 2260 per
343 2209 478 2248 orbem
519 2209 731 2256 omnibus,
772 2213 813 2247 et
856 2208 1055 2260 perfidiis,

99 2273 307 2324 profanum
325 2303 336 2319 ‚
362 2272 650 2323 infandumque
673 2283 802 2323 genus
837 2284 956 2310 omne
991 2285 1058 2312 va-

100 2334 176 2374 luit
201 2335 461 2386 pessumdare
502 2347 754 2386 quorumque
796 2335 862 2374 SS.
910 2337 1056 2375 auxilio

103 2397 263 2448 fugatis,
289 2399 439 2449 pressis
455 2429 464 2448 ‚
480 2403 520 2436 et
538 2398 745 2437 trucidatis
762 2427 769 2445 ‚
789 2398 961 2448 profanis
986 2410 1060 2437 un-

102 2459 221 2510 dique
239 2460 448 2510 hostibus,
475 2472 550 2499 non
575 2461 687 2499 modo
707 2460 755 2499 ab
777 2461 836 2498 his
852 2462 1056 2511 Maesiam,

103 2522 329 2574 Graeciam,
346 2523 845 2574 MacedoniamAEpyrum,
868 2521 1058 2574 illyriam-

103 2599 181 2638 que
201 2587 364 2626 liberam
391 2599 460 2639 per
483 2597 574 2634 vos,
601 2593 720 2637 atque
750 2588 974 2625 restitutam
1004 2588 1061 2625 vi-

103 2648 211 2689 dere.
247 2650 349 2696 Quin
389 2654 430 2688 et
468 2656 580 2689 extra
634 2662 702 2701 per
740 2649 900 2696 Asiam,
940 2654 1059 2700 atque

105 2713 268 2764 Lybiam
282 2718 461 2752 nostrum
483 2715 612 2764 ipsum
631 2715 759 2764 pium,
779 2712 1057 2761 etreligiosum

105 2777 315 2828 imperium
338 2805 347 2824 ,
394 2781 634 2827 nostraeque
679 2776 806 2815 almae
851 2775 1061 2825 Religionis

105 2840 258 2879 cultum
279 2851 401 2890 super
416 2845 456 2878 et
473 2840 689 2891 AEtiopas,
709 2844 828 2889 atque
846 2837 1059 2875 tieraman-

105 2907 192 2950 tas,
222 2907 262 2941 et
291 2901 410 2941 Indos
430 2903 604 2954 proferre
636 2903 866 2952 insigniter,
900 2901 1056 2951 fauste,

107 2970 227 3016 atque
253 2965 479 3004 felicissime
506 2966 727 3005 videamus.
752 2966 852 3015 Opto
878 2963 977 3001 bene
996 2974 1061 3002 va-

107 3029 234 3068 leatis.
263 3029 323 3068 Ex
353 3030 522 3081 Ragusio
550 3030 648 3070 Non.
690 3026 920 3067 December.
966 3027 1063 3076 Eug.

109 3092 220 3131 Pont.
249 3091 296 3131 Α.
324 3092 430 3131 X111.
454 3092 505 3144 (l)

170 3399 213 3439 (l)
240 3399 340 3431 Anno
366 3400 458 3432 1443.

2006 243 2082 284 639

1575 318 1638 359 Π.

1167 388 1230 430 Ad
1259 389 1425 430 eundem
1456 389 1663 429 lulianum
1705 387 1962 430 Cardinalem
1994 389 2032 429 S.

1258 452 1399 505 Anqelc'
1432 453 1633 506 [syriacus
1665 452 1952 493 Anconitanus.

1203 535 1224 557 w

1137 517 1145 565 )
1179 537 1447 621 bei-ipsimae
1472 569 1518 608 ad
1546 574 1584 608 te
1612 569 1762 620 pridem
1796 582 1844 609 ex
1873 570 2085 609 Uadi-iano-

1126 633 1227 683 poli,
1259 638 1298 671 et
1329 634 1548 683 Byzantio,
1578 644 1680 683 quae
1715 633 1831 684 digna
1870 633 1982 672 nobis
2019 644 2085 684 po-

1127 697 1329 734 tissimum
1364 697 1444 733 visa
1471 699 1593 743 sunt,
1619 696 1934 735 fortunatissime
1963 695 2083 735 Julia-

1125 770 1173 796 ne
1202 760 1326 797 Pater.
1360 757 1434 795 Sed
1469 757 1557 796 inde
1589 769 1735 809 paucos
1772 763 1860 808 post
1894 758 1979 797 dies
2014 759 2066 797 Re

1123 819 1458 859 verendissimum
1492 820 1869 860 vicecancellarium
1897 821 2084 860 Cardina-

1122 882 1227 928 lem,
1257 883 1309 933 (2)
1339 883 1533 933 optimum
1567 887 1679 922 tuum
1720 883 1792 922 hac
1823 884 2082 922 Sanctissima

1123 945 1159 983 in
1191 945 1442 996 expeditione
1481 945 1710 996 Collegam:
1749 946 1948 985 l’ontificia
1991 958 2082 985 cum

1123 1007 1350 1046 beatissima
1382 1007 1519 1047 Classe
1551 1009 1878 1060 Hellespontum,
1926 1011 2078 1059 Byzan-

1122 1071 1303 1121 tiumque
1331 1071 1489 1109 venisse
1522 1072 1680 1109 novisti.
1711 1072 1769 1110 Ex
1801 1084 1879 1122 qua
1912 1073 1962 1111 ita
1998 1072 2085 1111 llei-

1123 1132 1432 1183 lespontiacum,
1465 1134 1792 1186 Bosphorumque
1825 1136 1971 1174 fretum
2018 1135 2083 1173 ob-

1125 1200 1331 1235 servatum
1371 1196 1532 1244 habet0‚
1565 1202 1607 1236 ut
1639 1198 1781 1248 nequis
1813 1199 1965 1238 Teucer
1995 1198 2086 1237 hine

1125 1257 1218 1296 inde
1249 1258 1430 1308 trajicere
1462 1262 1613 1309 possit,
1644 1262 1829 1300 effectum
1861 1266 1934 1299 est.
1967 1262 2018 1300 At
2043 1266 2083 1299 et

1127 1331 1202 1358 non
1236 1321 1406 1360 multum
1438 1327 1574 1372 postea
1614 1323 1736 1373 major
1776 1323 1867 1363 huic
1913 1325 2084 1363 laetitiae

1125 1384 1294 1421 accessit
1318 1383 1496 1423 hilaritas
1528 1386 1652 1433 nobis,
1684 1392 1723 1424 et
1754 1388 1983 1438 Imperatori
2013 1398 2080 1425 no-

1126 1450 1209 1483 stro
1240 1445 1470 1485 fidelissimo
1500 1450 1656 1487 Joanni.
1685 1449 1780 1487 Nam
1799 1460 1890 1488 cum
1923 1448 2087 1490 nudius-

1130 1509 1273 1547 tertius
1306 1510 1386 1548 VlI.
1416 1509 1511 1549 ldus
1549 1511 1806 1561 Septembres
1846 1511 1948 1562 apud
1994 1524 2085 1550 eum

1130 1571 1166 1609 in
1198 1573 1306 1610 curia
1331 1583 1462 1611 essem
1483 1602 1492 1618 ,
1521 1572 1718 1623 Angelum
1750 1574 1798 1612 ab
1828 1573 2015 1624 Angelico
2046 1583 2084 1613 te

1132 1634 1215 1671 viro
1245 1635 1395 1684 optimo
1425 1640 1661 1686 exoptatum
1708 1635 1950 1676 adventasse
1993 1637 2091 1675 vidi-

1131 1707 1246 1734 mus:
1277 1701 1317 1734 et
1347 1697 1482 1736 literas
1512 1702 1602 1737 tuas
1631 1699 1807 1746 alacres,
1837 1704 1878 1738 et
1921 1700 2082 1749 felices,

1129 1760 1376 1810 Regiasque,
1415 1766 1455 1799 et
1501 1761 1753 1800 invictissimi
1801 1763 1957 1801 Cuniati
2002 1763 2088 1801 Jani

1127 1823 1268 1869 Ducis,
1293 1835 1338 1862 ac
1355 1824 1595 1874 optimorum
1615 1836 1962 1876 quorumcumque
1980 1827 2086 1876 prin-

1128 1886 1260 1936 cipum
1307 1892 1514 1936 patentes‚
1567 1888 1824 1938 privatasque
1881 1887 2086 1933 vidimus,

1128 1959 1228 1998 quas
1258 1948 1444 1999 equidem
1477 1950 1649 2000 primum
1681 1950 1872 2001 Majestati
1906 1951 2008 1989 Suae
2033 1950 2087 1988 le-

1128 2011 1260 2061 gimus
1285 2010 1432 2050 Graece
1452 2012 1687 2061 retulimus,
1718 2017 1758 2050 et
1779 2018 1927 2063 quanta
1951 2024 2000 2051 ex
2027 2012 2087 2050 his

1128 2084 1249 2122 eum,
1278 2078 1317 2112 et
1337 2075 1488 2114 curiam
1521 2079 1642 2113 totam
1663 2104 1672 2120 ‚
1702 2080 1822 2125 atque
1854 2075 2020 2123 urbem,
2052 2079 2092 2114 et

1131 2137 1167 2174 in
1194 2142 1413 2188 conspectu
1436 2138 1638 2177 Coloniam
1666 2139 1802 2177 Peram
1822 2137 2092 2190 jucunditate,

1132 2199 1410 2251 hil.1ritateque
1443 2200 1616 2251 repletas
1649 2201 1848 2240 vidimus:
1880 2201 1988 2240 hisce
2013 2212 2090 2239 non

1132 2263 1244 2301 facile
1275 2264 1400 2301 literis
1438 2264 1695 2314 explicarem.
1740 2264 1934 2314 Optabam
1980 2265 2093 2314 equi-

1131 2324 1221 2363 dem
1255 2337 1493 2376 magnopere
1523 2337 1663 2364 omnes
1695 2338 1763 2376 per
1799 2326 1935 2364 orbem
1984 2326 2094 2364 Gen-

1134 2392 1221 2437 tes,
1251 2394 1291 2427 et
1322 2388 1495 2427 fidelium
1529 2389 1779 2438 potissimum
1808 2389 2005 2438 principes
2027 2388 2097 2426 ha—

1134 2463 1220 2489 rum
1239 2451 1574 2501 copiisliterarum
1594 2456 1633 2489 et
1649 2450 1895 2490 Sanctissimi
1915 2450 2094 2497 faederis,

1133 2519 1172 2552 et
1202 2515 1436 2564 amplissimi
1462 2519 1701 2564 apparatus,
1732 2518 1768 2551 et
1796 2514 1844 2552 ad
1871 2514 2009 2552 felices
2030 2523 2095 2551 ac-

1133 2588 1274 2616 cessus
1302 2578 1492 2615 certiores
1519 2577 1626 2626 fore‚
1657 2582 1697 2614 et
1722 2589 1790 2627 per
1817 2578 1966 2621 navim,
1990 2587 2092 2626 quae

1132 2639 1369 2691 jampridem
1410 2640 1581 2679 Siciliam
1629 2641 1856 2690 navigavit,
1888 2639 2092 2690 Alphonso

1134 2704 1253 2755 Regi,
1284 2714 1328 2742 ac
1358 2703 1444 2742 aliis
1475 2704 1510 2741 in
1543 2704 1675 2753 Regno
1714 2703 1942 2741 Ausoniave
1987 2702 2094 2740 Prin-

1134 2767 1288 2816 cipibus
1309 2766 1490 2816 exempla
1519 2766 1705 2816 pleraque
1729 2766 1911 2803 misimus
1927 2795 1937 2812 ‚
1970 2776 1990 2802 e
2010 2765 2097 2814 qui-

1134 2831 1208 2869 bus
1238 2830 1310 2868 sibi
1350 2841 1417 2879 pro
1464 2829 1641 2874 viribus,
1685 2828 1854 2867 suadere
1897 2826 2092 2874 conabar,

1136 2904 1184 2930 ne
1216 2899 1294 2931 tani
1328 2893 1611 2931 Sanctissimae
1641 2890 1907 2941 expeditionis
1942 2900 1987 2927 eo
2033 2889 2089 2925 vi·

1136 2955 1324 2994 deremus
1355 2960 1554 3004 expertes.
1584 2954 1632 2992 Et
1666 2965 1713 2991 ne
1746 2953 1806 2990 liis
1827 2952 1936 3002 plura
1962 2951 2092 2989 dicam

1139 3018 1419 3067 Imperatorem
1452 3017 1557 3055 hunc
1586 3016 1807 3064 optimum,
1845 3019 1885 3051 et
1923 3013 2094 3062 inclytos

1139 3080 1280 3118 iratres
1310 3078 1356 3118 ad
1402 3090 1483 3117 rem
1529 3081 1653 3130 ipsam
1699 3075 1937 3124 favendam,
1984 3086 2096 3126 para-

1199 3289 1242 3326 (Ι)
1266 3286 1395 3326 Scripta
1421 3296 1476 3317 an.
1506 3288 1596 3316 ΝΗ.

1200 3341 1245 3377 (⁴2)
1270 3338 1467 3369 Fului-iscus
1506 3336 1758 3368 (tonilutmerus
1796 3334 1938 3375 Eugenii
1975 3332 2096 3366 Pontis.

1143 3400 1185 3422 ex
1208 3389 1311 3422 tratre
1337 3398 1440 3429 nepos
1468 3388 1552 3420 Cant
1590 3389 1640 3419 tit.
1664 3387 1698 3420 S.
1724 3387 1922 3418 Clementis.
