2533 4009
451 271 501 308 (32
1245 269 1639 309 MAYRONIS

450 339 591 379 Natale
617 339 784 377 Domini.
815 338 913 375 vm.
944 337 990 375 cle
1021 335 1158 375 Natali·
1172 341 1208 375 et
1227 339 1400 389 IX.post

451 400 596 440 Natale
629 400 784 438 Domini
812 397 1045 436 Salvatoris.
1077 400 1126 437 X.
1156 397 1202 436 (le
1231 397 1397 437 haereti-

447 474 504 502 cis
531 465 695 513 peccata
719 457 976 499 vendentibus
1005 461 1073 498 XI.
1103 460 1208 510 quod
1235 472 1310 498 non
1333 460 1398 499 de-

448 524 537 562 bent
566 521 716 562 Clerici
737 520 945 570 neqotiari.
972 522 1060 559 XII.
1105 520 1306 573 Praefatio
1351 521 1397 560 de

450 587 624 637 Corpore
654 581 820 620 Domini.
852 582 996 620 Habuit
1020 587 1059 620 et
1089 583 1185 621 alias
1210 582 1395 621 undecim

446 645 631 684 Ilomilias
661 655 707 681 ex
741 643 879 681 iisdem
897 645 1074 693 antiquis
1089 645 1302 683 Codicibus
1322 647 1399 683 Ma-

445 706 655 751 billoniuS,
686 704 755 743 sed
787 716 888 754 quas
917 705 1033 743 edere
1064 711 1278 745 cunctatus
1307 710 1397 754 est,

444 766 547 816 quod
578 767 745 805 Maximo
777 766 862 804 illas
891 766 1023 804 deberi
1051 778 1126 805 non
1155 769 1252 805 satis
1283 767 1400 805 habe-

444 833 504 866 ret
520 828 786 878 exploratum.
807 829 863 867 Ex
885 827 961 866 illis
982 833 1077 866 sunt
1098 827 1290 866 Homiliae
1311 839 1399 875 sea:⁷

444 900 544 939 quas
572 901 621 927 ex
652 890 739 938 ejus
769 889 928 928 schedis
958 890 1141 939 vulgavit
1163 888 1401 927 Edmundus

445 953 620 989 Martene
651 955 745 988 tom.
764 949 833 988 lX.
852 956 1032 989 veterum
1052 953 1401 987 monumentorum

443 1023 530 1062 pag.
563 1012 651 1050 ⁴33.
683 1022 765 1061 seq.
799 1013 824 1049 1.
846 1010 892 1049 (le
910 1008 1187 1061 hospitalitate.
1212 1010 1258 1047 II.
1278 1014 1318 1046 et
1335 1010 1399 1047 III.

444 1072 490 1111 (Ie
514 1072 622 1124 qnod
649 1073 842 1123 scriptam
869 1074 926 1110 est
969 1072 1037 1109 lis.
1068 1071 1198 1108 LVIII.
1233 1071 1265 1108 l.
1297 1071 1401 1108 sicut-

444 1135 558 1173 turba
589 1135 719 1172 exalta
751 1144 891 1170 vocem
924 1137 1048 1170 tuam.
1081 1132 1150 1170 IV.
1175 1133 1222 1170 V.
1247 1133 1308 1170 VI.
1352 1131 1398 1170 de

442 1195 622 1234 Zaelzaeo
651 1194 698 1231 ad
733 1196 826 1232 Luc.
859 1194 920 1232 49.
951 1194 1004 1232 Et
1033 1205 1134 1244 quas
1159 1195 1398 1232 Muratorius

443 1257 552 1294 dedit
582 1257 623 1292 T.
654 1255 718 1294 IV.
747 1254 972 1293 anecdotor.
1004 1257 1247 1294 Latinorum.

496 1318 729 1356 Sermonem
753 1316 792 1354 in
808 1316 1161 1355 Annunczationem
1176 1319 1215 1357 S.
1231 1317 1398 1367 Mariae,

441 1391 462 1416 e
479 1378 622 1417 Codice
643 1380 822 1417 Pratensi
841 1379 965 1417 edidit
986 1380 1250 1418 Combelisius
1276 1382 1313 1417 in
1339 1382 1400 1419 Bi—

439 1440 491 1478 bl.
523 1441 834 1479 Concionatoria.
868 1441 1000 1479 Alium
1041 1453 1079 1478 m
1108 1441 1397 1480 Assumtionem

437 1503 482 1540 B.
512 1501 682 1552 Virqinis
712 1501 846 1541 laudat
875 1502 1069 1541 Octavius
1108 1502 1326 1554 Cajetanus
1358 1504 1395 1540 in

439 1563 639 1614 Opusculo
667 1563 716 1602 ‹Ie
746 1564 833 1615 ejus
864 1565 1143 1614 Conceptione.

494 1625 677 1676 Quinque
697 1636 897 1664 sermones
915 1625 1086 1664 ineditos
1112 1625 1152 1663 in
1168 1627 1208 1665 S.
1229 1625 1397 1677 Cypria-

437 1698 531 1725 num
560 1699 608 1725 ex
641 1688 735 1725 Bibl.
767 1687 1030 1725 Ambrosiana
1061 1686 1258 1725 editorum
1277 1698 1320 1725 se
1335 1699 1396 1725 re—

438 1754 543 1798 cepit
566 1748 852 1786 celeberrimus
867 1749 1106 1787 Muratorius
1129 1753 1153 1786 t.
1175 1750 1188 1787 l
1213 1748 1393 1787 anecdot.

440 1812 564 1848 Latin.
598 1821 632 1859 p.
667 1810 729 1847 46.

493 1872 672 1920 Denique
687 1868 835 1909 libellos
860 1882 936 1910 seae
959 1871 1006 1909 de
1027 1871 1301 1911 Sacramentz‘s
1324 1872 1391 1922 qui

437 1933 477 1970 S.
505 1932 713 1970 Ambrosio
743 1934 765 1970 a
799 1933 1015 1972 Lausi-anco
1044 1940 1165 1984 atque
1207 1936 1243 1972 in
1275 1934 1393 1972 editis

439 1993 527 2044 ejus
556 1992 751 2043 Operibus
781 1995 1038 2042 tribuuntur,
1069 1995 1317 2034 Mabillonius
1356 1996 1394 2032 in

440 2055 718 2105 antiquissimo
749 2057 788 2094 S.
819 2057 918 2094 Galli
949 2056 1094 2095 Codice
1121 2058 1267 2107 reperit
1293 2058 1396 2095 inter

443 2127 650 2155 sermones
681 2117 720 2155 S.
749 2119 906 2156 Maximi
926 2149 937 2167 ,
968 2124 1089 2168 atque
1120 2120 1171 2157 ita
1203 2118 1365 2169 quidem
1384 2150 1394 2167 ‚

443 2183 487 2217 ut
516 2179 659 2229 singuli
677 2190 748 2217 sex
769 2180 853 2218 libri
875 2181 1053 2231 singulos
1072 2191 1282 2219 sermones
1303 2193 1396 2220 con-

441 2241 610 2279 stituant
640 2251 709 2291 pro
742 2240 906 2279 totidem
934 2240 1206 2280 hebdomadae
1230 2242 1393 2289 diebus,

442 2303 638 2352 septimus
667 2307 802 2341 autem
828 2314 959 2341 sermo
991 2304 1154 2353 incipiat
1183 2303 1232 2341 ab
1263 2308 1397 2341 extre-

441 2375 503 2401 ma
535 2369 645 2413 parte
675 2365 760 2402 libri
791 2367 924 2412 sexti,
955 2367 976 2403 a
1007 2366 1162 2404 verbis·
1194 2370 1220 2403 t.
1247 2367 1270 2405 2
1300 2367 1393 2404 edit.

441 2426 685 2464 Benedictin.
718 2438 754 2476 p.
772 2427 860 2465 385.
879 2427 995 2465 Aliud
1014 2441 1021 2464 :
1043 2426 1295 2466 Psalmoram
1314 2428 1395 2466 Da-

439 2487 508 2527 vid
530 2487 621 2526 licet
648 2499 752 2526 unus
783 2486 936 2526 libellus
965 2489 1026 2526 sit.

492 2550 546 2587 De
574 2550 663 2588 viro
682 2548 860 2600 perfecto
892 2550 1079 2600 prolixior
1123 2551 1299 2601 Epistola
1345 2551 1395 2590 ad

438 2612 611 2650 amicum
642 2615 848 2661 aegrotum
878 2623 996 2661 quem
1031 2622 1115 2662 pag.
1151 2612 1211 2650 70.
1246 2612 1307 2652 71.
1338 2613 1396 2650 di-

440 2672 702 2710 lectissimum
734 2672 859 2711 filium
905 2672 1105 2723 appellat,
1151 2677 1190 2711 et
1237 2675 1273 2711 in
1318 2686 1393 2724 qua

440 2733 544 2770 inter
573 2733 646 2771 alia
676 2733 854 2771 defendit
902 2734 1089 2773 mitacula
1135 2735 1395 2785 reliquiarum

440 2794 619 2832 Gervasii
650 2799 690 2831 et
718 2796 880 2833 Protasii
910 2807 1011 2845 quae
1037 2800 1214 2846 tempore
1238 2796 1275 2834 S.
1301 2797 1398 2835 Am-

440 2855 558 2893 brosii
591 2855 691 2893 facta
716 2855 915 2894 dicuntur.
948 2858 1091 2895 Exstat
1117 2859 1220 2895 inter
1245 2858 1282 2894 S.
1311 2860 1396 2896 Ilie-

442 2917 596 2966 ronymi
627 2928 743 2967 opera
776 2921 802 2953 t.
830 2916 861 2953 V
892 2917 982 2955 edit.
1013 2929 1139 2956 novae
1159 2919 1394 2956 Marcianaei

441 2990 478 3028 p.
510 2978 622 3017 527⁴
654 2979 777 3029 Ineip.
805 2978 906 3016 Ecce
932 2978 1076 3016 iterum
1105 2977 1159 3016 ad
1181 2982 1214 3016 te
1238 2977 1381 3017 scribo.

496 3040 517 3063 ³*
542 3041 680 3079 Nescio
704 3052 751 3079 an
778 3052 942 3091 operum
967 3041 1006 3078 S.
1030 3041 1186 3078 Maximi
1211 3042 1396 3090 antiquar

442 3103 515 3140 alia
544 3102 634 3141 data
666 3105 718 3141 sit
740 3102 885 3151 editio,
910 3114 1029 3153 quam
1057 3103 1205 3141 Veneta
1226 3113 1259 3139 a.
1293 3101 1395 3138 1508

444 3164 480 3200 In
513 3176 591 3213 qua
619 3170 750 3203 tamen
784 3176 860 3203 non
890 3176 1007 3215 opera
1040 3166 1121 3214 ipsa
1154 3164 1192 3201 S.
1224 3163 1394 3210 Maximi,

443 3226 517 3263 Sed
549 3228 634 3264 eius
663 3227 940 3265 tantummodo
971 3238 1101 3265 sermo
1131 3226 1179 3264 de
1212 3224 1395 3264 laudibus

442 3289 484 3326 B.
514 3289 654 3325 Mariae
685 3290 884 3338 Virginis;
909 3299 985 3339 pro
1008 3287 1108 3340 festo
1133 3287 1394 3339 conceptionis

444 3347 507 3386 vel
534 3347 838 3399 Santificationis
867 3350 979 3389 eius:
1006 3362 1148 3401 nempe
1177 3351 1394 3390 annuncia-

1469 340 1598 377 tionis.
1630 338 1793 387 Incipit:
1830 337 1918 378 Iicet
1949 341 2124 380 omnium
2163 343 2416 381 Sanctorum.

1471 402 1539 439 Vix
1571 399 1708 438 dubito
1738 399 1907 439 eundem
1933 413 2027 442 esse.
2046 415 2271 442 sermonem
2296 415 2417 454 quem

1469 461 1557 499 dein
1574 460 1837 500 Combefisius
1855 463 1890 499 in
1908 473 2019 503 suam
2035 465 2316 504 Bibliothecam
2333 476 2427 504 con-

1470 523 1723 560 cionatoriam
1755 524 1972 562 transtulit.
2003 526 2150 566 Veneta
2198 528 2266 566 illa
2306 527 2425 566 editio

1473 583 1574 622 hanc
1603 584 1642 622 S.
1671 585 1827 622 Maximi
1873 584 2100 625 Orationem
2144 590 2247 626 inter
2278 589 2426 628 multas

1474 645 1514 683 S.
1543 647 1712 683 Zenonis
1741 650 1780 684 et
1811 646 1850 685 S.
1886 647 2059 685 Caesarii
2102 651 2291 688 continet.
2334 649 2428 688 Ani-

1475 705 1725 745 madvertere
1746 712 1863 746 etiam
1886 707 2002 757 juvat
2026 709 2259 750 Sermonum
2287 712 2323 750 S.
2350 713 2427 751 Ma-

1474 769 1568 805 ximi
1591 770 1770 817 geminos
1792 771 1988 820 reperisse
2014 781 2078 808 me.
2100 771 2138 807 in
2154 772 2233 810 MS.
2251 772 2344 812 Cod.
2364 774 2429 810 Bi-

1474 827 1525 865 bl.
1555 827 1844 869 Canonicorum
1884 832 2043 869 maioris
2073 831 2178 870 Eccl.
2210 833 2426 882 Lucensis,

1475 899 1575 937 quos
1606 901 1680 927 non
1712 891 1905 940 prodiisse
1935 896 2048 931 ratus
2077 892 2173 930 mihi
2204 892 2429 933 describen-

1475 949 1547 987 dos
1575 953 1712 988 curavi
1743 963 1814 990 suo
1843 953 2007 992 demum
2034 958 2216 1004 tempore
2237 957 2429 1006 evulgan-

1475 1010 1560 1048 dos.
1590 1012 1695 1050 Prior
1718 1018 1781 1050 est
1804 1013 1852 1051 de
1883 1013 2033 1062 jeiunio
2070 1015 2426 1067 quadragesimae,

1476 1073 1635 1123 incipit:
1666 1074 1792 1125 Saepe
1821 1073 2048 1114 intimatum
2078 1079 2163 1116 est:
2206 1077 2306 1115 alter
2334 1089 2429 1116 vero

1473 1133 1522 1172 de
1552 1134 1614 1173 die
1645 1136 1763 1174 natali
1794 1137 1983 1186 Domini3
2029 1139 2195 1188 incipit:
2241 1139 2429 1178 Sanctam

1475 1200 1511 1234 et
1546 1195 1860 1237 desiderabilem.
1891 1198 1912 1221 *
1942 1200 2048 1249 (2⁴5.
2079 1210 2197 1251 opera
2228 1211 2345 1250 jussu
2373 1202 2428 1240 Pii

1474 1259 1536 1297 VI.
1568 1260 1679 1297 Pont.
1709 1261 1808 1298 Max.
1839 1260 1968 1300 editae
2009 1262 2156 1300 Romae
2204 1261 2320 1301 4784.
2365 1262 2427 1301 fol.

1473 1331 1556 1359 cur.
1586 1322 1718 1359 Bruno
1742 1323 1861 1360 Bruni
1888 1323 2017 1361 Schol.
2049 1324 2176 1372 Piar.)

1527 1381 1759 1422 MAXIMUS
1781 1383 2019 1432 Victorinus,
2036 1385 2344 1424 Grammaticus.
2365 1386 2428 1424 In-

1475 1445 1556 1492 fra,
1588 1445 1911 1485 VICTORINUS.

1528 1507 1770 1546 Franciscus
1795 1507 1841 1546 de
1868 1508 2126 1548 MAYRONIS
2146 1537 2155 1557 ‚
2188 1519 2308 1560 supra
2330 1512 2425 1547 tom.

1473 1569 1496 1608 2
1522 1580 1614 1620 pag.
1645 1569 1735 1607 600.

1553 1631 1612 1667 .Ιο.
1644 1631 1803 1682 Caspar
1830 1631 1877 1670 de
1917 1631 2240 1671 MAYSLSTAIN
2283 1633 2429 1671 Doctor

1471 1694 1728 1731 Decretorum
1759 1697 1799 1730 et
1830 1694 1967 1732 multis
1984 1695 2100 1732 annis
2118 1694 2260 1732 Rector
2277 1697 2318 1729 et
2332 1704 2430 1742 quo-

1470 1753 1680 1792 dammodo
1700 1754 1883 1792 fundator
1899 1755 2064 1793 Scholae
2083 1755 2325 1798 Juristarum
2344 1758 2429 1792 stu-

1467 1815 1518 1852 dii
1538 1815 1714 1853 Viennen
1730 1816 1807 1863 sis⁷
1832 1816 2020 1854 laudatus
2036 1818 2058 1855 a
2075 1817 2227 1854 Joanne
2248 1815 2297 1854 de
2315 1816 2429 1866 Spira

1469 1878 1600 1916 Priore
1631 1876 1723 1916 Ord.
1754 1877 1901 1915 Bened.
1932 1879 2036 1916 circa
2067 1877 2113 1916 A.
2145 1877 2262 1916 4430.
2292 1877 2330 1915 in
2352 1879 2431 1915 tra-

1468 1943 1605 1978 ctatu:
1639 1950 1733 1977 num
1766 1940 1883 1978 liceat
1914 1939 2053 1978 Abbati
2076 1950 2155 1977 non
2179 1942 2344 1977 exemto
2365 1938 2432 1976 ab-

1471 2001 1623 2039 solvere
1654 2012 1748 2039 suos
1777 2001 1992 2040 Monachos
2023 2001 2071 2039 ab
2101 2000 2431 2039 excommunica-

1471 2061 1575 2097 tione
1607 2059 1742 2109 majori
1774 2061 1811 2098 in
1844 2059 2005 2098 casibus
2036 2061 2162 2109 Papae
2193 2068 2271 2096 non
2303 2068 2431 2096 reser-

1471 2122 1593 2160 vatis.

1525 2181 1728 2235 Philippus
1755 2181 1800 2221 de
1824 2182 2059 2222 MAZERIIS
2081 2192 2248 2233 ‚supra,
2269 2180 2432 2221 MACE-

1521 2306 1691 2344 Joannes
1721 2304 1937 2344 MEARUS.
1968 2306 2097 2354 Supra
2129 2308 2157 2341 t.
2191 2304 2241 2343 IV
2268 2315 2305 2354 p.
2338 2303 2430 2342 388.

1522 2370 1577 2407 De
1594 2367 1889 2407 MECHTILDE
1906 2368 1992 2405 sive
2013 2364 2316 2405 MACHTILDE
2335 2365 2433 2403 Ger-

1472 2441 1604 2476 mana,
1636 2429 1958 2476 Sanctimoniali‚
1992 2420 2088 2466 mira
2118 2432 2159 2466 et
2208 2428 2428 2478 pugnantia

1469 2503 1489 2529 a
1520 2491 1780 2541 scriptoribus
1810 2491 2053 2537 traduntur,
2086 2491 2138 2527 ita
2161 2492 2206 2528 ut
2223 2487 2273 2526 de
2295 2487 2429 2526 diver-

1471 2553 1526 2590 sis
1556 2552 1642 2590 illos
1671 2551 1852 2601 ejusdem
1886 2551 2059 2589 nominis
2083 2549 2309 2601 virginibus
2325 2549 2432 2599 loqui

1471 2625 1547 2652 non
1594 2615 1647 2651 sit
1685 2613 1892 2652 dubitatus
1931 2614 1997 2663 qui
2044 2610 2428 2652 ENGELHARDUM

1470 2675 1519 2713 de
1549 2686 1627 2725 quo
1658 2686 1777 2725 supra
1807 2680 1901 2713 tom.
1934 2675 1957 2714 2
1988 2686 2073 2725 pag.
2101 2674 2191 2712 509.
2212 2673 2309 2712 Acta
2333 2672 2431 2711 San-

1470 2742 1568 2775 ctor.
1597 2742 1676 2774 tom
1710 2737 1746 2774 3.
1777 2737 1887 2775 Febr.
1919 2747 2006 2786 pag.
2038 2736 2128 2773 485.
2150 2739 2190 2772 et
2211 2734 2303 2772 626.
2335 2735 2428 2771 Pos-

1471 2800 1655 2837 sevinum
1677 2827 1685 2845 ,
1715 2799 1904 2837 Miraeum
1935 2808 2019 2847 cap.
2041 2796 2127 2834 466.
2145 2795 2313 2834 auctarii
2332 2823 2340 2842 ‚
2358 2795 2431 2833 Ca-

1469 2871 1590 2897 veum
1622 2859 1680 2897 Ad
1711 2858 1784 2896 An.
1819 2856 2156 2896 4280.0udinum
2177 2861 2271 2894 tom.
2294 2856 2318 2894 3
2343 2867 2432 2905 pag.

1469 2921 1558 2959 240.
1590 2921 1766 2969 aliosque
1795 2919 2009 2957 evolverit:
2037 2917 2129 2956 Mihi
2160 2916 2322 2967 quidem
2347 2917 2426 2954 Me-

1468 2980 1658 3028 chumis,
1688 2980 1803 3029 cujus
1847 2981 2027 3019 Visiones
2069 2980 2157 3017 sive
2200 2977 2426 3029 spiritualis

1471 3042 1636 3080 Gratiae
1665 3040 1786 3080 libros
1821 3043 1858 3080 V.
1890 3041 2085 3080 habemus
2111 3069 2119 3088 ,
2151 3040 2217 3078 illa
2264 3039 2424 3078 videtur

1468 3103 1516 3141 de
1547 3115 1623 3152 qua
1655 3103 1899 3141 Trithemius
1930 3104 1967 3140 in
1998 3101 2200 3140 Chronico
2234 3100 2429 3150 Spanhei-

1475 3166 1598 3202 mensi
1626 3165 1671 3203 ad
1698 3165 1772 3202 An.
1804 3165 1919 3203 4454.
1949 3163 2061 3202 Anno
2097 3160 2306 3213 Crastonis
2348 3161 2427 3199 Ab—

1470 3226 1571 3264 batis
1601 3226 1712 3264 tertio
1742 3225 1837 3264 obiit
1853 3224 2077 3265 Machtildis
2101 3220 2424 3262 sanctimonialis

1474 3287 1586 3337 Viryo
1603 3318 1612 3335 ,
1644 3299 1760 3326 soror
1775 3286 1974 3338 quondam
1991 3282 2219 3324 Bernhelmi
2234 3281 2421 3331 Abbatis,

1468 3348 1527 3387 hic
1542 3349 1658 3400 justa
1687 3347 1968 3388 monasterinm
1995 3348 2175 3389 nostrum
2201 3344 2242 3382 in
2265 3344 2419 3394 princi-
