2533 4009
463 277 516 316 86
1225 267 1664 310 MORGANIUS

459 346 658 386 Benedict.
689 344 864 384 Monachi
895 342 1060 391 <Domni
1091 341 1253 392 Caspari
1278 344 1411 382 Baret-

460 412 545 457 tae)
570 411 606 446 in
632 414 736 446 tomo
756 409 868 443 sexto
893 404 1138 454 Scriptorum
1163 403 1296 443 ltaliae.
1325 405 1410 442 the-

459 472 564 510 sauri
594 467 856 508 Muratoriani.

517 527 648 567 David
674 523 977 569 MORGANIUS,
999 535 1119 575 supra
1141 528 1167 562 t.
1198 524 1234 564 2.
1260 536 1294 575 p.
1323 525 1411 562 433.

511 594 551 629 B.
584 590 682 628 MOR
712 585 815 637 apud
837 586 1022 625 Vossium
1045 597 1130 638 pag.
1155 587 1244 626 580.
1268 591 1308 625 et
1332 587 1406 625 819

459 646 625 702 scriptor
659 649 765 687 Vitae
800 648 844 686 B.
885 646 1026 687 Jacobz·
1055 648 1102 687 de
1125 648 1330 697 Mevania,
1359 648 1407 686 dc

457 723 533 763 quo
562 723 680 762 supra
711 716 807 749 tom.
838 711 899 749 lv.
931 722 1015 761 pag.
1035 711 1126 749 298.
1142 710 1263 749 edidit
1289 712 1409 749 Lean—

456 775 525 812 der
553 773 739 812 Albertus
769 773 864 811 libro
889 772 937 810 de
959 773 1060 811 Viris
1086 773 1307 812 illustribus
1324 771 1405 809 ord.

457 836 591 875 Praed.
631 836 825 874 Bononiae
870 835 984 875 1517.
1017 835 1078 873 fol.
1110 847 1195 885 pao.
1227 835 1409 873 253111-

458 904 612 949 tegrum
657 909 801 936 nomeu
846 896 1172 935 Bartholomaeus
1220 896 1410 934 MORTA-

455 962 594 1007 RiUS,
626 961 749 999 Italus
767 992 775 1007 ‚
808 959 935 1010 ejusd.
965 959 1149 1006 Ordinis,
1175 957 1223 995 dc
1247 968 1324 1007 quo
1347 958 1410 994 Ja-

455 1023 578 1061 cobus
603 1022 811 1062 Echardus
830 1027 923 1060 tom.
947 1022 982 1059 2.
1005 1032 1089 1071 pag.
1116 1021 1179 1057 86.
1205 1019 1269 1057 ubi
1289 1019 1408 1056 etiam

458 1085 666 1124 Orationes
693 1086 797 1124 illius
827 1088 1112 1121 memorantur.

507 1146 915 1186 MORIGNIACENSE
947 1144 1169 1183 Chronicou
1195 1144 1281 1181 sive
1305 1144 1409 1182 Mau-

456 1210 713 1260 rigniacensis
742 1207 965 1246 Monasterii
996 1207 1033 1243 in
1078 1206 1247 1244 dioecesi
1290 1206 1405 1244 Seno-

458 1271 572 1309 nensi
603 1271 638 1317 3)
662 1269 892 1308 auctoribus
913 1267 1144 1307 THEULFO
1165 1273 1205 1306 ct
1225 1269 1311 1307 aliis
1335 1269 1411 1306 Mo-

455 1333 592 1372 nachis
621 1333 669 1371 ab
712 1343 815 1371 anno
847 1332 962 1371 1108.
992 1331 1038 1370 ad
1073 1330 1187 1370 1147.
1225 1331 1335 1369 libris
1363 1331 1409 1369 ΙΙ.

454 1395 605 1434 editum
637 1397 673 1433 in
717 1394 931 1434 Duchesnii
962 1398 988 1432 t.
1022 1394 1083 1432 IV.
1115 1405 1249 1432 rerum
1293 1394 1412 1432 Frau—

455 1469 533 1496 cor.
563 1469 648 1508 pag.
680 1458 769 1496 359.
801 1458 890 1495 389.

508 1520 528 1541 ³*
549 1521 657 1558 Dom.
679 1521 733 1558 De
763 1520 798 1557 la
828 1520 961 1557 Curne
981 1518 1029 1556 de
1066 1517 1105 1555 S.
1139 1518 1279 1567 Palaye
1307 1528 1413 1555 com-

458 1584 698 1620 mentarium
730 1583 888 1632 scripsit
918 1582 954 1618 in
982 1579 1088 1618 istud
1113 1579 1331 1618 Chronicon
1356 1580 1414 1616 in-

458 1649 609 1683 sertum
641 1646 678 1682 in
708 1655 769 1694 op.
799 1644 1005 1682 Memoi'res
1046 1642 1092 1680 cle
1132 1641 1351 1681 literature.
1385 1646 1412 1679 t.

458 1708 540 1746 XV.
564 1709 694 1745 Monet
727 1707 776 1744 ibi
809 1706 976 1744 lectores
1005 1716 1099 1743 suos
1124 1716 1199 1743 non
1231 1705 1328 1743 satis
1352 1715 1414 1742 ac-

457 1772 593 1806 curate
625 1766 783 1804 inscribi
817 1767 853 1802 in
877 1765 992 1803 titulo
1017 1765 1239 1803 Chronicon
1264 1768 1341 1802 etc.
1365 1763 1414 1802 ab

459 1830 533 1868 An.
564 1829 709 1867 Christi
739 1828 856 1867 1108.
882 1838 1010 1877 usque
1032 1826 1078 1865 ad
1099 1838 1162 1865 an.
1188 1826 1304 1865 1147.
1330 1827 1414 1865 lN'on

459 1894 563 1930 enim
594 1891 740 1930 desinit
771 1891 808 1928 iu
841 1888 970 1928 reditu
1009 1888 1195 1928 Ludovici
1239 1887 1319 1926 Vll.
1348 1888 1415 1938 qui

459 1967 562 1994 anno
583 1955 646 1992 illo
674 1963 863 1992 reversus
887 1957 966 1999 est,
992 1952 1060 1990 sed
1087 1952 1254 1990 ulterius
1277 1962 1419 1989 excur-

461 2019 510 2055 rit
532 2028 659 2067 usque
681 2015 728 2056 ad
748 2015 899 2054 obitum
920 2014 1087 2053 Thevini
1109 2014 1275 2053 Abbatis
1305 2014 1418 2052 Mori-

460 2081 708 2130 guiacensis,
739 2090 858 2129 quem
902 2078 1006 2116 ultra
1041 2077 1257 2115 triennium
1292 2076 1416 2113 vitam

464 2153 696 2194 prorogasse
717 2140 858 2180 author
877 2140 1151 2178 commentarii
1176 2138 1296 2177 huius
1316 2137 1416 2176 arbi-

464 2209 593 2244 tratus
622 2209 696 2243 est.

516 2265 923 2306 MORIMUNDENSIS
939 2265 1122 2305 Coenobii
1138 2293 1146 2311 ,
1163 2263 1254 2302 Ord.
1273 2264 1415 2302 Cistcr.

464 2332 482 2368 a
509 2329 764 2380 Papiensihus
786 2328 950 2367 desolati
976 2337 1038 2365 an.
1063 2326 1174 2364 4237.
1205 2325 1415 2363 Historiam

464 2403 485 2430 a
516 2391 740 2442 synchrono
770 2391 957 2441 scriptam
1001 2388 1124 2427 edidit
1169 2388 1359 2439 Ughellus
1391 2392 1416 2424 t.

464 2455 527 2493 lv.
558 2453 621 2492 ubi
645 2452 693 2491 de
708 2452 1012 2502 Archiepiscopo
1029 2449 1311 2489 Mediolanensi
1327 2449 1419 2488 Gui-

465 2516 581 2554 lelmo
610 2515 769 2554 Ruzolio
800 2526 888 2565 pag.
921 2515 1009 2553 183.
1042 2513 1133 2552 196.

518 2579 686 2616 Joamzes
714 2575 1105 2623 MORLANIMNUS,
1134 2586 1254 2625 supra
1294 2578 1323 2612 t.
1357 2575 1418 2612 IV.

465 2652 550 2691 pag.
583 2641 672 2679 391.

519 2702 663 2741 Daniel
691 2704 940 2742 MOBLAYE.
972 2707 1064 2740 tom.
1097 2702 1142 2739 11.
1174 2712 1258 2751 pag.
1293 2700 1380 2737 429.

526 2764 687 2802 Thomas
710 2764 755 2803 de
782 2763 820 2802 la
843 2765 1006 2812 MOOR,
1032 2764 1119 2802 sive
1144 2763 1332 2810 MORUS,
1354 2763 1422 2815 Mi-

470 2829 528 2867 les
557 2829 642 2865 sive
674 2827 817 2864 nobilis
859 2827 1032 2877 Auglus‚
1062 2827 1176 2864 cuius
1219 2836 1419 2862 commen-

476 2891 564 2929 tarii
588 2888 636 2927 de
666 2890 747 2926 vita
777 2895 817 2927 et
847 2898 942 2927 nece
971 2887 1144 2925 Eduardi
1175 2887 1221 2924 ll.
1257 2886 1420 2935 Angliae

527 3013 560 3052 a)
585 3011 829 3044 sammarthan.
861 3011 953 3042 Tom.
983 3012 1034 3040 lv.
1068 3009 1193 3040 Galliae
1224 3008 1427 3039 Christianae

477 3071 554 3103 pag.
579 3062 651 3093 668.
674 3069 743 3101 seq.

529 3113 563 3149 1))
588 3111 686 3143 Libro
709 3111 748 3142 de
771 3111 877 3142 tribus
895 3110 1029 3141 Thomis
1046 3133 1054 3148 ‚
1072 3109 1178 3140 Duaci
1196 3107 1287 3138 1588.
1311 3106 1426 3138 coion.

476 3162 567 3193 1599.
587 3162 677 3193 1612.
692 3162 721 3192 8.
736 3166 768 3192 et
786 3163 870 3192 inter
888 3160 1071 3200 Stapletoni
1090 3166 1192 3198 opera
1206 3160 1309 3189 Paris.
1332 3156 1425 3188 1620.

472 3212 525 3243 l'ol.
549 3216 581 3242 ct
607 3215 682 3242 ante
706 3218 806 3250 opera
828 3211 972 3241 'rhomae
998 3211 1090 3241 Mori.

533 3261 568 3299 c)
592 3259 695 3291 Lond.
722 3259 811 3290 1062.

533 3310 566 3349 d)
598 3313 677 3341 Acta
699 3310 801 3341 Erud.
827 3308 919 3341 1718.
944 3317 1018 3349 pag.
1041 3308 1113 3340 475.
1143 3308 1224 3339 Bibl.
1252 3309 1425 3340 raisonnee

472 3370 505 3394 τ.
527 3362 580 3393 Vl.
604 3368 679 3400 pag.
702 3358 778 3390 470.

535 3412 566 3449 e)
590 3413 670 3442 Acta
691 3411 793 3442 Erud.
819 3408 909 3440 1727.
935 3415 1009 3447 pag.
1036 3407 1086 3441 31.
1111 3408 1247 3440 Journal
1277 3406 1332 3439 des
1355 3408 1427 3437 sav.

1482 343 1596 392 Regis
1623 340 1672 379 31)
1701 338 1774 378 An.
1807 338 1922 378 1307.
1950 340 1997 379 3(1
2030 339 2145 380 1326.
2179 341 2341 377 exstant
2370 337 2429 377 in—

1482 409 1541 442 ter
1565 403 1778 453 scriptores
1816 412 1948 440 rerum
1978 402 2230 452 Anglicarum
2257 402 2280 440 a
2316 401 2431 440 Cam-

1481 466 1608 505 bdeno
1624 463 1752 502 editos
1772 463 1948 501 Francof.
1965 465 2077 502 ⁴602.
2101 464 2164 502 fol.
2184 463 2253 501 sed
2269 466 2431 501 exstant

1480 540 1529 567 ex
1549 526 1673 566 veteri
1695 526 1830 564 Latina
1855 525 2037 562 versione
2079 525 2242 564 Walteri
2267 523 2401 563 Bakeri
2417 554 2428 572 ,

1481 600 1573 628 nam
1590 590 1721 627 Morus
1737 587 1886 626 Gallice
1901 597 1978 624 non
1999 588 2135 626 Latine
2150 587 2319 637 scripsit.
2334 585 2430 625 Vide

1481 651 1680 690 Oudinum
1704 655 1798 687 tom.
1821 650 1858 687 3.
1886 658 1972 698 pag.
1998 646 2088 686 799.
2117 653 2158 686 et
2189 647 2429 687 Guilelmum

1481 714 1637 753 Nichols
1675 715 1713 751 in
1751 710 1991 750 Bibliotheca
2031 710 2314 750 Historicorum
2352 708 2432 748 An-

1481 776 1579 826 gliae
1605 787 1690 825 pag.
1715 773 1779 812 79.
1805 784 1889 823 seq.

1534 837 1645 875 Alius
1687 835 1850 874 Thomas
1884 832 2071 880 MORUS,
2105 836 2225 870 uatus
2270 833 2432 873 Londini

1482 898 1557 938 An.
1591 897 1704 936 1480.
1734 898 1801 935 Vir
1821 896 1977 945 ingenio
1997 899 2037 933 et
2056 894 2206 932 meritis
2228 903 2434 944 praestans

1482 964 1522 997 et
1559 958 1828 998 cancellarius
1857 957 2041 1006 AngHae,
2071 960 2185 994 notas
2215 955 2264 993 ob
2293 966 2434 995 causas

1481 1022 1598 1072 Regis
1624 1020 1778 1059 Henrici
1804 1019 1903 1057 Vlll.
1926 1017 2043 1068 jussu
2065 1018 2195 1056 securi
2220 1028 2436 1068 percussus

1482 1083 1555 1122 An.
1588 1083 1704 1121 1535.
1743 1081 1856 1119 cuius
1897 1081 2021 1119 vitam
2060 1083 2217 1130 praeter
2256 1078 2437 1117 Thomam

1483 1143 1749 1197 stapletonum
1794 1143 1828 1192 b)
1873 1142 2167 1193 Henricumque
2216 1139 2440 1180 Hodderdo-

1483 1207 1591 1246 nium
1627 1207 1660 1255 c)
1691 1206 1849 1257 scripsit
1891 1216 2011 1255 gener
2056 1202 2273 1243 Guilelmus
2319 1204 2440 1254 Rope-

1483 1281 1579 1318 rus,
1609 1268 1645 1318 d)
1677 1269 1878 1319 vulgatam
1909 1269 1932 1306 a
1961 1267 2110 1305 Thoma
2136 1267 2288 1305 Hearne
2312 1265 2438 1304 Oxon.

1486 1331 1600 1371 1716.
1627 1332 1664 1369 8.
1688 1335 1728 1369 et
1757 1329 1920 1368 Thomas
1943 1330 2080 1369 Morus
2096 1329 2272 1379 abnepos
2291 1325 2324 1378 e)
2351 1330 2441 1378 post

1485 1398 1685 1432 auctorem
1709 1394 1853 1431 Romae
1877 1392 1950 1430 An.
1974 1391 2076 1430 1625
2111 1391 2334 1428 extinctum
2359 1388 2441 1427 edi-

1486 1462 1566 1495 tam
1597 1455 1718 1495 Lond.
1740 1455 1855 1494 1627.
1886 1455 1921 1492 4.
1942 1459 1982 1493 et
2013 1464 2138 1504 nuper
2157 1453 2230 1491 An.
2263 1451 2378 1494 1726.
2402 1452 2439 1490 8.

1487 1518 1630 1557 ibidem
1656 1528 1836 1556 recusam
1856 1529 1863 1555 :
1884 1516 2029 1566 quibus
2052 1515 2142 1554 addi
2168 1519 2338 1566 possunt
2361 1514 2442 1553 Au-

1486 1586 1571 1620 ctor
1594 1581 1854 1630 expositionis
1881 1578 2009 1617 tidelis
2031 1577 2080 1617 de
2117 1589 2195 1616 11101
2207 1582 2244 1616 te
2266 1578 2312 1615 D.
2341 1576 2443 1615 Tho·

1487 1654 1575 1682 mae
1598 1643 1722 1690 Mori,
1755 1642 1787 1690 f)
1818 1645 1858 1680 et
1898 1641 2091 1692 Georgius
2132 1640 2254 1679 Lilius
2290 1639 2444 1678 Britan-

1488 1716 1565 1743 nus
1593 1705 1632 1755 g)
1662 1705 1699 1741 in
1728 1704 1821 1742 Mori
1845 1703 1995 1754 elogio:
2018 1701 2216 1741 Antonius
2241 1700 2378 1750 Wood,
2403 1699 2440 1749 h)

1488 1770 1544 1805 Jo.
1574 1766 1744 1805 Jacobus
1772 1765 2035 1813 Boissardus‚
2065 1765 2099 1813 i)
2140 1764 2312 1803 Jsaacus'
2350 1763 2443 1802 Bul-

1487 1829 1613 1867 lartus
1636 1828 1671 1875 k)
1697 1827 1903 1877 Adolphus
1927 1826 2194 1866 Clarmundus
2211 1826 2250 1874 l)
2271 1837 2316 1864 ac
2331 1836 2443 1875 prae-

1490 1896 1551 1930 ter
1573 1891 1730 1929 Jovium
1755 1890 1932 1940 aliosque
1953 1889 2262 1928 innumerabiles
2290 1889 2445 1927 Nicero-

1492 1964 1568 1992 nus
1592 1957 1687 1991 tom.
1711 1952 1834 1991 XXV.
1858 1951 2137 1990 memoriarum
2162 1949 2211 1989 de
2235 1950 2331 1988 viris
2354 1961 2444 1988 eru-

1490 2015 1582 2053 ditis
1598 2026 1683 2066 pag.
1710 2015 1799 2054 216.
1824 2015 1952 2064 Opera
1975 2014 2068 2053 Mori
2093 2012 2209 2052 Basil.
2234 2012 2348 2052 1563.
2374 2013 2445 2050 Lo—

1489 2079 1595 2117 vanii
1623 2078 1736 2117 1566.
1763 2081 1803 2115 et
1824 2077 2041 2115 novissime
2066 2074 2317 2114 Francofurti
2343 2074 2444 2114 1689

1490 2141 1553 2180 sol.
1583 2141 1719 2179 Latine
1759 2138 2015 2190 prodierunt,
2046 2136 2226 2177 Historia
2275 2135 2441 2175 Richar-

1490 2202 1533 2242 dt·
1568 2202 1644 2241 III.
1672 2201 1839 2252 Angliae
1869 2202 1997 2252 Regis.
2034 2199 2097 2238 Ad
2132 2198 2346 2239 Lutherum
2379 2209 2443 2236 re-

1488 2264 1642 2317 sponsio
1666 2276 1729 2303 an.
1755 2263 1869 2303 4522.
1902 2274 1970 2314 pro
2002 2264 2106 2312 Rege
2148 2262 2314 2301 Henrico
2343 2262 2442 2301 Vlll.

1491 2340 1609 2379 quam
1632 2328 1705 2366 sub
1738 2325 1924 2364 Guilelmz·
1945 2324 2082 2365 Rossez'
2112 2325 2272 2363 nomine
2310 2323 2445 2363 edide-

1492 2395 1563 2430 rat.
1590 2389 1797 2442 Eoepositz'o
1817 2388 2017 2440 passionis
2036 2385 2221 2435 CHrz'sti,
2243 2387 2388 2437 scripta
2405 2387 2442 2424 in

1493 2455 1670 2493 Carcere.
1694 2451 1806 2501 Quod
1822 2463 1898 2503 pro
1916 2450 1992 2502 fide
2017 2461 2125 2489 mors
2157 2446 2344 2501 suyienda
2370 2459 2446 2486 non

1493 2515 1556 2554 sit.
1580 2513 1808 2566 Imploratio
1832 2512 1968 2552 Divz'ni
1987 2510 2160 2560 auocilii,
2182 2522 2232 2550 ex
2262 2509 2445 2549 Psalmis.

1497 2577 1631 2629 Utopz'a
1661 2579 1746 2615 sive
1784 2576 1832 2615 de
1878 2576 2036 2626 Optimo
2068 2575 2177 2625 Reip.
2215 2576 2322 2612 statu
2360 2572 2447 2611 libri

1494 2640 1597 2688 duo,
1624 2640 1754 2689 (toties
1790 2649 1930 2677 recusa
1955 2642 1995 2676 et
2029 2637 2067 2674 in
2100 2636 2196 2675 alias
2231 2645 2346 2673 versa
2375 2634 2448 2673 lin-

1494 2713 1616 2752 guaS,
1647 2706 1690 2741 ut
1710 2701 1789 2740 dixi
1821 2702 1858 2738 in
1892 2698 2177 2749 Bibliographia
2213 2696 2447 2746 Antiquaria

1494 2776 1578 2816 cap.
1611 2765 1671 2804 14.
1698 2765 1734 2815 ξ.
1759 2764 1820 2803 16.
1846 2763 1909 2801 ubi
1935 2761 1983 2800 de
2007 2760 2093 2798 aliis
2117 2759 2281 2797 aliorum
2305 2757 2446 2796 similis

1494 2827 1718 2876 argumenti
1735 2830 1854 2875 atque
1872 2820 2239 2870 instituti.scriptis.
2259 2820 2447 2858 Poemata

1493 2889 1585 2927 Mori
1596 2883 2224 2938 atqueEpiqrammataingeniosa
2233 2887 2446 2921 etamoena

1493 3010 1583 3041 1726.
1610 3009 1676 3041 Jul.
1700 3020 1731 3049 p.
1755 3009 1829 3040 422.

1550 3060 1576 3099 s)
1600 3061 1702 3090 Paris.
1727 3058 1818 3090 1555.
1836 3062 1867 3090 et
1890 3060 1924 3090 in
1942 3061 1979 3089 v.
2003 3058 2038 3089 C.
2061 3055 2153 3089 Frid.
2174 3058 2246 3087 Jac.
2272 3053 2453 3094 Beyschla

1489 3111 1534 3150 gii
1559 3109 1682 3148 sylloge
1708 3108 1948 3149 opusculorum
1971 3115 2047 3148 pag.
2072 3105 2231 3138 245-957.

1548 3158 1581 3198 g)
1606 3158 1689 3189 lbid.
1717 3166 1791 3198 pag.
1815 3157 1971 3189 258-2452.
1995 3165 2034 3188 ex
2055 3157 2137 3188 edit.
2160 3153 2229 3185 Bal.
2256 3151 2349 3184 1571.
2371 3151 2404 3184 8.

1550 3209 1584 3248 h)
1608 3210 1825 3248 Antiquitatt.
1849 3209 1954 3240 Oxon.
1977 3210 2071 3238 Tom.
2091 3205 2123 3236 2.
2149 3211 2225 3245 pag.
2247 3202 2322 3235 558.
2361 3210 2431 3243 seq.

1547 3261 1555 3290 i
1578 3259 1588 3295 )
1616 3261 1695 3289 'rom
1716 3259 1750 3288 ἱ).
1774 3260 1875 3298 imag.
1898 3257 1952 3288 48.
1974 3264 2049 3297 pag.
2076 3254 2146 3286 120.

1553 3308 1590 3346 k)
1613 3311 1708 3339 Tom.
1736 3307 1766 3340 1.
1787 3308 1982 3340 Academiae
2007 3306 2177 3339 scientiar.
2201 3311 2233 3344 p.
2257 3301 2307 3333 45.

1550 3357 1588 3398 l)
1612 3361 1650 3390 Τ.
1671 3358 1702 3389 5.
1726 3359 1871 3391 vitarum
1899 3366 1930 3396 p.
1952 3357 2004 3388 52.
