2533 4009
480 251 552 288 'il-2

531 314 809 355 Rotfflssltlt's
844 308 1043 353 Bima-ius,
1081 307 1302 355 Hispanus,
1345 304 1428 342 alu-

477 389 594 417 mnus
624 373 781 420 collegii
816 369 973 417 majoris
999 366 1169 404 nationis
1199 366 1428 414 Hispanicae

477 443 512 475 in
551 437 644 476 urbe
684 431 918 470 Bononiensi
944 457 951 464 .
983 431 1117 476 postea
1142 427 1242 464 civis
1273 424 1427 462 ibidem.

477 501 627 535 Primus
671 493 766 534 fuit,
810 490 875 538 qui
901 487 1024 526 vitam
1065 485 1201 536 AEyidi'
1234 483 1430 523 Albornoz

474 552 699 595 Cardi'nalis
729 552 918 599 scripsit.
957 561 989 586 a.
1037 548 1148 586 1506.
1182 548 1427 596 impressam.

471 614 629 656 Orlandi
647 613 786 651 Notitia
806 610 945 659 Script.
965 609 1267 647 Bononiensium
1287 618 1322 656 p.
1340 606 1429 644 249.

522 672 804 713 RODERICUS
840 669 1178 720 Commentarius,
1210 667 1299 706 vide
1336 666 1418 706 Rocl

469 735 612 773 Sanci'i'.

521 794 806 835 RODElthUS
832 791 1065 832 Cascidaeus
1083 822 1092 838 ,
1119 789 1428 829 Archidiaconus

467 857 712 896 Clocorensis
745 857 781 893 in
814 855 1020 900 Hibernia,
1066 854 1223 902 scripsit
1273 855 1426 901 partem

468 919 721 968 posteriorem
747 915 959 954 Annalium
990 913 1267 953 Ultoniensi'urn
1299 922 1425 961 usquc

466 979 512 1017 ad
537 990 570 1017 a.
604 980 715 1017 1041.
755 989 833 1028 quo
874 979 955 1027 ipse
979 977 1084 1015 obiit.
1123 976 1212 1014 Fuit
1252 976 1289 1012 in
1328 973 1423 1011 Bibl.

465 1040 522 1078 Jo.
551 1042 654 1079 More
683 1041 862 1090 Episcopi
893 1038 1158 1076 Norvicensis.
1187 1035 1283 1075 Vide
1307 1035 1420 1074 Cata-

466 1102 596 1152 logum
642 1101 745 1140 MSS.
792 1100 885 1138 Bibl.
924 1099 1210 1137 Tenisonianae
1252 1109 1287 1147 p.
1319 1098 1353 1135 1.
1384 1099 1424 1132 et

468 1164 585 1200 Bern.
605 1162 653 1200 de
684 1161 930 1200 Montfaucon
963 1160 1057 1198 Bibl.
1086 1158 1421 1197 Bibliothecarum

467 1224 573 1263 MSS.
597 1235 685 1274 pag.
710 1223 799 1262 689.

519 1284 801 1324 RODERICUS
829 1281 876 1321 de
899 1280 1119 1328 Dubrawa,
1146 1282 1306 1331 scripsit
1323 1281 1428 1318 Jura

468 1351 503 1385 et
530 1345 834 1386 Constitutiones
864 1344 978 1394 reyni
1005 1343 1223 1382 Bohemiae.
1250 1343 1428 1381 Possevi-

470 1419 544 1446 nus
566 1413 671 1446 tomo
694 1408 736 1444 ll.
769 1406 992 1456 Apparatus
1019 1417 1053 1454 p.
1084 1404 1173 1443 348.

520 1469 539 1490 *
559 1467 847 1508 RODERICUS
872 1464 1065 1504 Dubrava
1089 1466 1293 1504 Boliemus
1316 1465 1427 1503 fami-

469 1532 517 1569 lia
557 1531 712 1580 patritia
750 1527 859 1566 dedit
902 1529 1019 1564 etiam
1067 1526 1337 1563 annotationes
1386 1524 1425 1562 in

470 1589 683 1641 Epistolam
717 1587 834 1627 Pauli
861 1587 914 1625 ad
944 1586 1108 1625 Galatas
1139 1597 1313 1624 excusus
1344 1586 1425 1623 loco

467 1657 505 1688 et
535 1662 637 1689 anno
668 1652 827 1688 incertis
859 1651 894 1685 in
927 1649 963 1684 8.
996 1649 1147 1684 Direxit
1187 1657 1288 1695 opus
1319 1646 1424 1684 istud

465 1711 512 1749 ad
545 1711 667 1749 filium
698 1721 814 1748 suum
852 1712 896 1746 ut
928 1708 967 1745 in
998 1711 1108 1745 tanta
1140 1705 1261 1744 turba
1286 1717 1427 1744 erran-

467 1772 562 1809 tium
592 1776 627 1809 et
655 1770 756 1809 male
798 1769 1045 1808 sentientium
1074 1767 1120 1805 de
1151 1766 1245 1804 Fide
1289 1765 1427 1806 Catho-

468 1831 569 1879 lica,
606 1843 727 1882 quam
757 1834 935 1870 Romana
992 1827 1176 1867 Ecclesia
1194 1828 1425 1879 profitetur,

467 1893 626 1932 haberet
649 1893 862 1931 catholicae
888 1903 985 1931 suae
1006 1890 1100 1942 fidei
1121 1893 1424 1936 monumentum,

464 1961 508 1995 ut
536 1955 873 2006 quemadmodum
908 1955 1068 1992 futurus
1110 1957 1219 1990 esset
1262 1952 1427 1990 faculta-

465 2022 549 2055 tum
580 2027 743 2055 suarum
775 2016 913 2053 haeres
945 2015 995 2051 ita
1025 2018 1065 2050 et
1097 2012 1183 2050 fidei
1217 2017 1336 2050 esset.
1364 2011 1383 2034 *ἓ

530 2076 814 2116 RODERlCUS
839 2073 1085 2112 Ferclinancli
1110 2073 1156 2111 (le
1179 2074 1218 2112 S.
1249 2072 1339 2111 Ella
1367 2074 1429 2111 vel

475 2136 664 2184 Saniella,
696 2138 988 2181 Carmonensis,
1018 2147 1066 2172 ex
1096 2135 1263 2173 dioecesi
1296 2135 1431 2185 Hispa-

476 2200 601 2243 lensi‚
650 2199 773 2236 literis
815 2208 972 2247 operam
1021 2196 1128 2234 dedit
1167 2198 1203 2233 in
1255 2197 1430 2247 Collegio

473 2260 619 2308 majore
644 2259 851 2309 Hispanico
897 2258 1160 2305 Bononiensi,
1198 2258 1328 2307 ibique
1357 2258 1429 2297 Ca-

469 2321 711 2359 thedraticus
758 2324 797 2358 et
836 2319 1133 2358 Protonotarius
1175 2319 1427 2369 Apostolicus

472 2382 554 2419 suit.
582 2383 717 2419 Postea
746 2380 937 2430 Hispalim
970 2391 1012 2417 se
1041 2379 1234 2427 contulit,
1266 2379 1329 2418 ubi
1355 2378 1426 2418 Ca-

471 2444 637 2481 nonicus
665 2442 900 2492 Magistralis
923 2446 962 2479 et
988 2440 1311 2487 ArchidiaconuS,
1337 2446 1425 2491 post

471 2504 658 2542 Visitator
711 2504 906 2553 generalis
948 2504 1070 2541 totius
1114 2503 1223 2551 regni
1270 2502 1424 2541 Siciliae.

470 2567 526 2603 cis
576 2565 775 2611 Pharum,
811 2569 851 2602 et
896 2564 1055 2603 tandem
1100 2559 1430 2614 Archiepiscopus

471 2627 867 2677 caesaraugustanus
922 2627 1004 2665 suit.
1025 2666 1028 2669 ,
1052 2626 1196 2675 Hispali
1242 2625 1425 2664 Studium

466 2687 657 2726 Generale
688 2687 737 2733 (h.
763 2699 796 2725 e.
828 2686 1095 2735 Academiam)
1133 2692 1172 2725 et
1209 2687 1424 2737 Collegium

469 2747 661 2786 fundavit.
705 2748 750 2786 A.
792 2749 896 2787 1477
944 2748 1080 2787 habuit
1120 2748 1344 2787 Orationem
1381 2747 1427 2785 de

465 2809 652 2859 mysterio
674 2809 818 2849 Crucis
841 2813 879 2848 et
900 2809 1086 2859 passione
1119 2809 1248 2848 Crisli
1260 2841 1269 2856 ,
1291 2820 1422 2848 coram

467 2869 577 2907 Sixto
603 2870 664 2907 lV.
691 2870 900 2916 romerico,
928 2871 1072 2908 Romae
1096 2870 1233 2908 eodem
1264 2881 1367 2908 anno
1387 2868 1423 2908 4.

468 2930 714 2978 impressam.
746 2932 914 2981 Scripsit
941 2932 1059 2970 etiarn
1099 2930 1307 2982 Dialoqum
1336 2942 1424 2969 con-

467 2993 531 3027 tra
568 2991 881 3042 impuynatorem
915 2991 1131 3031 coelibatus
1165 2996 1202 3030 ec
1227 2992 1421 3031 castitatis

468 3051 793 3102 Presbyterorum
812 3054 867 3093 ad
884 3054 1046 3094 Sixtum
1068 3055 1087 3091 1
1098 3055 1135 3093 V.
1157 3055 1233 3093 MS.
1261 3056 1296 3092 in
1322 3054 1416 3092 Bibl.

466 3111 661 3151 Vaticana.
684 3116 797 3153 Born.
817 3116 865 3153 de
885 3117 1133 3154 lllontfaucon
1160 3116 1254 3154 Bibl.
1280 3115 1420 3153 Biblio-

468 3170 670 3211 thecarum
703 3177 806 3214 MSS.
838 3189 874 3226 p.
907 3178 980 3216 109
1025 3176 1314 3216 Dictionarium
1343 3176 1417 3214 Ec-

467 3229 751 3281 clesiasticum,
783 3238 884 3285 quod
918 3239 1036 3288 vulgo
1065 3237 1240 3277 Santella
1263 3237 1416 3284 dicitur,

467 3288 515 3325 ab
546 3290 746 3332 Eustathio
767 3298 867 3334 Moro
888 3299 1108 3338 Cervanteo
1134 3299 1413 3349 locupletatum

1259 234 1673 273 RODERICUS

1501 306 1541 340 et
1557 302 1754 351 Compluti
1773 304 1884 342 1572.
1902 304 1963 342 fol.
1980 303 2142 342 editum.
2165 303 2243 342 Val.
2275 302 2455 344 Andreas

1504 363 1541 400 in
1572 362 1756 412 Catalogo
1797 363 1992 403 clarorum
2037 366 2245 415 Hispaniae
2283 366 2457 405 virorum

1507 433 1593 472 pag.
1625 422 1713 461 101.
1743 423 1941 464 Orlandus
1972 426 2008 462 in
2039 426 2182 464 Notitia
2212 426 2457 475 Scriptorum

1506 484 1814 522 Bononiensium
1839 494 1923 533 pag.
1949 485 2134 525 242-243.

1557 544 1853 592 RODERICUS,
1884 545 2065 585 Lucensis
2079 548 2301 598 Episcopus
2319 549 2454 600 Hispa·
2516 575 2524 578 -

1505 616 1594 651 nus,
1622 616 1700 643 sec.
1720 606 1785 643 lx.
1813 604 1954 653 medio,
1984 608 2142 657 scripsit
2161 608 2207 648 de
2227 608 2349 649 rebus
2381 621 2459 649 me·

1504 663 1762 704 morabilibus
1793 665 2019 715 Hispaniae.
2048 667 2130 706 Non
2154 669 2459 710 confundendus

1502 734 1564 766 est
1583 738 1673 766 cum
1704 727 1778 764 alio
1811 726 1999 765 Roderico
2034 728 2199 767 Lucensi
2235 730 2456 781 EpiscopO,

1502 791 1567 838 qui
1607 800 1640 827 a.
1687 789 1803 828 4212.
1848 789 1959 826 vixit.
2002 789 2085 827 Nic.
2127 789 2322 830 Antonius
2364 791 2458 831 Bibl.

1501 851 1606 900 Hisp.
1639 850 1778 888 Vetere
1809 849 1869 891 vl.
1897 850 1935 888 5.
1967 860 2003 886 n.
2037 849 2124 888 118.

1552 910 1770 949 RODERlC
1781 909 1839 949 US
1862 908 2105 958 Patentinus,
2127 909 2218 949 vide
2248 910 2460 952 Rodericus

1501 971 1682 1012 Saucius.

1557 1032 1840 1073 RODERICUS
1881 1033 2111 1075 Porcuensis
2143 1033 2388 1085 Episcopus,
2413 1036 2461 1074 ab

1497 1106 1599 1133 anno
1618 1094 1731 1133 1476.
1754 1095 1792 1133 S.
1815 1096 1860 1133 R.
1880 1095 1924 1134 E.
1945 1095 2297 1135 vicecancellarius
2311 1126 2321 1143 ,
2339 1101 2457 1147 gente

1500 1158 1651 1206 Borgia,
1673 1157 1872 1207 Hispanus
1897 1157 2142 1206 Valentinus,
2173 1156 2333 1196 tandem
2359 1159 2459 1209 Papa

1503 1219 1660 1256 nomine
1691 1217 1905 1255 Alexandri
1930 1218 1991 1256 Vl.
2014 1217 2111 1257 Vide
2132 1217 2284 1269 Ughelli
2308 1219 2460 1258 ltaliam

1501 1291 1654 1319 sacram
1686 1284 1791 1317 tomo
1822 1280 1848 1317 1.
1880 1290 1964 1330 pag.
1996 1279 2084 1319 145.

1552 1342 1757 1380 Gesnerus
1786 1344 1826 1378 et
1866 1341 1948 1379 Val.
1985 1340 2164 1380 Andreas
2200 1352 2237 1391 p.
2280 1342 2368 1380 101.
2405 1342 2460 1380 di-

1502 1407 1625 1447 cunt,
1653 1403 1781 1452 ipsum
1820 1401 1993 1440 edidisse
2030 1400 2209 1440 Glossam
2238 1401 2279 1440 in
2297 1401 2461 1453 requlas

1504 1462 1780 1503 Cancellariae
1807 1461 2078 1513 Apostolicae,
2107 1461 2154 1501 ad
2186 1463 2459 1503 Innocentium
2500 1458 2504 1465 “

1501 1525 1600 1563 Vlll.
1633 1525 1836 1573 scriptam.
1857 1525 1940 1575 Ego
1958 1523 2140 1574 possideo
2156 1524 2300 1564 librum
2316 1525 2461 1564 Romae

1501 1597 1569 1635 per
1594 1585 1835 1624 Eucharium
1851 1585 1978 1624 Silber
1995 1587 2234 1636 impressum
2250 1615 2261 1633 ,
2285 1589 2327 1624 et
2345 1586 2459 1636 longe

1503 1647 1576 1685 alia
1596 1647 1755 1684 invenio
1773 1659 1780 1683 :
1799 1657 1888 1684 nam
1913 1648 1947 1684 1.
1966 1657 2110 1684 nomen
2131 1646 2370 1686 Glossatoris
2386 1657 2462 1685 non

1500 1707 1671 1753 additur,
1693 1707 1762 1744 sed
1790 1711 1944 1745 tantum
1977 1709 2013 1744 in
2036 1711 2150 1746 textu
2174 1707 2317 1758 legitur
2339 1707 2462 1746 Rode·

1500 1769 1624 1806 ricum
1656 1767 1758 1805 hanc
1787 1767 2122 1806 Constitutionem
2154 1768 2191 1806 in
2221 1767 2462 1808 Cancellaria

1500 1827 1723 1878 Apostolica
1756 1827 1942 1877 publicari
1973 1828 2126 1866 fecisse.
2155 1828 2194 1867 2.
2223 1828 2294 1867 Illa
2322 1828 2462 1867 Glossa

1504 1900 1579 1927 non
1607 1889 1753 1938 scripta
1777 1892 1839 1925 est
1876 1887 1924 1927 ad
1964 1889 2133 1939 Papam,
2158 1888 2227 1928 sed
2251 1888 2299 1928 ad
2338 1888 2457 1929 alium

1503 1949 1728 1999 quendam,
1759 1960 1877 1999 quem
1908 1949 2302 1990 Reverendissimum
2332 1951 2462 1990 Domi-

1505 2022 1598 2049 num
1622 2016 1748 2048 vocat.
1770 2011 1896 2048 Verus
1915 2010 2063 2050 Auctor
2083 2011 2203 2061 huius
2219 2011 2383 2052 Glossae
2398 2016 2461 2053 est

1505 2070 1728 2122 Alphonsus
1744 2069 1790 2109 de
1804 2071 1895 2110 Solo
1910 2070 2222 2110 Archidiaconus
2245 2073 2462 2112 Civitaten-

1506 2135 1560 2170 sis
1584 2144 1628 2171 ac
1658 2133 1946 2171 Thesaurarius
1977 2133 2317 2184 Salmanticensis,
2346 2134 2463 2185 cujus

1504 2196 1542 2232 in
1572 2194 1709 2233 eodem
1727 2194 1928 2233 volumine
1951 2193 2132 2245 adjectus
2154 2199 2216 2233 est
2236 2195 2460 2236 Commeat.

1505 2256 1541 2294 in
1563 2255 1752 2305 Ejusdem
1774 2257 1899 2306 Papae
1921 2256 2254 2296 constitutionem
2273 2256 2323 2296 de
2343 2257 2462 2297 bene—

1503 2317 1613 2364 ficiis,
1643 2318 1863 2367 impressus
1898 2318 2042 2356 Rornae
2079 2329 2149 2368 per
2189 2318 2460 2358 Venerabilem

1502 2380 1630 2416 virum
1654 2379 1886 2429 Magistrum
1916 2379 2158 2418 Eucherium
2184 2379 2336 2429 Silber,
2366 2381 2463 2420 alias
2504 2423 2508 2430 ¹

1500 2440 1678 2488 Franck,
1705 2452 1740 2478 a.
1771 2439 1888 2479 1487.
1917 2440 2029 2479 Adde
2057 2439 2144 2480 Nic.
2175 2440 2336 2480 Antonii
2363 2441 2462 2486 Bibl.

1499 2501 1716 2552 Hispanam
1733 2502 1818 2540 Vct.
1836 2503 1883 2541 X.
1908 2503 1966 2540 16.
1985 2513 2021 2540 n.
2038 2502 2126 2541 904.
2145 2501 2316 2543 ubialias
2335 2504 2455 2542 etiam
2514 2502 2521 2544 ,ἶ

1500 2564 1694 2602 editiones
1720 2563 1877 2602 indicat.
1901 2563 1998 2602 Vide
2018 2563 2329 2604 ALEXANDER
2354 2565 2415 2604 VI.

1552 2625 1838 2666 RODERICUS
1856 2624 1994 2664 Sam-iz·
2006 2623 2052 2663 de
2067 2623 2251 2673 Arevalo,
2268 2636 2346 2664 non
2360 2624 2460 2665 Aze-
2517 2648 2520 2649 ν

1500 2686 1600 2734 σοῖο,
1633 2691 1676 2725 ut
1712 2686 1809 2725 Lud.
1844 2685 2037 2732 Jacobus,
2064 2690 2181 2724 natus
2208 2696 2244 2724 a.
2273 2685 2388 2725 1404.
2419 2688 2458 2726 in

1498 2747 1641 2798 oppido
1694 2748 1732 2786 S.
1779 2748 1924 2786 Mariae
1963 2746 2012 2784 de
2045 2747 2168 2786 Nieva
2206 2746 2457 2798 Segobiensis

1497 2809 1717 2855 dioecesis,
1753 2807 2065 2847 Archidiaconus
2104 2808 2274 2858 primum
2321 2809 2458 2847 Trevi-

1497 2870 1647 2907 niensis
1674 2870 1711 2906 in
1735 2869 1914 2908 Ecclesia
1938 2869 2129 2918 Burgensi
2153 2869 2365 2917 ‚Decanus
2386 2870 2455 2909 Le-

1495 2930 1695 2980 gionensis
1724 2933 1764 2966 et
1792 2930 2056 2979 Hispalensis,
2095 2930 2316 2980 Episcopus
2351 2929 2455 2971 Ove-

1494 2992 1646 3039 tensis,
1673 2991 1748 3029 sub
1772 2991 1888 3030 Paulo
1926 2991 1972 3029 11.
2005 2991 2192 3030 Pontifice
2225 2991 2450 3030 Praefectus
2496 2988 2499 2991 ’

1493 3053 1620 3091 Castri
1651 3052 1689 3090 S.
1733 3051 1884 3101 Angeli,
1916 3052 2138 3102 Episcopus
2178 3052 2449 3099 zamorensis,

1492 3113 1814 3164 Calagurritanus
1829 3117 1868 3151 et
1884 3113 2044 3151 tandem
2062 3113 2294 3152 palentinus
2309 3142 2321 3160 ,
2347 3111 2448 3151 mul-

1492 3177 1542 3213 tis
1566 3174 1825 3225 legationibus
1854 3175 2023 3223 functus,
2051 3173 2146 3212 obiit
2173 3184 2208 3212 a.
2242 3173 2356 3218 1470.
2385 3172 2446 3212 Ex

1492 3237 1649 3286 scriptis
1669 3235 1758 3285 ejus
1779 3237 1972 3286 impressa
1996 3239 2116 3274 sunt:

1546 3297 1781 3337 l.Historia
1827 3296 2031 3347 Hispana,
2081 3295 2170 3334 inde
2211 3294 2259 3334 ab
2295 3294 2444 3344 origine
