2566 4009
951 213 1249 253 MAGNUS
2050 216 2073 252 7

121 294 170 333 dc
198 302 275 343 quo
303 289 415 341 plura
443 291 615 326 Joannes
645 287 865 326 Messenius
887 286 923 324 in
949 285 1071 325 Chro-

122 357 210 394 nico
237 353 520 404 Episcoporum
553 349 806 388 Svecicorum
836 352 877 387 et
891 348 935 387 V.
953 348 995 387 C.
1014 350 1070 386 Jo.

120 416 306 457 Mollerus
336 415 372 452 10
399 411 777 463 hypomnematibus
807 409 854 449 ad
885 410 930 448 Jo
954 409 1076 449 Sche—

120 481 246 518 ierum
271 477 320 516 de
341 477 560 515 Svecorum
589 475 753 524 scriptis
777 484 862 524 pag.
882 472 970 509 363.
990 483 1072 522 seq.

122 545 163 579 et
198 541 255 578 .Ιο.
294 537 503 578 Hubnerus
540 540 676 574 noster
714 536 753 574 in
788 534 977 573 Centuria
993 534 1073 572 Vll.

122 603 220 643 Bibl.
250 601 459 640 historicae
489 598 626 637 Hamb.
656 609 743 648 pag.
774 597 836 634 69.
868 607 951 646 seq.
973 595 1077 634 Scri—

125 655 206 716 psit
235 662 449 703 Gothorum
480 663 754 711 Sveonumque
783 657 1011 698 Historiam
1056 659 1075 697 a

123 729 283 778 Magogo
311 729 351 764 et
380 725 518 775 primis
541 722 756 774 originibus
781 732 909 771 usque
933 720 981 760 ad
1006 731 1078 760 sua

123 796 303 840 tempora
332 785 444 825 libris
472 786 557 825 XXI
565 785 602 824 V.
633 783 782 823 editam
813 788 904 834 post
944 787 1075 822 aucto-

124 853 180 891 ris
208 851 359 890 obitum
385 850 433 888 ab
456 847 551 887 Olao
571 847 660 897 ejus
687 847 806 886 fratre
831 848 942 885 Rom.
962 844 1076 885 4556.

126 915 190 954 fol.
219 925 310 954 cum
341 912 461 951 variis
491 910 698 950 iconibus:
731 914 772 948 et
797 910 884 948 sine
908 908 986 946 illis
1007 909 1080 947 Ba-

126 977 186 1016 sil.
219 977 333 1016 4558.
365 972 480 1014 4517.
511 974 546 1012 8.
579 972 831 1023 Argentorat.
883 970 998 1011 4607.
1043 971 1081 1009 8.

125 1040 263 1079 Versio
292 1038 455 1077 Svecica
485 1047 606 1087 quam
640 1036 677 1073 in
708 1046 869 1074 carcere
915 1033 1083 1072 Orebro-

129 1103 215 1141 ensi
243 1101 389 1139 dicitur
416 1100 690 1149 composuisse
713 1099 797 1137 Rex
820 1097 968 1136 Ericus
984 1097 1082 1135 XIV.

129 1173 335 1213 nunquam
361 1161 456 1200 vidit
480 1161 608 1200 lucem
629 1174 639 1198 .·
662 1160 806 1211 prodiit
830 1164 964 1199 autem
993 1171 1082 1197 ver-

128 1227 185 1265 sio
214 1225 448 1275 Interpretis
471 1224 579 1274 Regii
607 1222 721 1261 Ericz'
738 1222 980 1263 Schraederi
1003 1221 1084 1261 Gu-

129 1292 243 1327 stavo
271 1286 450 1337 Adolpho
478 1286 569 1336 Regi
600 1284 729 1323 dicata
760 1285 934 1323 Holmiae
962 1284 1079 1323 ⁴624.

129 1350 192 1389 fol.
217 1351 273 1389 De
297 1349 460 1399 scriptis
484 1346 631 1397 quibus
657 1347 801 1385 Petrus
827 1347 986 1386 Parvus
1001 1346 1082 1384 alii-

129 1424 206 1463 que
234 1413 332 1451 Dani
366 1411 581 1461 scriptores
611 1408 705 1447 fidei
748 1410 913 1451 ‚Ioannis
952 1408 1080 1458 Magni

129 1474 350 1523 detraxere,
372 1471 542 1512 Joannes
570 1482 666 1509 vero
691 1470 909 1510 Messenius
930 1470 1004 1509 sub
1020 1470 1083 1508 Ja-

129 1539 170 1577 ni
197 1538 358 1577 Minoris
379 1537 539 1575 nomine
563 1535 690 1575 latens
711 1534 878 1574 eandem
896 1533 1080 1582 asseruit,

123 1600 218 1639 vide
246 1599 453 1639 laudatum
483 1599 688 1638 Mollerum
719 1610 807 1649 pag.
839 1597 930 1637 366.
961 1608 1049 1647 seq.

176 1661 354 1702 Historia
390 1659 714 1713 Metropolitana,
753 1671 825 1699 seu
873 1658 1082 1711 Episcopo-

122 1736 212 1763 ram
242 1728 279 1763 et
321 1722 717 1776 Archiepiscoporum
763 1721 1079 1774 ΟῬεαῖίεηείπιηι,

121 1787 226 1827 edita
256 1788 305 1826 ab
333 1786 472 1826 eodem
504 1787 601 1826 Olao
630 1787 752 1825 fratre
799 1787 909 1824 Rom.
959 1783 1079 1824 ⁴557.

123 1850 349 1900 subjunctis
378 1849 621 1901 quibusdam
652 1847 843 1900 Epz'stolis
891 1849 1078 1888 auctoris.

126 1915 321 1953 Diversus
349 1913 397 1953 ab
427 1913 500 1952 hoc
529 1917 570 1951 et
593 1913 708 1964 longe
726 1913 860 1963 junior
884 1912 936 1951 Μ.
959 1912 1080 1949 Jonas

124 1975 330 2015 MAGNUS
360 1976 646 2014 Wexionensis
690 1975 846 2014 Svecus
864 2004 874 2022 ,
918 1974 984 2024 qui
1029 1985 1079 2012 ex

126 2038 351 2077 Professore
375 2037 598 2089 Upsaliensi
619 2037 846 2088 Episcopus
872 2036 1080 2075 Scarensis

121 2099 197 2139 An.
231 2101 343 2140 4654.
374 2099 479 2139 diem
509 2100 694 2150 obiit‚ac
711 2103 868 2151 praeter
885 2099 1079 2149 synopsin

125 2163 321 2202 Historiae
352 2163 599 2202 Universalis
639 2162 865 2212 laudesque
909 2161 1079 2200 Gustavi

126 2226 156 2265 Ι.
180 2230 221 2264 et
242 2225 411 2264 Gustavi
436 2223 603 2277 Adolphi
631 2226 802 2276 elogium
822 2255 832 2275 ‚
856 2225 966 2263 varia
984 2225 1083 2262 scri—

124 2288 276 2340 psit‚de
299 2288 448 2338 quibus
470 2289 528 2326 .Ιο.
555 2287 772 2327 Scheferus
796 2288 835 2325 in
861 2285 1000 2326 Svecia
1021 2286 1083 2324 lit-

139 2356 266 2392 terata
290 2363 378 2403 pag.
402 2353 464 2390 99.
491 2363 575 2403 seq.

187 2413 309 2453 Olaus
323 2414 529 2453 MAGNUS
545 2415 800 2465 praepositus
817 2414 1084 2464 Stregnensis,

131 2477 296 2516 Joannis
319 2477 442 2515 frater
466 2480 506 2514 et
529 2487 664 2515 comes
689 2478 726 2514 in
745 2477 884 2522 exilio,
902 2487 1087 2526 operum-

133 2549 212 2589 que
241 2537 329 2589 ejus
353 2537 507 2586 editor,
532 2542 573 2575 et
597 2543 687 2588 post
711 2535 845 2576 frat‘ris
867 2538 1020 2576 obitum
1040 2537 1084 2575 A.

133 2601 298 2640 45410
323 2600 448 2639 Paulo
490 2598 558 2638 111.
595 2601 745 2639 missus
784 2601 821 2637 in
862 2599 1082 2638 Concilium

134 2662 412 2701 Tridentinum
444 2666 485 2700 et
514 2660 849 2712 Archiepiscopus
881 2661 1088 2711 Upsalion-

133 2726 190 2764 sis
218 2723 484 2776 designatus,
509 2723 578 2762 sed
619 2735 823 2774 nunquam
876 2734 973 2762 usus
1018 2722 1087 2760 illa

137 2786 355 2838 dignitate,
385 2787 476 2825 exul
503 2791 543 2824 et
574 2787 656 2836 ipse
681 2787 826 2824 Romae
851 2785 1087 2831 defunctus,

133 2848 181 2887 de
209 2860 287 2899 quo
317 2852 357 2887 et
389 2850 472 2900 ipso
502 2849 774 2896 Messenium⁷
806 2848 1012 2887 Mellorum
1043 2851 1084 2885 et

130 2910 360 2950 Hubnerum
374 2909 531 2960 juvabit
549 2911 771 2950 consulere.
790 2911 958 2961 Scripsit
975 2921 1086 2960 prac-

134 2979 195 3012 ter
225 2970 400 3010 tabulam
430 2976 633 3011 terrarum
658 2971 1030 3025 Septentrionalz'um
1053 2975 1091 3010 et

132 3045 272 3074 rerum
302 3033 548 3073 mirabilium
578 3034 619 3073 in
641 3046 698 3074 ets
723 3039 762 3074 et
786 3036 937 3075 Oceano
960 3034 1086 3074 vicino

135 3109 226 3138 cum
246 3097 368 3136 variis
385 3097 612 3135 animalium
637 3098 790 3147 figuris,
808 3099 948 3137 Venet.
970 3098 1085 3137 4539.

1201 286 1255 324 De
1268 283 1451 324 Gentium
1468 284 1838 336 Septentrionaliam
1855 285 1984 325 variis
1999 297 2088 324 con-

1146 346 1358 388 ditionibus·
1376 378 1384 397 ,
1403 346 1572 387 statibus
1592 352 1629 386 et
1641 347 1818 388 moribus
1835 346 1957 388 libros
1973 348 2090 388 XXII.

1148 409 1283 448 itidem
1313 422 1406 450 cum
1435 410 1572 461 figuris
1602 413 1774 461 primum
1799 410 1927 450 editos
1952 412 2097 449 Romae

1150 473 1359 512 4555.f01.
1389 475 1465 512 Bas
1483 473 1506 510 l.
1540 472 1656 511 4567.
1685 474 1748 512 fol.
1771 472 1862 512 inde
1890 475 2035 512 missos
2063 474 2100 510 in

1149 535 1429 586 compendium
1459 536 1481 573 a
1513 534 1692 574 Cornelio
1722 534 1931 576 Scribonio
1970 534 2099 586 Grap-

1151 597 1246 636 lzaeo
1265 597 1451 647 Flandro,
1470 597 1678 650 Antworp.
1698 599 1814 639 4558.
1832 603 1872 637 et
1889 597 1965 637 ibid
1986 597 2103 637 4562.

1152 666 1271 711 atque
1310 672 1492 699 recusam
1524 662 1746 712 Ambergae
1778 663 1893 701 4599.
1925 659 2106 699 Francof.

1153 724 1268 763 4618.
1301 723 1415 763 4622.
1438 723 1564 775 Lugd.
1591 726 1673 762 Bat.
1696 729 1736 762 et
1777 723 1908 762 Amst.
1953 724 2105 762 minore

1154 786 1300 824 forma:
1326 791 1371 825 ut
1395 786 1570 824 Italicam
1592 787 1757 837 Remigii
1778 787 2006 834 Florentini,
2032 785 2107 823 Ve-

1154 853 1235 887 net.
1266 849 1382 889 4564.
1412 849 1478 888 fol.
1507 849 1769 888 Germanicas
1799 848 1929 896 duas,
1973 847 2109 898 Angli-

1152 922 1320 962 eamque
1343 916 1384 950 et
1406 912 1605 962 Belgicam
1632 912 1859 950 versionem
1878 912 2010 961 operis
2029 920 2106 947 non

1153 973 1432 1012 contemnendi
1468 978 1730 1024 praeteream.

1208 1035 1412 1087 Epitomen
1437 1035 1632 1087 duplicem
1656 1034 1942 1075 revelationum
1960 1036 2000 1074 S.
2021 1033 2111 1072 Bir-

1152 1098 1273 1150 yz'tcae
1303 1099 1492 1137 Svecicae
1518 1098 1578 1146 (de
1604 1110 1682 1148 qna
1709 1109 1828 1148 supra
1854 1102 1948 1136 tom.
1979 1097 1992 1135 4
2024 1107 2111 1147 pag.

1157 1162 1260 1209 258.)
1290 1162 1436 1199 Romae
1470 1161 1506 1198 in
1539 1161 1603 1199 fol.
1635 1161 1954 1211 publicatarum,
1983 1170 2030 1197 ex
2054 1158 2111 1196 .Ιο.

1155 1225 1339 1263 Messenii
1369 1223 1446 1262 ssde
1477 1227 1672 1262 memorat
1700 1223 1758 1261 Jo.
1780 1222 1995 1261 Scheferus
2019 1232 2106 1272 pag.

1157 1286 1220 1326 27.
1246 1286 1294 1324 de
1319 1286 1539 1324 Svecorum
1570 1287 1740 1336 scriptis.

1207 1348 1413 1388 MAGNUS
1443 1346 1793 1399 Richoberqensis,
1824 1349 1862 1385 in
1907 1346 2111 1396 Bajoaria‚

1155 1411 1345 1458 Noricus,
1371 1410 1516 1448 ssamen
1539 1410 1859 1460 Augustinianus
1896 1409 1972 1448 sub
2009 1410 2108 1459 Imp.

1154 1473 1322 1512 Henrico
1352 1473 1414 1511 VI.
1445 1475 1562 1521 qu‘us
1592 1472 1787 1511 Chronico
1810 1482 1930 1510 usum
1956 1482 1998 1509 se
2023 1482 2113 1509 esse

1155 1539 1328 1574 testatur
1357 1535 1455 1573 libro
1486 1539 1601 1573 sexto
1643 1535 1820 1572 Joannes
1864 1534 2105 1572 Aventinus.

1155 1599 1320 1638 Constat
1350 1598 1566 1636 Henricum
1597 1597 1660 1635 Vl.
1690 1598 1944 1647 imperitasse
1974 1597 2022 1635 ab
2061 1597 2106 1635 A.

1155 1663 1169 1701 4
1184 1661 1329 1701 490.οἀ
1345 1662 1358 1700 4
1372 1663 1384 1700 4
1397 1661 1459 1699 98.
1473 1659 1714 1700 Chronz'cum
1723 1665 1857 1699 autem
1873 1660 2116 1698 REICHER-

1155 1724 1450 1764 SBERGENSE
1471 1723 1574 1774 quod
1594 1735 1641 1762 ex
1661 1723 1834 1762 editione
1852 1723 1981 1762 rarius
1997 1722 2113 1762 obvia

1155 1787 1424 1828 Monachiensi
1450 1786 1728 1837 Christophori
1752 1784 1934 1825 Gewoldi
1957 1814 1964 1833 ,
1997 1786 2116 1824 4644.

1156 1852 1190 1890 4.
1221 1861 1409 1890 recusum
1440 1861 1518 1888 non
1566 1850 1619 1888 ita
1662 1848 1815 1900 pridem
1866 1849 1903 1886 in
1946 1848 2111 1886 Joannis

1154 1915 1256 1953 Petri
1287 1913 1491 1952 Ludewici
1522 1917 1619 1950 tom,
1648 1912 1684 1951 2.
1708 1912 1945 1962 scriptorum
1974 1911 2023 1949 de
2044 1922 2106 1950 re-

1153 1976 1229 2015 bus
1258 1975 1648 2025 Bambergensibus,
1681 1975 1784 2026 Lips.
1818 1973 1933 2013 4708.
1965 1974 2029 2012 fol.
2054 1974 2099 2012 il·

1153 2038 1221 2078 lud
1252 2040 1414 2089 inquam
1446 2038 1671 2078 Chronicon
1702 2038 1898 2087 incipiens
1927 2036 1976 2076 ab
2006 2035 2110 2075 Ada-

1155 2113 1241 2147 mo,
1268 2103 1307 2140 iu
1336 2101 1410 2140 An.
1444 2101 1559 2141 4491.
1591 2100 1752 2139 desinit.
1782 2099 1895 2139 Unde
1913 2110 2106 2150 perquam

1155 2164 1367 2216 probabilis
1396 2168 1459 2202 est
1488 2165 1716 2214 conjectura
1747 2162 1939 2213 praeclari
1970 2162 2111 2210 Vossii,

1155 2228 1222 2278 qui
1254 2227 1325 2265 hoc
1355 2226 1745 2276 Reichersbergense
1783 2224 2011 2264 Chronicou
2063 2223 2112 2262 ab

1156 2290 1357 2329 Aventino
1388 2290 1500 2328 innui
1531 2290 1772 2339 suspicatur.

1212 2355 1410 2405 Rupertus
1439 2350 1648 2392 MAGNUS
1686 2351 1807 2400 infra,
1856 2348 2119 2389 RUPERTUS

1164 2414 1391 2454 Tuz'tz'ensz's.

1212 2478 1419 2517 MAGNUS
1461 2476 1799 2528 Archiepiscopus
1847 2474 2121 2520 Senonensis,

1159 2540 1276 2590 cujus
1300 2538 1346 2578 de
1377 2539 1584 2591 Baplz‘smo
1617 2541 1810 2589 scriptum
1837 2548 1957 2575 manu
1982 2546 2120 2574 exara-

1162 2607 1249 2640 tum
1299 2601 1476 2651 Cangius
1511 2601 1684 2647 evoluit,
1723 2599 2120 2648 Archiepiscopatum

1161 2665 1285 2715 gessit
1310 2663 1358 2701 ab
1389 2664 1435 2701 A.
1467 2663 1556 2700 801.
1588 2662 1635 2700 ad
1668 2663 1758 2700 815.
1790 2660 1886 2699 Vide
1917 2659 2120 2698 Sammar-

1164 2726 1307 2765 thanos
1339 2729 1433 2762 tom.
1468 2726 1481 2763 4
1520 2736 1606 2775 pag.
1638 2724 1728 2762 619.

1219 2788 1424 2827 MAGNUS
1456 2786 1654 2834 Unnonis,
1679 2785 1895 2825 Monachus
1936 2784 2123 2833 Brigitta—

1161 2862 1238 2890 nus
1267 2855 1306 2889 et
1332 2850 1546 2890 Confessor
1573 2849 1769 2899 generalis
1790 2846 2118 2885 Wnstenensium

1160 2913 1466 2953 Coenobitarum
1499 2914 1535 2950 10
1568 2911 1735 2957 Svecia,
1780 2910 1997 2948 dofunctus
2043 2907 2119 2945 An.

1165 2975 1277 3014 411170.
1308 2976 1420 3015 Hunc
1451 2975 1617 3014 illustris
1647 2974 1790 3012 Ericus
1832 2971 2043 3010 Benzclius
2080 2971 2118 3008 in

1161 3040 1264 3078 notis
1293 3038 1339 3077 ad
1378 3038 1434 3076 .Ιο.
1481 3038 1655 3076 Vastovii
1697 3038 1818 3073 vitem
1867 3033 2119 3083 Aquiloniam

1159 3113 1245 3154 pog.
1272 3101 1332 3140 75.
1360 3105 1531 3139 testatur
1555 3104 1594 3137 ot
1620 3098 1728 3136 libris
1757 3096 1998 3143 utilissimis,
2019 3107 2110 3134 eru-

131 3262 319 3298 scopatum
342 3256 423 3297 plus
448 3257 564 3286 minus
595 3256 837 3296 quadraginta
856 3256 1007 3287 millium
1025 3266 1088 3286 an-
1146 3261 1294 3300 jactura
1309 3259 1527 3300 aoflnccibus
1547 3259 1713 3299 fortunae
1727 3258 1943 3297 ayitatus,in
1961 3257 2137 3289 Prassiae

133 3315 275 3338 reorum
299 3308 336 3338 in
360 3306 522 3346 sinqulos
548 3314 662 3338 anuos
679 3329 686 3343 ,
714 3309 747 3335 et
768 3315 840 3335 una
867 3315 944 3336 cum.
978 3306 1088 3346 fundo

132 3361 286 3396 paterno
312 3356 496 3388 asmiserit
513 3368 520 3386 ι
541 3354 643 3392 mins
661 3355 853 3394 (Ιίῃιιίῑιιιίε
866 3364 907 3387 ac
918 3356 1087 3387 honorum

1154 3311 1290 3343 Godana·
1314 3311 1373 3340 diu
1396 3310 1548 3341 tenuiter
1575 3309 1745 3339 vir-citans
1774 3308 1901 3339 lacuit.
