2517 4009
633 230 664 268 1)
686 231 715 269 Ε

82 315 216 345 emere
246 303 406 350 studet,
438 303 544 342 hunc
565 315 682 356 saepe
704 305 786 356 cogi
807 334 814 354 ‚
845 316 947 356 quae
970 317 1036 344 ne-

83 369 254 409 cessaria
286 371 395 412 sunt,
427 367 612 406 vendere.

135 430 211 471 Sed
242 442 333 469 cum
365 429 603 480 diligentes,
633 434 673 469 et
706 431 897 471 moderati
928 443 1036 471 sum-

83 498 176 546 ptus
206 493 353 532 multas
381 493 685 533 commoditates
717 495 752 532 in
784 506 826 533 se
862 497 1039 533 contine-

82 561 179 604 ant‚·
209 561 292 596 tum
325 567 419 594 vero
451 556 543 595 illud
579 557 614 594 in
662 558 799 606 primis
840 558 1038 606 all'erunt,

84 624 128 659 ut
157 623 223 658 tua
255 618 322 656 tibi
353 619 452 656 satis
482 619 588 662 sint,
620 630 692 657 nec
722 619 890 658 alienam
923 632 1038 670 opem

83 681 324 733 implorare,
353 686 422 720 aut
453 693 522 730 per
560 682 640 720 VIm
685 684 818 732 copias
862 682 1038 721 subdito-

85 755 172 784 rum
203 743 388 791 auferre,
429 755 530 794 quae
576 748 744 795 utraque
789 743 1036 783 detestabilia

84 809 205 852 sunt,
234 816 279 844 ac
310 807 554 855 perniciosa,
584 808 751 857 cogaris.
783 807 924 845 Multos
971 818 1042 846 au-

85 872 165 907 tem
197 866 410 910 videmus,
439 869 506 919 qui
538 869 645 907 nullo
677 867 791 907 modo
822 868 955 907 scelus
980 880 1039 907 ar·

84 929 308 978 bitrentur,
333 930 460 969 aliena
484 932 682 978 mutuari,
715 942 786 969 nec
810 942 854 969 ea
879 933 1040 971 restitu-

83 1003 176 1035 ere,
205 996 276 1031 aut
304 993 335 1031 si
368 994 609 1040 restituant,
642 993 703 1031 vel
729 1004 817 1031 sero
846 994 879 1031 id
907 999 1040 1042 agant,

84 1055 147 1094 vel
178 1059 290 1106 parte
332 1060 501 1094 retenta.
547 1055 622 1094 Sed
670 1056 846 1106 profecto
890 1056 1040 1095 alienas

85 1119 274 1169 pecunias
302 1119 509 1167 accipere,
540 1122 579 1156 et
609 1129 676 1155 eas
706 1130 924 1169 numquam
958 1119 1043 1157 red-

85 1180 205 1228 dere,
235 1178 331 1230 quid
361 1179 466 1218 aliud
497 1181 717 1219 existimari
748 1181 890 1227 debet,
921 1193 1039 1231 quam

85 1247 218 1282 tutum
248 1241 446 1292 quoddam
480 1244 665 1293 rapinae,
696 1254 740 1281 ac
767 1244 857 1282 furti
883 1242 1043 1293 genus?

85 1304 143 1344 Ad
175 1310 399 1344 extremum
431 1311 565 1346 autem
597 1305 820 1344 subsidium
852 1317 898 1344 eo
942 1310 1042 1344 tem-

87 1379 179 1418 pore
209 1367 419 1407 dumtaxat
438 1367 749 1418 confugiendum
776 1373 850 1417 est3
882 1379 959 1418 quo
985 1380 1045 1406 re-

87 1431 246 1482 pentina
279 1431 458 1470 fortunae
489 1431 550 1468 vis
578 1431 734 1480 aliqua,
759 1435 911 1469 tantam
935 1441 1044 1469 surn-

87 1503 192 1531 mam
237 1493 438 1543 postulat,
480 1498 672 1543 quantam
717 1504 766 1530 ex
812 1498 906 1540 tuo,
953 1494 1044 1543 quia

87 1555 184 1593 forte
215 1554 390 1593 nondum
421 1560 560 1594 exacta
592 1556 673 1592 sint
716 1555 950 1601 vectigalia,
981 1567 1046 1605 pa-

87 1628 173 1656 rare
205 1629 382 1668 nequas3
413 1617 460 1657 ad
493 1628 593 1668 quos
630 1622 762 1656 tamen
810 1629 929 1656 casus
976 1618 1044 1656 ali-

85 1679 178 1731 quid
226 1683 418 1731 pecuniae
461 1682 681 1731 sepositum
728 1691 818 1719 esse
862 1685 1043 1730 oportere

85 1755 204 1794 supra
233 1743 495 1783 ostendimus.
526 1745 638 1782 Tunc
667 1745 786 1782 etiam
828 1743 1043 1793 petendum

87 1807 254 1846 fortasse
282 1807 577 1852 concesserim,
608 1817 699 1845 cum
733 1805 794 1844 vel
828 1806 927 1843 lines
973 1807 1044 1843 im-

85 1870 180 1920 perii
212 1871 414 1920 emptione
443 1869 661 1916 dilatandi,
693 1869 754 1907 vel
788 1869 950 1919 praedii,
975 1873 1044 1907 aut

87 1933 230 1972 domus
258 1931 573 1984 comparandae,
605 1931 733 1970 oblata
766 1931 884 1969 suerit
905 1942 1044 1981 oppor-

88 1997 265 2046 tunitas;
297 2001 340 2035 ut
363 1996 520 2045 petendi
539 1995 673 2048 justa,
699 1999 739 2032 et
763 1999 900 2044 aperta
922 2005 1040 2032 causa

86 2059 253 2098 subesse
284 2058 479 2098 videatur.
510 2060 609 2097 Cum
644 2069 737 2096 vero
779 2056 1041 2108 profundendi

87 2122 292 2162 temeritas
322 2122 358 2159 in
391 2133 478 2159 eam
511 2125 547 2160 te
595 2121 876 2171 negligentiam
920 2119 1044 2159 addu-

86 2187 216 2232 xerit,
248 2189 291 2224 ut
319 2184 469 2223 alienas
508 2195 604 2234 opes
650 2195 785 2233 rogare
830 2187 1038 2232 oporteat,

87 2250 271 2290 facillime
306 2247 493 2286 omnibus
524 2247 749 2297 patefacies‚
782 2251 1040 2296 posteaquam

85 2318 176 2353 tuas
205 2311 415 2351 facultates
444 2311 675 2351 attriveris.
709 2309 811 2347 velle
837 2310 955 2346 etiam
983 2318 1043 2345 re·

86 2377 282 2426 IIquorum
322 2373 537 2411 insontium
583 2371 682 2409 bona
729 2371 926 2421 perditum
974 2371 1041 2408 ire.

84 2437 184 2486 Quid
217 2437 324 2475 enim
357 2435 548 2485 profuerit
578 2438 875 2482 temperanter,
908 2432 1041 2471 mode-

91 2506 254 2551 rateque
284 2500 432 2538 vixisse
451 2528 460 2546 ‚
497 2504 536 2535 et
567 2499 619 2536 rel
653 2498 854 2537 fan‘iiliaris
884 2496 1043 2535 habuis-

86 2577 130 2604 se
167 2564 386 2608 rationem;
418 2562 449 2600 si
481 2572 552 2606 ea,
582 2572 683 2611 quae
717 2560 911 2610 parcendo
955 2573 1042 2600 cor-

88 2628 283 2673 raserint,
312 2626 463 2665 alienae
494 2623 686 2662 stultitiae
734 2622 906 2660 vivendo
948 2634 1042 2661 con-

88 2687 286 2730 sumant?
314 2688 394 2728 Aut
423 2685 515 2737 quid
548 2686 667 2724 animi
708 2685 867 2724 tandem
910 2686 1039 2725 credis

88 2754 146 2791 eis
175 2752 375 2799 suturam,
405 2750 470 2800 qui
503 2748 827 2798 locupletioribus
854 2753 1038 2787 mutuum

88 2814 232 2862 dando,
253 2814 326 2853 hoo
345 2814 531 2853 amittere
556 2822 643 2850 sese
669 2811 911 2861 intelligant3
935 2810 1040 2861 quod

89 2878 322 2929 saepissime
351 2878 511 2928 genium
539 2885 655 2914 suum
683 2873 967 2912 defraudantes
991 2885 1038 2912 cx

90 2940 340 2979 tenuissimis
370 2938 624 2978 facultatibus
655 2936 918 2985 superlucrari
959 2940 1042 2975 stu-

90 2999 284 3042 duerint?
320 3000 428 3040 Haec
453 3002 570 3045 igitur
596 2999 724 3037 omnia
751 2999 841 3035 vitia
870 2998 1042 3036 sustule-

93 3065 156 3112 rit,
179 3067 245 3115 qui
272 3065 308 3102 in
340 3063 560 3102 redditibus
590 3060 874 3100 distribuendis
898 3060 1043 3098 medio-

92 3128 272 3166 critatem
304 3127 502 3173 servabit,
534 3124 839 3173 rnodestumque
869 3133 958 3160 sese
994 3123 1040 3161 ad

94 3200 234 3228 omnes
276 3191 478 3241 impensas
521 3187 734 3238 praebebit.
781 3187 858 3224 Nec
903 3197 1039 3235 parum

94 3253 212 3291 etiam
244 3253 281 3291 in
312 3263 357 3292 ea
390 3264 430 3291 re
459 3251 614 3290 civibus
643 3248 825 3298 exemplo
857 3246 1044 3298 proderit,

95 3315 160 3366 qui
190 3326 282 3355 cum
309 3317 356 3354 iis
381 3315 555 3354 moribus
575 3314 800 3351 institutum
827 3321 917 3349 esse
942 3311 1043 3360 prin·

95 3378 224 3429 cipem
254 3378 502 3430 intelligent;
535 3377 605 3427 ipsi
637 3386 795 3425 quoque
818 3373 935 3412 rebus
960 3373 1044 3411 suis

93 3439 334 3484 consulent:
366 3445 404 3479 ct
435 3452 477 3478 50
513 3437 751 3488 locupletare
796 3434 1048 3481 studebunt;

763 231 1140 271 PRINCIPIS
1187 232 1520 273 OFFICIIS

1994 235 2070 277 659

1114 320 1185 348 nec
1217 311 1401 346 metuent
1430 306 1591 346 divitias
1622 309 1850 354 ostentare,
1881 320 1982 360 quas
2020 310 2069 349 ibi

1108 372 1316 419 occulere,
1360 376 1401 409 et
1445 370 1698 410 dissimulare
1741 377 2064 422 consueverunt,

1110 436 1174 475 ubi
1206 447 1274 474 eas
1303 447 1321 474 a
1355 435 1530 484 principe
1560 438 1739 478 rogatum
1773 434 1827 472 ire
1865 436 2074 483 suspican-

1112 504 1188 537 tur.
1219 497 1413 548 Quicquid
1446 507 1538 544 ergo
1567 496 1755 546 deinceps
1796 497 1868 536 sibi
1911 509 2074 548 compa-

1114 562 1286 610 rabunt,
1319 560 1482 609 principi
1515 571 1586 598 suo
1616 564 1826 608 acceptum
1859 561 2045 600 referant.

1166 625 1377 663 Caeterum
1398 652 1406 663 ,
1432 626 1475 662 ut
1505 623 1526 659 ii
1562 622 1731 660 maxima
1758 622 2067 671 reprehensione

1112 686 1217 733 digni
1249 690 1369 730 sunt,
1401 686 1465 735 qui
1499 684 1573 723 sub
1603 684 1761 721 nomine
1788 686 1914 723 mutui
1938 686 2067 725 aliena

1113 750 1298 797 rapiunt3
1331 750 1381 785 ita
1412 749 1530 785 etiam
1563 746 1824 784 vehementer
1848 748 2071 796 improban-

1114 810 1150 849 di
1182 812 1247 861 qui
1278 822 1369 850 cum
1401 821 1517 858 egere
1546 810 1774 858 coeperint,
1808 820 1882 846 non
1915 820 1958 848 ea
1981 811 2069 860 qui-

1114 872 1202 911 dem
1237 872 1395 923 petendi
1428 873 1489 910 via
1521 876 1785 921 grassantum
1816 870 1886 908 sed
1919 872 1955 908 in
1989 872 2070 911 fisci

1114 935 1285 975 latebras
1316 946 1406 973 sese
1436 935 1706 981 immergunt3
1737 938 1776 971 et
1804 932 1894 970 inde
1918 933 2070 973 obsole-

1113 1002 1150 1036 ta
1177 997 1286 1048 jam,
1330 1002 1370 1035 et
1413 996 1622 1047 antiquata
1665 994 1783 1046 jura,
1833 994 2068 1046 tabulasque

1113 1062 1266 1099 curiose
1297 1059 1532 1105 indagatas,
1565 1069 1672 1097 more
1702 1058 1948 1106 egentissimi
1993 1058 2074 1096 fae-

1115 1124 1308 1161 neratoris
1337 1126 1508 1161 eruunt:
1540 1126 1580 1159 et
1605 1121 1634 1158 si
1662 1119 1753 1170 quid
1779 1121 1879 1158 nacti
1903 1120 2069 1166 fuerint,

1115 1185 1221 1224 unde,
1251 1185 1427 1223 aviditati
1461 1194 1557 1223 suae
1589 1183 1759 1221 fomenta
1792 1181 2072 1232 suppeditent,

1115 1248 1368 1298 pertinaciter
1400 1247 1434 1284 id
1467 1244 1798 1296 apprehendunt3
1824 1249 1864 1282 et
1889 1249 1931 1283 ut
1959 1245 2064 1283 locu-

1117 1311 1358 1360 pletissimos
1389 1311 1559 1360 quisque
1591 1307 1774 1354 videtur,
1807 1308 1856 1344 ita
1885 1307 2066 1356 plurima,

1117 1377 1156 1411 et
1186 1384 1377 1423 persaepe
1408 1372 1610 1410 levissima
1641 1370 1805 1408 crimina
1831 1370 1864 1407 ci
1886 1368 2077 1418 objiciun-

1119 1440 1208 1481 tur;
1240 1446 1382 1484 operae
1413 1435 1584 1484 pretium
1616 1437 1678 1470 est
1707 1437 1804 1470 tunc
1837 1431 1997 1480 videre3
2027 1431 2076 1470 ab

1117 1498 1228 1543 aliis,
1259 1498 1325 1547 qui
1357 1501 1449 1535 ante
1481 1497 1532 1534 rei
1564 1497 1730 1534 Divinae
1761 1498 1922 1543 tempus
1947 1494 2076 1533 haesi-

1117 1561 1317 1598 taverint:
1348 1559 1396 1598 ab
1421 1559 1508 1597 aliis
1533 1560 1598 1609 qui
1625 1559 1661 1595 in
1686 1558 1902 1596 amicorum
1935 1569 2070 1596 aurem

1119 1624 1505 1669 insusurraverunt3
1537 1625 1606 1659 aut
1635 1620 1683 1658 ab
1720 1619 1985 1671 hujusmodi,
2028 1621 2079 1658 ri—

1119 1685 1270 1723 diculas
1320 1684 1545 1723 calumnias
1596 1681 1767 1731 grandes
1818 1684 2075 1731 pecuniarum

1119 1758 1299 1786 summas
1329 1746 1562 1795 efflagitari,
1593 1756 1694 1794 quae
1726 1745 1757 1782 si
1779 1745 1893 1783 aliter
1917 1745 2076 1783 solven-

1117 1809 1166 1848 do
1197 1820 1275 1847 non
1309 1810 1417 1849 sint,
1446 1807 1492 1846 ad
1525 1807 1811 1856 supellectilis,
1836 1811 1875 1845 et
1901 1808 2075 1858 praedio·

1116 1885 1203 1912 rum
1235 1871 1488 1909 venditiones
1519 1871 1830 1919 compelluntur.
1859 1871 1939 1909 Eas
1965 1870 2074 1910 dein-

1116 1935 1163 1973 de
1195 1936 1384 1985 pecunias
1405 1933 1630 1971 Inconsulta
1647 1934 1832 1983 princeps
1848 1933 2068 1984 dissipabit.

1117 2010 1161 2037 ac
1184 1996 1406 2047 profundet,
1430 1996 1523 2034 nihil
1550 1996 1783 2034 existimans
1807 2001 1958 2046 quanto
1978 2008 2070 2036 cum

1118 2061 1261 2105 labore,
1288 2060 1537 2109 miseriisque
1564 2058 1716 2096 illorum
1745 2063 1878 2108 partae
1905 2059 2072 2098 fuerint:

1118 2128 1157 2161 et
1185 2121 1360 2173 quotidie
1390 2121 1504 2160 modo
1532 2122 1567 2158 in
1596 2120 1727 2166 hunc,
1754 2120 1868 2159 modo
1899 2122 1936 2159 in
1964 2122 2073 2161 illum

1118 2196 1243 2224 novas
1263 2189 1394 2223 struet
1420 2183 1605 2223 insidias:
1633 2186 1741 2234 prius
1768 2195 1940 2235 namque
1966 2184 2071 2224 unde

1116 2252 1365 2296 extorqueat,
1391 2246 1508 2284 linem
1531 2247 1695 2291 invenit,
1714 2257 1832 2296 quarn
1853 2257 1948 2285 suas
1963 2247 2074 2296 cupi-

1116 2309 1259 2347 ditates
1282 2309 1503 2346 refraenare
1529 2310 1665 2358 possit.
1690 2309 1816 2354 Quam
1839 2308 2073 2347 diuturnum

1115 2378 1247 2410 autem
1267 2372 1443 2409 futurum
1465 2372 1517 2409 sit
1543 2371 1615 2409 hoc
1643 2372 1851 2420 imperium
1883 2376 1963 2409 tam
1991 2371 2076 2408 avi-

1116 2433 1224 2479 dum,
1255 2438 1374 2483 atque
1406 2433 1637 2480 violentum,
1666 2435 1756 2484 quis
1785 2437 1858 2478 est,
1889 2433 1957 2483 qui
1990 2443 2065 2470 non

1116 2496 1248 2533 videat
1264 2495 1284 2534 ⁶?
1301 2497 1394 2534 Nam
1414 2496 1522 2533 brevi
1544 2497 1719 2544 optimus
1743 2495 1913 2545 quisque
1935 2498 2003 2532 aut
2028 2495 2064 2532 in

1114 2561 1210 2600 alias
1240 2561 1420 2606 regiones
1452 2559 1661 2609 migrabit3
1692 2562 1760 2596 aut
1799 2568 1876 2606 qua
1923 2557 2072 2595 ratione

1116 2629 1268 2664 mutare
1300 2625 1470 2673 Regem,
1501 2627 1541 2659 et
1569 2632 1615 2659 eo
1655 2625 1762 2659 metu
1808 2620 1976 2658 liberare
2027 2630 2070 2658 se

1114 2692 1257 2739 queat,
1288 2688 1477 2725 rationem
1510 2684 1630 2723 inibit.
1662 2683 1747 2730 Quo
1776 2684 1878 2721 cirea
1902 2694 1977 2720 non
2005 2687 2062 2721 te-

1116 2762 1222 2790 mere
1251 2749 1416 2795 dicitur3
1449 2748 1511 2787 ubi
1547 2758 1718 2797 aequum
1765 2747 1893 2795 vigeat
1938 2746 2065 2796 impe·

1113 2814 1238 2860 rium,
1271 2812 1317 2850 ibi
1350 2812 1486 2849 llorere
1518 2809 1658 2854 urbes,
1689 2813 1728 2846 et
1770 2809 1917 2847 civium
1962 2818 2057 2857 opes

1113 2887 1304 2914 crescere.
1335 2875 1479 2913 Contra
1510 2872 1572 2910 ubi
1606 2872 1640 2907 vi
1667 2874 1830 2917 agatur,
1857 2870 1906 2908 ibi
1931 2872 2061 2908 omnia

1116 2939 1153 2976 in
1183 2937 1359 2976 deterius
1391 2946 1532 2973 ruere:
1565 2944 1609 2972 ac
1639 2933 1821 2970 celeriter
1858 2941 2074 2970 evanesce-

1116 3013 1167 3039 re.
1200 3001 1295 3039 Nam
1328 2999 1357 3035 si
1398 2997 1544 3035 malum
1597 2996 1770 3033 vicinum
1818 2994 1918 3032 ferre
1964 2993 2073 3031 nolu-

1117 3073 1231 3109 mus3
1262 3058 1458 3110 quomodo
1490 3057 1651 3096 tandem
1685 3057 1879 3108 injustum
1925 3055 2068 3105 prInci-

1117 3135 1204 3175 pem
1236 3132 1362 3172 aequo
1392 3121 1524 3159 animo
1555 3120 1755 3159 feremus.
1785 3119 1850 3168 qui
1892 3127 1966 3155 non
2010 3127 2072 3155 so-

1118 3187 1197 3225 lum
1230 3184 1328 3221 bona
1355 3182 1462 3220 nobis
1483 3182 1661 3231 eripere;
1695 3179 1762 3218 sed
1790 3181 1908 3218 etiam
1931 3180 1966 3217 in
1990 3189 2074 3217 car-

1118 3257 1247 3286 cerem
1280 3255 1350 3283 nos
1381 3243 1584 3282 retrudere
1606 3242 1787 3280 facillime
1809 3238 1974 3291 potest?
1999 3241 2071 3280 Ne-

1120 3311 1211 3348 maii
1227 3319 1319 3353 ergo
1335 3309 1477 3345 mirum
1495 3316 1584 3343 esse
1605 3304 1735 3349 debet,
1751 3305 1781 3342 si
1802 3309 2065 3354 tyrannorum

1120 3372 1206 3410 odio
1222 3371 1385 3420 patriam
1406 3369 1586 3419 sugentes
1607 3367 1758 3418 aliquos
1783 3367 1819 3404 in
1842 3365 2071 3412 abstrusas,

1127 3432 1544 3481 reconditissimasque
1566 3430 1790 3481 provincias
1815 3439 1903 3467 sese
1929 3428 2073 3469 abdere
