2533 4009
470 243 549 279 366

471 313 579 347 zoni>=
598 311 677 360 jain
710 306 984 346 memorandae
1010 306 1208 348 scribitur,
1236 309 1336 344 vixit
1351 309 1424 345 cir-

469 383 512 409 ca
552 384 583 408 a.
630 369 739 408 1115.
785 377 862 415 quo
898 371 1073 415 tempore
1105 366 1245 404 Leodio
1290 368 1424 417 fugere

467 438 505 470 et
527 431 626 481 apud
650 428 872 468 Kiclierium
900 427 1113 473 Abbatem,
1139 429 1422 477 nescioquem,

468 505 536 541 per
567 501 726 528 menses
754 493 842 525 octo
881 487 1116 526 delitescere
1144 493 1307 527 coactus
1338 489 1421 527 fuit.

468 554 590 600 liujus
635 551 753 599 igitur
797 548 965 598 hospitis
1009 560 1132 588 suasu
1187 549 1329 587 librum
1377 549 1423 588 (le

473 612 554 649 l'ila
573 609 789 661 „senonica
819 610 1084 659 conseripsit,
1116 622 1235 660 quein
1276 612 1311 648 in
1351 611 1423 650 Co-

464 674 547 711 dice
586 673 814 710 monasterii
857 672 1048 710 Alneusis
1087 673 1212 711 oculis
1257 683 1423 722 usurpa-

461 737 517 771 vit
547 735 603 771 ,10.
647 733 924 780 Mabillonius‚
970 739 1085 784 prout
1133 735 1168 771 in
1217 735 1421 772 Analectis

462 808 544 845 pag.
583 795 672 834 tJ3.
717 800 902 834 testatur.
949 796 1058 834 llunc
1098 797 1228 846 ipsum
1276 796 1420 833 librum

460 857 623 895 wazoni
663 858 782 895 Priori
814 858 854 895 S.
880 857 1014 894 Jacobi
1043 856 1275 895 Leodieusis
1301 857 1422 894 mittit

459 918 738 963 helmbaldus,
770 929 944 968 rogans,
977 923 1020 956 ut
1053 918 1102 955 illi
1137 928 1300 956 manum
1334 918 1423 956 ulti-

459 992 562 1018 mam
608 980 846 1027 admoveat,
878 984 918 1016 et
962 979 1195 1029 corrigenda
1235 980 1420 1029 corrigat.

463 1043 583 1080 Wazo
629 1053 721 1080 vero
768 1041 946 1079 modeste
978 1040 1218 1091 respondet,
1249 1051 1292 1078 se
1323 1040 1421 1078 nihil

459 1104 628 1150 habere,
654 1102 757 1152 quod
784 1102 903 1140 addat
931 1102 992 1140 vel
1018 1102 1236 1150 emendet,
1263 1103 1333 1141 scd
1359 1113 1427 1152 po-

457 1166 537 1203 tiu<
559 1165 809 1214 gratulatur:
826 1165 889 1202 cui
914 1163 1169 1202 Reimbaldus
1192 1165 1316 1203 altera
1342 1166 1425 1216 epi-

458 1227 554 1264 stola
588 1226 814 1276 respondet·
842 1227 940 1263 Tres
965 1225 1053 1263 illas
1077 1227 1267 1276 epistolas
1298 1227 1423 1276 (duas

457 1293 612 1327 [auitum
651 1288 938 1326 observaverat
969 1288 1246 1338 illabillonius)
1278 1301 1324 1327 ex
1357 1301 1422 1328 eo-

455 1350 543 1389 dem
577 1350 720 1388 Codice
746 1350 910 1388 Alnensi
941 1349 1154 1388 ediderunt
1183 1352 1357 1389 Martene
1382 1356 1422 1389 et

458 1411 618 1450 Durand
670 1413 706 1448 in
752 1411 956 1450 Thesauro
991 1423 1093 1450 novo
1123 1412 1418 1451 Anecdotorum

458 1479 551 1511 tom.
584 1475 609 1511 l.
642 1485 713 1523 pag
773 1474 850 1511 338
886 1484 969 1522 seq.
1002 1473 1099 1523 lijus
1130 1475 1330 1513 Stromata
1360 1475 1420 1513 bis

455 1534 602 1575 adsunt
635 1537 670 1572 in
705 1534 802 1573 Bibl.
835 1534 1034 1573 Vaticana.
1070 1537 1184 1573 Bern.
1217 1536 1265 1574 de
1295 1538 1420 1574 Mont—

457 1597 596 1635 saucon
631 1596 712 1634 Bib.
741 1596 835 1634 Bibl.
862 1598 965 1635 MSS.
990 1607 1076 1646 pag.
1101 1597 1191 1636 101.
1215 1598 1304 1636 138.
1330 1599 1416 1636 Ver-

453 1668 522 1696 sus
553 1658 591 1695 in
621 1658 741 1695 vitam
785 1658 824 1696 S.
872 1657 1009 1708 Majolt
1053 1663 1193 1696 extant
1239 1660 1275 1696 in
1307 1661 1419 1698 Actis

454 1722 689 1758 Sanctorum
722 1724 827 1756 tomo
854 1720 900 1757 ll.
931 1720 1017 1766 Maji
1050 1731 1135 1770 pag.
1170 1721 1259 1773 668.

511 1781 775 1827 REINERUS,
801 1781 889 1818 aliis
913 1783 1090 1820 Renerus
1106 1813 1116 1829 ,
1139 1783 1322 1821 Nomium
1344 1785 1416 1821 Re-

455 1855 594 1882 nerum
619 1849 733 1881 vocat
759 1843 893 1881 Codex
919 1844 994 1882 MS.
1022 1849 1125 1882 teste
1151 1846 1415 1896 Papebrochio

458 1911 552 1943 tom.
585 1906 630 1943 Vl
664 1905 750 1954 Maii
784 1916 819 1954 p.
851 1906 942 1943 724.
969 1911 1087 1945 natus
1117 1918 1148 1944 3.
1183 1908 1298 1946 1155.
1327 1911 1416 1958 post

455 1978 581 2005 annos
619 1968 757 2017 viginti
790 1967 914 2005 ordini
947 1968 984 2006 S.
1017 1968 1219 2007 Benedicti
1271 1981 1415 2009 nomen

458 2028 566 2066 dedit
599 2029 634 2066 in
668 2029 908 2067 monasterio
939 2030 975 2067 S.
1007 2031 1202 2068 Laurentii
1229 2031 1418 2070 Leodien-

458 2092 536 2137 sis⁷
568 2092 728 2128 Romam
780 2095 923 2140 quater
975 2083 1206 2141 profectus,
1235 2105 1269 2131 a.
1301 2093 1416 2132 1197.

460 2153 687 2190 monasterii
719 2153 779 2190 sui
813 2153 920 2190 Prior
949 2153 1129 2201 electuS,
1159 2165 1192 2192 3,
1226 2155 1342 2194 1215.
1368 2155 1416 2194 3(1

460 2216 726 2252 Lateranense
756 2213 974 2252 Concilium
1009 2221 1174 2254 vocatus
1204 2222 1292 2265 est,
1323 2218 1418 2255 obiit

460 2288 496 2313 a.
529 2276 640 2314 1230.
673 2276 840 2325 scripsit
884 2276 1035 2324 multa,
1066 2288 1237 2327 quorum
1283 2291 1419 2318 recen-

461 2350 548 2376 sum
583 2340 664 2388 ipse
696 2340 767 2376 init
799 2338 896 2377 libro
927 2340 973 2377 11.
998 2339 1046 2378 de
1071 2340 1190 2378 claris
1219 2342 1420 2392 scriptori-

459 2401 531 2438 bus
563 2402 792 2439 monasterii
829 2403 906 2440 sui.
938 2403 1017 2440 Nos
1048 2404 1221 2453 primum
1253 2415 1420 2442 enumc—

460 2463 660 2510 rabimus,
691 2475 793 2513 quae
826 2465 933 2514 typis
963 2470 1059 2503 sunt
1080 2465 1196 2503 edila.

516 2527 547 2562 1.
581 2525 693 2563 Vitae
723 2525 975 2576 quorundam
1006 2527 1295 2579 Episcoporum
1328 2531 1420 2567 Leo-

459 2585 653 2624 ‹liensium
682 2588 730 2625 ab
760 2600 792 2626 a.
827 2589 941 2627 4494.
973 2589 1020 2627 ad
1054 2590 1170 2629 1230.
1197 2603 1246 2630 ex
1272 2592 1419 2642 quibus

461 2650 580 2686 (lesia
605 2652 633 2688 S
672 2648 876 2688 Lamberti
894 2650 1016 2690 edidit
1037 2652 1093 2690 Jo.
1120 2653 1418 2704 chapeavillius

460 2716 552 2748 tom.
587 2712 597 2749 1
631 2714 772 2761 script.
802 2715 1076 2752 Leodiensium
1103 2726 1139 2764 p.
1167 2716 1255 2754 444.
1295 2716 1419 2754 Vitam

468 2772 742 2821 Wolbodom‘s7
772 2786 850 2824 qua
881 2776 983 2814 idem
1034 2788 1132 2815 usus
1173 2781 1260 2824 est,
1285 2778 1418 2816 edide-

461 2841 553 2874 runt
597 2837 929 2886 Antwerpienses
961 2840 997 2876 in
1030 2839 1142 2876 Actis
1180 2839 1357 2878 Sanctor.
1389 2845 1416 2878 t.

461 2899 489 2935 ll
524 2899 645 2948 April.
678 2911 764 2949 pag.
796 2900 886 2938 8337.
916 2905 956 2937 et
985 2901 1235 2939 Mabillonius
1282 2903 1418 2940 seculo

464 2961 520 2997 11.
552 2961 809 3000 Rom-dicimo
853 2967 951 3011 part.
984 2963 1009 3000 1.
1043 2974 1129 3013 pag.
1161 2962 1248 3001 171.
1294 2963 1418 3001 Vitam

462 3021 689 3069 Fretlerici,
723 3024 992 3062 Bollandistae
1024 3030 1119 3062 tom.
1151 3024 1199 3063 Vl
1233 3025 1332 3075 Maji.
1379 3037 1414 3075 p.

462 3084 549 3121 725.
581 3085 706 3123 Aliam
752 3086 934 3137 ejusdem
979 3088 1155 3126 Martene
1186 3092 1225 3124 et
1255 3077 1415 3126 Durand

463 3145 610 3182 (Lollect
653 3149 829 3197 ampliss.
864 3153 955 3186 tom.
987 3150 1033 3187 lV
1065 3161 1100 3200 p.
1134 3149 1250 3189 1023.
1278 3151 1418 3188 Pezius

463 3204 570 3241 «li-dit
601 3207 682 3243 loeo
712 3210 869 3248 citando
901 3223 935 3260 p.
969 3211 1055 3250 167.
1093 3212 1216 3250 Vitam
1243 3213 1282 3251 S.
1310 3211 1419 3262 11891-

466 3264 588 3301 nardi
617 3269 794 3315 AEgirlius
824 3271 872 3309 de
918 3272 1045 3311 Aurea
1090 3273 1192 3311 valle
1233 3274 1418 3313 historiae

468 3336 562 3362 suar·
598 3328 798 3367 Leodiensi
824 3333 870 3369 ail
897 3335 1060 3373 verbum
1090 3336 1266 3385 inseruit,
1293 3341 1328 3374 et
1353 3348 1420 3375 ex-

1265 238 1651 276 REINERUS

1498 314 1579 347 stat
1608 314 1702 347 tom.
1735 310 1764 347 ll
1797 312 2042 361 Scriptorum
2088 309 2364 349 Lcodiensium
2410 322 2445 361 p.

1502 371 1588 408 167.
1620 370 1907 410 Praefationem
1950 384 2046 411 vero
2075 372 2123 411 ab
2153 372 2217 410 illo
2259 371 2449 410 omissam

1497 430 1709 469 ediderunt
1733 432 1908 470 Martene
1932 438 1972 471 et
1994 433 2150 473 Durand
2177 433 2340 472 Collect.
2370 443 2453 471 am-

1497 492 1607 541 pliss.
1639 497 1733 530 tom.
1765 494 1778 531 l
1811 504 1895 543 pag.
1930 495 2021 533 961.
2056 494 2182 534 Vitam
2212 492 2367 532 Eraclii
2386 493 2454 532 de-

1496 553 1553 590 dit
1583 554 1722 591 l'ezius
1753 553 1870 591 Thes.
1904 556 2055 592 noviss.
2084 555 2380 594 Anecdotorum
2424 558 2450 592 t.

1498 616 1544 653 lv
1579 619 1676 665 part.
1710 617 1745 653 3.
1777 626 1814 664 p.
1849 614 1936 654 455.

1549 678 1584 715 2.
1618 677 1673 715 De
1701 676 1878 716 adventu
1906 676 2174 728 reliquiarum
2198 678 2244 716 B.
2268 675 2454 717 Lamber-

1497 739 1527 776 ti
1554 741 1675 778 Roma
1707 738 1916 786 Lemiium,
1947 750 2133 776 sermone
2163 739 2290 790 ligato.
2318 738 2454 778 Edidit

1498 802 1637 839 Pezius
1669 802 1695 838 1.
1727 813 1760 839 c.
1789 812 1823 850 p.
1857 800 1945 839 121.
1979 800 1981 806 ’

1553 863 1587 899 3.
1625 860 1875 913 Triumphale
1919 859 2192 908 Budenicum,
2231 862 2317 900 sive
2360 873 2456 912 quo-

1499 922 1613 960 modo
1644 923 1821 962 Ecclesia
1854 923 2084 962 Leodiensis
2114 923 2368 962 Bullionense
2393 934 2458 962 ca-

1497 989 1625 1022 strum
1658 987 1864 1034 receperit.
1896 985 2040 1023 ibidem
2073 996 2109 1035 p.
2143 985 2231 1023 129.

1552 1046 1587 1085 [ι.
1621 1047 1675 1084 De
1699 1045 1824 1085 claris
1853 1044 2118 1096 scriptoribus
2144 1046 2377 1086 monasterii
2412 1047 2454 1086 S.

1501 1108 1710 1148 Laurentii
1737 1107 1972 1147 Leodiensis.
2006 1107 2148 1146 ibidem
2182 1119 2217 1157 p.
2251 1108 2312 1148 17.

1553 1172 1588 1208 5.
1620 1171 1676 1208 De
1705 1181 1803 1208 casu
1843 1168 2026 1221 fulminis
2069 1179 2192 1220 super
2235 1168 2456 1209 Ecclesiam

1499 1231 1732 1270 monasterii
1758 1230 1845 1278 sui,
1878 1243 1913 1269 a.
1945 1231 2062 1270 1182.
2095 1230 2238 1270 ibidem
2270 1242 2306 1281 p.
2339 1230 2428 1270 187.

1550 1296 1584 1331 6.
1616 1291 1790 1332 Libellus
1820 1291 2103 1340 dedicationis,
2133 1303 2255 1343 super
2297 1291 2456 1332 dedica-

1496 1358 1601 1394 tione
1634 1356 1863 1394 monasterii
1895 1355 1970 1394 sui.
2003 1354 2145 1393 ibidem
2178 1366 2213 1404 p.
2245 1353 2333 1393 197.

1550 1420 1586 1456 7.
1626 1417 1731 1456 Vitae
1752 1420 1792 1455 S,
1824 1414 2035 1456 Tlieobaldi
2056 1415 2258 1455 Eremitae
2281 1418 2319 1454 et
2340 1413 2453 1454 Pela-

1490 1480 1606 1531 yiae7
1631 1491 1801 1530 quarum
1831 1479 2096 1529 praefationes
2121 1477 2334 1516 ediderunt
2356 1478 2455 1516 Mar-

1495 1548 1585 1581 tene
1618 1547 1658 1579 et
1689 1540 1849 1579 Durand
1894 1540 2056 1579 Collect.
2087 1539 2267 1590 ampliss.
2298 1542 2394 1578 tom.
2423 1539 2451 1578 1.

1494 1615 1580 1654 pag.
1614 1603 1703 1641 960.

1547 1668 1582 1703 8.
1613 1665 1874 1704 continuavit
1903 1663 2127 1702 Historiam
2150 1661 2386 1701 monasterii
2410 1662 2450 1702 S.

1496 1726 1709 1765 Laurentii
1731 1724 1978 1772 Leodt'ensis,
2008 1723 2113 1775 quod
2144 1725 2345 1774 Rupertus
2375 1725 2452 1762 Tu-

1494 1790 1647 1827 iliensis
1667 1788 1938 1835 inchoaverat,
1959 1786 2007 1825 ab
2031 1797 2136 1825 anno
2157 1787 2314 1824 circiter
2336 1785 2453 1824 1120.

1496 1852 1610 1889 1216.
1643 1849 1789 1887 editam
1821 1849 1870 1887 ab
1902 1847 2040 1886 iisdem
2074 1852 2102 1885 t.
2132 1847 2180 1886 lV
2213 1857 2248 1896 p.
2280 1846 2398 1886 1033.

1548 1913 1584 1949 9.
1626 1912 1887 1950 Continuavit
1932 1920 2046 1960 porro
2092 1906 2295 1947 Lamberli
2328 1907 2455 1960 parvi

1495 1973 1717 2014 chronicon
1745 1972 1794 2010 ab
1823 1983 1856 2010 3.
1902 1972 2019 2010 1194.
2063 1971 2179 2010 1230.
2221 1970 2271 2009 ab
2315 1969 2455 2008 iisdem
2528 2013 2533 2016 ,

1493 2035 1729 2086 productum
1762 2037 1858 2071 tom.
1891 2034 1918 2071 V
1951 2044 1986 2083 p.
2021 2035 2056 2072 1.

1548 2097 1608 2135 10.
1636 2096 1681 2133 In
1706 2105 1844 2133 novem
1865 2091 2171 2132 Antenatalitias
2195 2092 2453 2145 Antiphonas,

1494 2169 1524 2196 s.
1548 2157 1594 2196 cle
1612 2155 1847 2208 Antiphoitis
1870 2154 2075 2194 Adventus
2097 2166 2145 2193 ex
2167 2154 2339 2193 editione
2363 2156 2455 2193 Leo-

1494 2221 1621 2258 diensi
1655 2220 1824 2258 habetur
1854 2220 1973 2256 etiam
2007 2218 2104 2256 libro
2130 2218 2194 2256 lll.
2219 2216 2268 2255 de
2293 2217 2454 2267 Scripto-

1495 2283 1606 2320 ribus
1638 2281 1866 2319 monasterii
1902 2281 1976 2318 sui.

1549 2346 1610 2383 11.
1640 2345 1730 2394 lpse
1762 2344 1799 2380 in
1831 2342 1928 2380 libro
1959 2340 2075 2379 modo
2104 2339 2277 2379 adducto
2297 2339 2372 2379 alia
2398 2340 2456 2378 in-

1497 2408 1599 2457 genii
1632 2407 1693 2444 sui
1729 2407 2019 2451 monumenta,
2051 2401 2120 2441 sed
2153 2401 2329 2440 nondum
2352 2401 2460 2441 edita

1498 2468 1676 2518 profert,
1710 2466 1833 2505 Vitam
1859 2467 1901 2505 S.
1927 2463 2118 2515 Pelayiae
2138 2464 2224 2502 sive
2242 2463 2457 2514 Speculum

1496 2531 1794 2581 poenitentiae,
1826 2529 1935 2567 libris
1967 2528 2011 2566 ll.
2043 2538 2080 2577 p.
2113 2526 2174 2564 69.
2202 2523 2455 2564 Palmarium

1496 2591 1718 2642 viryiizale,
1749 2603 1779 2630 s.
1812 2591 1861 2629 de
1893 2591 1977 2629 Vita
2023 2589 2060 2627 S.
2101 2588 2242 2627 Mariae
2286 2588 2458 2637 Virginis

1497 2653 1770 2705 Cappadocis.
1801 2653 1910 2692 libris
1940 2652 1987 2689 ll.
2017 2661 2102 2701 pag.
2129 2649 2192 2689 8lt.
2224 2647 2313 2688 Flos
2337 2648 2462 2688 eremi

1496 2730 1527 2756 s.
1560 2718 1608 2756 de
1641 2718 1721 2755 vita
1753 2716 1790 2753 S.
1822 2713 1994 2753 Ticbaldi
2028 2711 2207 2750 monachi
2249 2715 2290 2749 et
2318 2711 2461 2750 eremi-

1494 2785 1582 2828 tae,
1616 2779 1705 2816 libr.
1737 2778 1780 2815 ll.
1814 2788 1850 2826 p.
1880 2775 1942 2813 97.
1986 2773 2032 2812 de
2074 2772 2255 2824 conflictu
2282 2771 2454 2811 (luorum

1493 2841 1639 2879 (lucum
1660 2843 1698 2877 et
1720 2839 1950 2876 animarum
1971 2834 2212 2874 revelatione
2230 2865 2238 2883 ,
2259 2838 2296 2873 et
2317 2833 2364 2872 de
2385 2833 2456 2872 mi-

1496 2902 1560 2940 lite
1584 2900 1741 2951 captivo
1760 2910 1837 2950 per
1860 2897 2082 2937 salutarem
2119 2895 2286 2935 hostiam
2311 2893 2456 2934 libera-

1495 2968 1530 3001 to
1576 2963 1639 3000 lib.
1690 2963 1734 2999 11.
1761 2961 1932 3010 scriptos
1962 2959 2148 2998 versibus
2185 2958 2454 3006 hexametris,

1494 3025 1711 3075 praemisso
1756 3023 1954 3072 prooemio
1985 3020 2198 3059 trochaicis
2243 3018 2453 3067 versibus,

1495 3099 1530 3137 p.
1559 3088 1646 3125 110.
1678 3084 1790 3124 Varii
1808 3082 1966 3134 {seueris
1990 3081 2172 3121 carmina
2197 3084 2235 3119 et
2257 3079 2455 3132 epiyram-

1494 3152 1630 3195 mata,
1662 3160 1698 3198 p.
1727 3147 1814 3186 122.
1847 3147 2143 3196 Lacrymarum
2172 3143 2289 3182 libelli
2320 3143 2388 3181 ΙΙΙ.
2419 3153 2456 3192 p.

1494 3213 1583 3250 311.
1615 3215 1654 3247 et
1688 3208 1776 3247 270.
1803 3208 1851 3246 [le
1865 3205 2049 3259 prosectu
2073 3203 2210 3244 mortis
2239 3204 2302 3243 lib.
2334 3204 2379 3242 11.
2406 3203 2455 3242 ad

1494 3272 1740 3311 Wiholrnum
1773 3268 1973 3320 quendam
2008 3266 2373 3307 Exscholasticum.

1549 3336 1632 3373 llin-
1667 3335 1869 3384 pertinent
1913 3330 2015 3379 alia,
2060 3333 2099 3366 et
2147 3328 2306 3380 quidem
2340 3327 2456 3379 ligato
