2517 4009
922 249 1302 291 NICOLAUS

96 333 210 372 cuius
233 328 349 382 primi
373 325 563 365 versiculi
592 329 632 362 et
657 324 798 364 titulus
819 325 901 376 ipse
921 327 941 364 ὲ
967 325 1059 364 furti

96 395 260 434 crimine
282 389 392 430 facile
417 399 508 427 eum
529 387 754 426 absolvunt.
781 388 838 426 lta
864 399 959 426 vero
981 388 1062 438 epi-

95 462 202 496 tome
231 454 296 493 illa
324 453 493 502 incipit:

131 536 201 566 Non
223 535 302 565 sunt
325 531 358 564 hi
383 531 461 569 mei,
485 539 567 571 quos
592 534 687 571 putas
702 555 710 569 ,
735 528 888 563 versiculi
903 553 913 568 ,

131 583 193 617 Sed
213 581 321 623 AEsopi
346 581 380 619 a)
403 585 505 620 sunt,
534 585 567 612 et
589 583 725 620 Avieni,
749 585 781 614 et
801 579 965 612 Phaedri:

135 638 224 674 Quos
249 632 392 673 collegi,
417 637 453 663 ut
479 635 614 670 essent,
639 631 784 670 Pyrrhe,
810 630 908 662 utiles
926 629 1009 668 tibi,

134 688 272 725 Tuaque
299 690 400 715 causa
428 681 547 721 legeret
574 682 751 722 posteritas
771 705 780 718 ,

134 738 223 775 Quas
245 733 429 766 edidissent
454 733 518 764 viri
543 732 633 763 docti
660 730 814 770 rabulas,

133 786 259 817 Honori
283 787 316 815 et
338 783 466 814 meritis
489 781 599 813 dicavi
629 780 702 812 illas
728 782 820 819 tuis,

137 838 240 876 Saepe
261 834 442 866 versiculos
466 833 685 872 interponens
709 839 798 863 meos
815 856 824 870 ‚

133 883 301 925 Quasdam
324 884 390 915 tuis
417 884 513 922 quasi
541 883 681 914 insidias
704 882 843 914 auribus
861 908 871 922 ‚

133 935 220 968 Solet
245 935 371 975 quippe
387 934 506 974 juvare
528 933 590 963 ista
613 933 760 963 varietas
784 936 850 965 etc.

149 1004 256 1044 Obiit
287 1008 332 1042 ut
362 1002 443 1040 dixi
475 1003 660 1040 Perottus
689 1001 764 1040 An.
798 1002 911 1041 1480.
945 1012 1070 1041 senex

98 1066 203 1119 apud
233 1066 459 1110 Sentinum,
485 1065 571 1103 sive
595 1064 893 1104 Saxoferratum
922 1066 958 1103 in
980 1065 1071 1103 villa

97 1129 297 1169 viridariis
326 1132 367 1166 et
397 1126 574 1166 fontibus
603 1137 841 1178 peramoena
860 1159 870 1175 ,
901 1139 1020 1178 quam
1051 1129 1073 1166 ii

99 1194 233 1246 pingui
263 1193 341 1231 otio
370 1190 636 1241 Fuyicuram,
662 1194 766 1228 teste
790 1191 922 1239 Jovio‚
949 1190 1069 1229 veluti

98 1254 358 1307 Pavsilypum
393 1252 502 1292 Vedii
534 1252 720 1291 Pollionis
749 1252 1034 1303 appellaverat.

151 1318 172 1343 *⁵
203 1319 312 1357 Inter
356 1326 473 1366 opera
514 1316 658 1354 Perotti
702 1315 849 1353 omissa
879 1315 942 1353 hic
979 1321 1074 1355 sunt

104 1381 261 1432 gemina
282 1379 379 1417 haec
409 1377 601 1428 opuscula
621 1389 629 1425 ς
651 1375 845 1427 Simplicii
868 1375 909 1414 in
938 1376 1074 1416 Politi-

97 1454 146 1481 ca
165 1438 395 1480 Aristotelis
418 1438 556 1478 versio
575 1469 584 1487 ,
612 1449 660 1476 ac
701 1437 868 1489 denique
914 1439 1078 1478 Tate'anz'

100 1503 238 1544 Oratio
267 1501 322 1540 ad
351 1501 525 1540 Graecos
555 1500 602 1539 ab
645 1500 784 1539 eodem
815 1512 934 1539 versa
971 1513 1074 1551 quae

97 1566 250 1605 indicat
280 1568 322 1603 et
349 1562 541 1615 expendit
566 1564 671 1601 Zeno
694 1564 732 1601 in
751 1564 960 1602 Dissertat.
980 1564 1075 1602 Vos-

101 1629 226 1668 sianis
254 1631 351 1665 tom.
384 1628 420 1665 1.
448 1625 540 1665 256.

148 1688 401 1730 NICOLAUS
419 1686 601 1735 Polonus,
623 1687 808 1738 Episcopi
830 1688 1074 1726 posnanien-

95 1755 153 1794 sis
181 1752 430 1799 Sacellanus‚
446 1753 564 1801 quus
578 1751 788 1790 Sermones
814 1762 884 1801 per
908 1762 1071 1798 annum⁷

94 1815 389 1856 Staravolscius
413 1812 460 1852 ad
488 1824 572 1864 cap.
602 1813 665 1852 41.
685 1813 960 1852 hecatontadis
985 1814 1071 1852 sive

94 1878 298 1918 centuriae
329 1887 427 1916 suae
458 1877 698 1927 scriptorum
745 1877 979 1915 Polonornm
1010 1888 1073 1915 ce-

95 1941 234 1989 lebrat,
259 1952 352 1979 cum
377 1938 601 1979 MCOLAO
618 1939 742 1977 altero
767 1939 901 1978 itidem
925 1939 1069 1978 Polono

94 2005 199 2044 circa
230 2003 305 2043 An.
343 2003 459 2042 1430.
489 2002 556 2053 qui
589 2003 803 2041 Possevino
833 2007 873 2041 et
902 2003 1069 2041 Roberto

92 2067 196 2105 Gero
225 2066 368 2104 vitiose
398 2063 587 2104 Nicotaus
614 2063 662 2102 de
691 2063 833 2114 Plove,
859 2066 944 2103 sive
984 2064 1071 2104 Plo-

95 2129 212 2178 vz'us,
237 2129 325 2168 aliis
347 2126 521 2167 Pluveus
545 2128 610 2166 vel
643 2126 829 2176 Plomus,
870 2129 1072 2167 Staravol-

98 2192 179 2230 scio
202 2190 250 2230 de
271 2189 408 2229 Blonz'e
432 2190 574 2241 oppido
599 2192 820 2239 Masoviae,
845 2193 1022 2242 quinque
1052 2193 1073 2230 a

99 2254 290 2292 Varsovia
321 2253 568 2292 milliaribus.
601 2252 675 2290 Hic
707 2254 962 2292 Decretorum
1000 2255 1073 2291 Do-

99 2321 185 2355 ctor
213 2320 254 2355 et
282 2317 322 2354 in
347 2316 525 2355 Plocensi
551 2317 725 2367 primum
745 2345 753 2363 ,
775 2315 918 2354 deinde
941 2318 977 2354 in
1005 2317 1075 2354 Po-

98 2380 304 2418 snaniensi
351 2378 532 2428 Ecclesia
575 2379 740 2417 functus
789 2378 1074 2417 Praedicatoris

100 2453 294 2490 munere,
324 2440 498 2490 denique
526 2441 750 2490 Episcopus
780 2442 1073 2488 Posnaniensis,

101 2503 262 2553 scripsit
292 2507 449 2553 praeter
473 2501 692 2553 Conceptus
717 2501 963 2553 Theoloyicos
987 2505 1072 2541 sive

99 2567 309 2604 Sermones
333 2563 383 2603 de
406 2568 586 2614 tempore
610 2569 650 2601 et
672 2565 830 2603 Sanctis
848 2594 858 2610 ,
882 2565 1076 2615 Argento-

103 2632 174 2667 rat.
205 2627 322 2666 1498.
352 2627 428 2666 alia
455 2628 566 2665 varia
611 2631 701 2677 post
745 2626 958 2664 editionem
1003 2627 1075 2666 Ar-

101 2694 299 2742 gentorat.
339 2690 456 2730 1493.
499 2699 642 2728 recusa
672 2690 709 2726 in
754 2689 912 2727 Oceano
941 2689 1071 2733 suris,

103 2755 188 2792 sive
219 2756 392 2791 tractatu
423 2756 670 2791 tractatuum
715 2752 854 2789 Venet.
888 2752 1002 2790 1584.
1036 2753 1072 2789 in

102 2820 198 2853 tom.
230 2815 332 2853 XIV.
363 2813 522 2864 quidem
554 2813 600 2853 de
635 2813 840 2853 interdicto
876 2813 1075 2853 Ecclesia-

105 2876 201 2916 stico
227 2888 314 2928 pag.
331 2877 421 2916 333.
438 2876 484 2916 de
501 2875 906 2916 excommunicatione
927 2888 963 2927 p.
983 2879 1072 2917 363.

105 2938 153 2978 de
172 2938 491 2989 irreyularitate⁷
515 2951 603 2991 pag.
627 2939 718 2979 400.
739 2939 784 2978 cle
804 2939 1076 2980 sacramentis

107 3004 302 3040 eteorum
338 3000 684 3041 admmistratione
708 3015 795 3054 pag.
823 3003 883 3042 77.
915 3002 961 3041 (le
1003 3006 1076 3043 Sa-

107 3063 253 3116 crificio
273 3062 420 3103 Missae
436 3066 522 3104 sive
543 3065 591 3104 de
607 3067 760 3105 Divinis
775 3067 926 3105 Officiis
950 3079 985 3117 p.
1012 3068 1074 3106 91.

107 3137 158 3166 ex
201 3125 295 3165 edit.
342 3128 462 3166 Paris.
495 3128 611 3167 1514.
655 3129 780 3166 Tomi.
826 3129 910 3167 XV.
940 3134 1073 3168 autem

124 3278 159 3317 a)
175 3280 333 3318 AEsopum
356 3277 517 3318 intelligit
544 3281 696 3310 Perottus
710 3286 776 3309 non
801 3281 962 3310 Graecum
985 3279 1080 3311 sabu-

107 3328 219 3359 larum
242 3329 441 3368 scriptorem
460 3353 468 3368 ‚
494 3329 550 3360 sed
574 3329 720 3359 ACClUM
746 3330 840 3367 cujus
864 3327 993 3359 fabulae
1010 3330 1080 3360 ele-

108 3379 159 3416 gis
180 3378 325 3417 scriptae
347 3379 498 3411 vei-sibus
523 3378 700 3409 laudantur
724 3378 784 3408 sub
820 3380 926 3418 AEsopi
967 3382 1075 3411 nomi-

112 3433 152 3458 ne
189 3434 207 3457 a
242 3427 404 3469 Florilego
421 3452 430 3468 ‚
448 3429 489 3462 ab
512 3428 704 3461 Eberliardo
732 3427 963 3466 bethuniensi,
989 3429 1080 3461 aliis-

2028 256 2104 296 123

1132 327 1242 372 parte
1262 322 1296 361 2.
1319 321 1365 360 de
1386 321 1494 361 horis
1519 322 1734 363 Canonicz‘s
1765 337 1851 377 pag.
1873 327 1963 365 664.
1989 329 2107 368 Prae-

1133 390 1240 424 terea
1269 390 1401 424 exstat
1431 386 1603 426 Thomae
1634 387 1851 438 Aquinatis
1883 390 2106 444 Confessio-

1134 447 1219 486 nalz'
1253 448 1486 498 adjunctum
1532 450 1644 501 Opus
1675 450 1723 489 de
1766 452 2036 492 Sacramentis
2066 461 2106 494 et

1136 512 1327 550 Consuris
1356 512 1676 561 EcclesiasticiS,
1708 515 1828 553 Paris.
1856 516 1973 556 455⁴.
1998 517 2036 556 8.
2066 524 2106 556 et

1139 575 1256 613 1586.
1289 574 1412 625 Lugd.
1444 575 1561 614 4565.

1192 637 1442 677 MCOLAUS
1473 637 1660 686 Pontius,
1692 639 1920 691 Tlieologus
1957 642 2104 682 Oxoni-

1144 701 1254 737 ensis
1273 731 1284 748 ,
1308 700 1622 739 Wiclefistaruui
1646 701 1903 741 adversarius
1927 705 2031 744 circa
2056 707 2103 745 Α.

1077 810 1081 814 ¹
1146 763 1262 801 1410.
1302 761 1350 801 de
1389 774 1467 812 quo
1500 763 1699 802 Lelandus
1727 775 1809 815 cap.
1842 766 1929 804 460.
1958 772 1998 805 et
2036 770 2104 819 qui

1144 824 1501 863 Determinatz'ones
1516 824 1604 875 ejus
1623 831 1740 876 atque
1758 838 1856 877 opus
1877 833 2015 868 contra
2025 829 2105 871 Wi-

1145 885 1318 938 clefistas
1351 893 1574 926 memorant
1599 888 1742 928 Baleus
1767 890 1846 928 Vll.
1873 891 1933 930 35.
1959 897 1998 930 et
2029 895 2106 932 Pit-

1148 960 1244 988 seus
1270 962 1357 1001 pag.
1386 950 1475 989 588.

1203 1012 1457 1052 NiCOLAUS
1472 1014 1499 1051 ὰ
1522 1013 1660 1053 Prato.
1685 1014 1809 1066 Supra
1832 1015 2019 1058 Nimiam
2042 1018 2105 1058 de-

1146 1076 1174 1114 Λ
1184 1074 1220 1114 lb
1230 1075 1380 1115 ertinis.

1193 1140 1446 1178 NICOLAUS
1467 1138 1673 1192 Radclifus
1696 1171 1703 1188 ‚
1731 1143 1900 1190 (vitiose
1925 1144 2103 1197 Radclz‘f)

1149 1202 1317 1240 Lelando
1335 1213 1419 1253 cap.
1440 1203 1526 1242 453.
1547 1202 1804 1251 Racloclivus,
1825 1205 1979 1257 Anglus
1997 1238 2004 1255 ,
2025 1220 2105 1247 mo-

1147 1264 1299 1303 nachus
1337 1269 1455 1315 atque
1485 1265 1798 1305 Archidiaconus
1828 1268 1873 1306 ad
1908 1269 1946 1307 S.
1987 1271 2104 1309 Alba-

1147 1338 1264 1374 num⁷
1287 1326 1380 1365 Ord.
1401 1327 1546 1365 Bened.
1569 1329 1671 1367 circa
1697 1330 1742 1367 A.
1768 1331 1882 1369 1390.
1908 1332 2007 1371 adde
2033 1335 2105 1371 Ba-

1147 1389 1252 1427 leum
1299 1389 1360 1426 VI.
1407 1389 1468 1426 80.
1507 1394 1546 1427 et
1586 1391 1760 1429 Pitseum
1805 1404 1838 1442 p.
1881 1394 1968 1431 544.
2019 1406 2103 1445 seq.

1149 1451 1314 1501 Scripsit
1358 1451 1552 1490 Vz’atz'cum
1593 1451 1749 1490 animae
1783 1453 1946 1494 salubre
1993 1458 2103 1496 libris

1148 1513 1302 1552 dnobus
1321 1518 1455 1552 contra
1480 1515 1673 1552 loannem
1705 1516 1942 1564 Wiclefum,
1967 1521 2031 1570 qui
2065 1522 2101 1558 in

1147 1575 1312 1626 dialogis
1331 1577 1415 1614 suis
1434 1575 1638 1616 Nicolaum
1664 1577 1739 1616 sub
1763 1579 1872 1616 canis
1892 1581 1987 1630 nigri
2007 1611 2014 1629 2
2037 1583 2104 1620 Pc-

1147 1642 1254 1676 trum
1285 1638 1541 1676 Carmelitam
1573 1638 1647 1677 sub
1676 1640 1751 1678 albi
1788 1643 1897 1680 canis
1928 1646 2098 1683 nomime

1146 1701 1389 1751 perstringit.
1400 1702 1498 1739 Tum
1512 1701 1736 1754 librumpro
1754 1702 1966 1755 imayz'num
1981 1705 2102 1755 cultu,

1147 1762 1349 1813 aliumque
1379 1762 1653 1814 quaestionum
1677 1763 1942 1805 diversarum.
1973 1769 2107 1808 Tradi-

1146 1829 1291 1876 turque
1311 1826 1414 1876 apud
1435 1828 1624 1865 Bzovium
1642 1828 1688 1866 ad
1711 1829 1756 1866 A.
1776 1830 1889 1868 1415.
1914 1843 1949 1868 n.
1976 1832 2103 1871 LVlil.

1146 1899 1233 1938 pag.
1265 1888 1351 1926 489.
1379 1888 1589 1928 wiclefum
1616 1892 1651 1927 in
1678 1892 1842 1939 privatis
1865 1893 2072 1944 colloquiis
2092 1925 2101 1940 ‚

1143 1951 1179 1988 in
1201 1950 1435 1989 domesticis
1452 1952 1794 1992 exhortationibus
1813 1983 1821 1997 ‚
1845 1955 1880 1992 in
1899 1955 2103 1995 scholasti-

1143 2015 1199 2052 cis
1219 2013 1555 2064 disputationibus
1574 2020 1613 2054 et
1636 2016 1672 2053 in
1695 2016 1861 2066 publicis
1880 2019 2102 2058 insectatus

1143 2077 1423 2123 concionibus,
1446 2077 1570 2117 donec
1589 2079 1748 2117 tandem
1766 2081 1925 2130 scriptis
1948 2093 2105 2133 quoque

1145 2139 1254 2177 libris
1281 2150 1372 2177 eum
1399 2142 1646 2191 oppugnavit

1199 2201 1449 2240 NICOLAUS
1474 2201 1683 2252 Bistonas,
1706 2206 1877 2245 Lelando
1903 2219 1986 2258 cap.
2016 2209 2103 2246 489.

1146 2262 1419 2311 Rz‘scodunus,
1447 2265 1602 2314 Anglus
1626 2267 1725 2304 circa
1753 2267 1796 2306 A.
1823 2270 1935 2308 1410.
1964 2270 2103 2308 librum

1148 2327 1307 2376 scripsit
1329 2324 1375 2363 (lc
1399 2324 1562 2364 tollendo
1582 2326 1805 2367 schismate.
1830 2331 1924 2369 Vide.
1944 2332 2105 2371 Baleurn

1149 2389 1226 2427 Vll.
1259 2387 1320 2427 57.
1360 2393 1400 2426 et
1438 2390 1612 2427 Pitseum
1639 2402 1726 2441 pag.
1752 2392 1837 2431 592.
1879 2395 1945 2442 qui
1985 2395 2103 2433 etiam

1147 2452 1355 2490 Sermones
1384 2450 1472 2502 ejus
1500 2457 1707 2490 memorat.

1201 2512 1456 2552 NICOLAUS
1484 2513 1663 2552 Ritzonzs
1687 2545 1694 2562 ,
1718 2525 1793 2552 non
1820 2515 2037 2555 Tolosanus
2063 2522 2104 2555 ut

1148 2575 1366 2613 Trithemio
1395 2585 1481 2624 cap.
1512 2575 1599 2613 6235.
1627 2576 1756 2614 visum
1775 2607 1784 2623 ,
1812 2577 2003 2627 aliisque.
2034 2579 2102 2617 sed

1149 2638 1384 2676 catanensis
1402 2637 1705 2675 carmelitarum
1726 2639 1830 2676 Prior
1852 2640 2105 2679 Provincialis

1149 2699 1184 2736 in
1203 2709 1322 2749 regno
1343 2699 1495 2737 Siciliae
1512 2700 1612 2737 circa
1632 2699 1674 2737 A.
1700 2700 1807 2737 1372.
1829 2703 1983 2751 scripsit
2000 2705 2105 2752 Qua-

1147 2759 1565 2811 ‹lrayeszmalcdufflex
1584 2762 1838 2801 etScrmones
1851 2763 1897 2801 de
1917 2770 2103 2815 ternpore,

1150 2822 1196 2860 de
1229 2824 1386 2861 Sanctis
1417 2829 1456 2860 et
1487 2822 1534 2860 de
1563 2825 1601 2860 Β.
1635 2825 1789 2874 Virgine
1821 2827 1855 2862 in
1889 2829 2106 2877 praecipuis

1149 2884 1235 2934 ejus
1267 2885 1564 2923 festivitatibus.
1597 2886 1691 2923 Vide
1723 2887 1966 2927 Antoninum
2000 2891 2106 2928 Mon-

1148 2949 1312 2997 gitorem
1345 2952 1438 2985 tom.
1470 2947 1493 2985 Ξ.)
1525 2949 1619 2986 Bibl.
1648 2950 1800 2987 Sil-uino
1827 2963 1912 3000 pag.
1943 2952 2005 2990 95.
2037 2955 2102 3002 qui

1150 3014 1353 3060 praeterea
1367 3022 1452 3060 pag.
1469 3009 1530 3048 94.
1548 3011 1667 3049 alium
1685 3012 1830 3051 inducit
1847 3013 2099 3054 MCOLAUM

1150 3073 1352 3111 RlCClUM
1373 3074 1457 3110 sive
1475 3072 1522 3109 de
1545 3074 2106 3123 RIZZO,Sacc‹·nso111‚(3ar-

1151 3134 1323 3172 melitam
1357 3139 1396 3171 vt
1427 3135 1580 3184 ipsum.
1613 3141 1647 3172 ct
1683 3137 1838 3174 Siculae
1878 3139 2104 3179 Provinciae

1143 3285 1224 3316 qur.
1253 3278 1297 3306 De
1319 3277 1421 3307 Accio
1448 3274 1502 3306 ilio
1526 3276 1598 3307 vide
1622 3277 1744 3308 lulium
1767 3280 1939 3312 Caesarem
1964 3285 2112 3323 Scaiigc-

1145 3335 1216 3357 rum
1235 3325 1291 3356 lib.
1317 3327 1368 3355 lv.
1391 3328 1533 3364 poetices
1558 3335 1619 3366 pag
1656 3328 1726 3360 729.
1743 3333 1773 3360 et
1793 3330 2029 3365 Bibliotliecam
2049 3337 2109 3366 La-

1143 3379 1249 3408 tinam
1267 3376 1323 3406 lib.
1342 3376 1371 3405 ι).
1392 3384 1464 3414 curi.
1485 3381 1512 3406 23.
