2533 4009
408 219 484 256 430
1234 211 1558 251 RUFlNUS

461 289 522 326 21.
553 287 655 323 l'itue
682 283 924 333 I’atrmnsln
949 281 1119 317 editione
1163 281 1352 331 Roswey-

406 350 443 385 di
477 353 609 385 nostro
640 346 867 381 tribuuntur
893 341 1055 378 libel-11.
1085 342 1151 390 qui
1184 342 1349 390 ‘Palladii

407 410 616 447 Historiam
645 405 871 442 Lausiacam
891 431 898 447 ‚
920 407 957 438 et
986 401 1148 447 tertius,
1173 404 1239 452 qui
1272 403 1351 442 He-

403 469 569 509 raclidae
594 464 820 504 Paradisum
838 464 1027 501 continet.
1054 463 1165 502 Adde
1188 464 1351 504 Roswe-

402 532 465 581 ydi
489 527 698 575 l'rologom.
726 525 772 562 X.

452 591 513 627 22.
547 585 731 635 Greqorii
752 586 873 624 vitam
897 587 926 625 S
960 585 1138 634 Plit‘leae,
1171 587 1355 640 Episcopi

402 649 624 689 Thmuilani
656 652 693 686 et
726 647 923 686 sociorum
961 650 1216 699 recognovit,
1247 661 1349 700 quae.

394 712 495 750 edita
521 716 581 747 est
603 711 639 747 in
661 710 772 748 Actis
797 710 1034 748 Sanctorum
1076 715 1172 750 tom.
1198 712 1211 749 1
1237 712 1347 750 Febr<

395 786 478 823 pag.
511 772 598 810 462.

445 835 505 871 23.
532 833 641 884 Xysti
654 835 739 871 sive
756 834 868 872 seoeti
891 833 1119 885 Philosophi
1135 834 1349 873 sententiae

391 910 409 935 a
435 895 572 934 Rufino
595 906 734 934 versae
759 901 855 935 sunt
878 927 886 942 ,
926 896 974 934 de
1001 896 1148 946 quibus
1181 896 1280 935 infra
1311 898 1347 933 in

391 959 545 1009 Xystus.

440 1019 501 1056 24.
530 1019 583 1056 De
605 1016 700 1056 bono
719 1018 833 1070 pacis
853 1018 974 1057 libros
1000 1019 1101 1058 duos
1128 1019 1255 1057 Rufini
1280 1020 1350 1057 So-

393 1083 476 1119 rani
503 1082 663 1118 nomine
690 1080 816 1130 (forte
846 1080 991 1118 Torani
1021 1082 1213 1130 scriptum
1249 1079 1349 1129 fuit)

387 1154 434 1179 ex
462 1141 557 1180 Bibl.
583 1141 869 1190 Tegernseensi
897 1142 1029 1191 praelo
1048 1147 1205 1192 paratos
1231 1141 1349 1180 habet

384 1203 515 1241 Celeb.
555 1201 780 1240 Bel-nardus
818 1204 984 1249 Pezius,
1024 1208 1141 1254 prout
1183 1204 1266 1253 ipse
1291 1208 1348 1241 te·

385 1271 513 1303 statur
563 1265 726 1302 Dissert.
767 1265 964 1314 lsagogica
1013 1264 1060 1303 ad
1111 1271 1264 1303 tomum
1317 1266 1342 1303 1.

382 1328 571 1365 Thesauri
609 1325 791 1364 Anecdot
838 1328 1047 1364 novissimi
1080 1339 1116 1377 p.
1149 1327 1210 1366 ⁴4.

438 1391 642 1427 Perierunt
668 1388 771 1426 illius
800 1387 1000 1437 quaedam
1032 1400 1051 1426 a
1084 1388 1289 1427 Gennadio
1308 1400 1340 1427 e.

392 1452 451 1489 17.
481 1455 697 1488 memorata
718 1479 726 1495 ,
757 1454 800 1487 ut
832 1455 927 1488 sunt
947 1463 955 1487 :
975 1450 1200 1488 Sententiae
1227 1450 1345 1488 Pam—

385 1512 485 1563 phili
512 1511 706 1562 Martyris
726 1512 922 1550 aduersus
942 1511 1254 1559 Matliematicos,
1271 1513 1344 1560 (vi-

387 1575 435 1612 de
469 1573 590 1611 Henr.
622 1572 736 1612 Noris
768 1573 928 1612 dissert.
960 1573 1008 1611 de
1040 1573 1200 1622 Synodo
1232 1574 1272 1611 V.
1308 1586 1343 1623 p.

392 1636 492 1683 ⁴02.)
525 1634 723 1685 Epistulae
763 1635 901 1673 variae
921 1666 930 1682 ,
971 1635 1170 1673 Invectiva
1202 1634 1345 1674 adoer-

390 1708 460 1735 sus
491 1698 771 1747 Hieronymum
788 1696 928 1748 prior,
977 1696 1148 1746 Evayrii
1189 1696 1345 1734 Pontici

390 1757 600 1809 Opuscula.
650 1759 777 1797 Etiam
821 1770 841 1795 e
887 1759 1022 1796 Latino
1068 1759 1103 1795 in
1146 1758 1341 1796 Graecum

389 1820 583 1871 quaedam
613 1822 783 1858 vertisse
815 1825 988 1859 testatur
1018 1821 1285 1869 {lieronymus
1314 1824 1339 1857 t.

389 1884 432 1921 11.
465 1890 513 1932 ps
533 1882 618 1920 165.

443 1943 643 1989 Quosdam
675 1944 908 1990 Sermones,
940 1944 1083 1980 Zenoni
1122 1943 1339 1980 Veronensi

392 2006 511 2055 vulgo
541 2005 736 2048 tributos,
770 2004 898 2042 Ruiini
945 2015 1062 2052 esse,
1095 2005 1130 2041 in
1170 2002 1342 2041 editione

390 2068 556 2105 Zenonis
595 2067 868 2104 recentissima
906 2065 1171 2104 ostenderunt
1206 2067 1347 2103 Petrus

390 2134 427 2166 et
448 2130 586 2167 Hieron
623 2128 804 2166 Ballerini
825 2129 978 2166 fratres.
996 2128 1139 2165 Veron.
1176 2127 1292 2166 4739.
1323 2127 1344 2164 f.

445 2190 464 2210 '⁵
488 2191 542 2228 De
568 2200 731 2239 operum
756 2189 930 2239 josephi,
949 2200 1050 2238 quae
1070 2188 1189 2238 vulgo
1214 2188 1348 2226 ferun-

388 2257 453 2289 tur
489 2262 510 2289 a
548 2250 689 2288 Rufino
716 2261 845 2297 versa,
886 2250 1145 2288 translatione
1190 2251 1346 2300 egregie

390 2315 686 2350 commentatus
709 2317 770 2349 est
796 2314 869 2350 vir.
894 2311 943 2350 cl.
969 2313 1208 2351 Muratorius
1237 2311 1351 2349 Anti-

389 2375 487 2424 quit.
508 2378 532 2410 t.
561 2373 609 2410 111
638 2385 672 2423 p.
699 2373 788 2411 918.
815 2374 980 2412 Certum
1009 2373 1072 2411 ille
1106 2374 1216 2424 ponit
1255 2373 1352 2411 Cas-

387 2434 527 2472 siodori
553 2438 682 2473 aetate
709 2434 980 2484 Antiquitates
1005 2434 1193 2473 Judaicas
1219 2435 1351 2473 latini-

391 2502 470 2535 tate
495 2496 663 2534 donatas
683 2496 804 2535 fuisse
822 2527 831 2543 ‚
857 2496 997 2534 eodem
1023 2496 1260 2535 Cassiodoro
1293 2498 1352 2533 in-

391 2563 548 2604 stante,
576 2562 618 2595 ut
647 2558 729 2608 ipse
755 2562 927 2596 testatur
961 2559 1089 2596 instit.
1129 2558 1351 2596 Div.Lite1-.

390 2632 424 2657 c.
453 2619 511 2657 17.
537 2630 656 2669 quam
690 2620 858 2669 primam
900 2620 1022 2658 luisse
1061 2620 1193 2670 operis
1233 2619 1352 2657 huius

393 2683 614 2719 versionem
650 2692 699 2720 ex
730 2692 777 2719 eo
807 2686 992 2727 constat,
1017 2681 1123 2731 quod
1162 2683 1213 2720 ab
1250 2683 1352 2720 anti-

392 2745 530 2793 quiore
555 2745 747 2793 scriptore
771 2744 1009 2781 translatum
1038 2755 1153 2781 nemo
1178 2754 1283 2782 unus
1300 2755 1348 2781 ex

392 2805 594 2843 veteribus
614 2815 804 2854 umquam
823 2805 936 2852 dixit3
957 2816 1029 2843 nec
1046 2806 1353 2844 vetustissimus

391 2865 694 2904 Mediolanensis
716 2866 840 2905 codex
876 2868 942 2916 qui
982 2868 1020 2904 in
1058 2877 1207 2916 papyro
1239 2868 1354 2916 Aegi—

393 2928 470 2975 ptia
509 2929 697 2978 scriptam
738 2929 1035 2978 Antiquitatum
1063 2927 1222 2978 josephi
1264 2939 1353 2965 ver-

394 2990 542 3026 sionem
581 2989 945 3036 continet,1{ulini
983 3000 1125 3028 nomen
1162 2999 1352 3038 umquam

396 3050 578 3097 praefi-rt.
601 3051 713 3089 Liber
736 3062 828 3088 vero
849 3050 897 3088 de
919 3051 1021 3089 bello
1036 3050 1201 3089 judaico
1219 3053 1353 3087 utrum

394 3122 412 3145 a
441 3110 575 3147 liuline
603 3123 748 3150 versus
772 3113 849 3162 sit,
875 3112 1100 3151 Cassiodori
1132 3113 1253 3150 etiam
1291 3122 1356 3149 ae—

399 3175 477 3206 tate
502 3171 783 3221 ambigebatur.
810 3173 935 3212 lmmo
960 3175 1092 3224 potius
1114 3185 1161 3212 ex
1201 3174 1358 3211 silentio

395 3231 597 3277 (iennadii,
622 3235 687 3280 qui
715 3236 814 3272 inter
832 3247 949 3286 opera
976 3236 1106 3275 Rufini
1133 3236 1234 3274 hanc
1271 3245 1356 3273 ver-

399 3292 547 3326 sionem
586 3304 835 3342 iit-quaquam
860 3303 1066 3344 accense&
1096 3298 1209 3348 plane
1248 3297 1360 3335 evin-

1425 284 1530 320 citur
1545 283 1716 322 latinum
1735 285 1856 325 huius
1873 290 1978 338 operi
2000 291 2254 340 interpretem
2264 291 2386 331 alium

1423 354 1443 382 a
1466 343 1606 382 Rufino
1630 347 1879 393 querendum
1905 361 2007 389 esse.
2030 353 2089 390 Ex
2110 352 2172 390 his
2195 352 2384 392 omnibus

1425 404 1673 444 inferendum
1712 405 1980 458 Antiquitates
2017 412 2203 452 ,Iudaicas
2248 411 2383 453 latinis

1426 466 1568 504 litteris
1592 465 1758 505 traditas
1781 478 1881 517 opus
1905 472 2097 512 Authoris
2121 485 2214 513 esse
2240 474 2383 514 Rufino

1426 528 1684 575 recentiori33
1708 529 1933 569 versionem
1958 538 2091 574 autem
2117 535 2165 574 de
2182 536 2296 575 'Bello
2317 537 2386 577 Ju-

1425 588 1537 628 daico
1564 600 1657 628 num
1683 588 1812 628 Rufini
1838 591 1890 628 sit
1916 593 2057 645 ambigi
2085 598 2223 635 merito
2253 607 2385 649 posse.

1478 649 1745 689 Describenda
1770 662 1876 690 nunc
1901 654 2011 691 venit
2034 655 2238 705 splendida
2262 658 2382 698 editio

1425 712 1671 750 Veronensis
1711 722 1874 762 operum
1909 712 2039 752 Rufini
2066 725 2142 754 non
2167 722 2258 757 ante
2283 720 2384 758 mul-

1424 778 1486 811 tos
1509 784 1635 812 annos
1659 784 1679 811 a
1704 773 1765 812 Cl.
1789 774 1901 812 Dom.
1925 773 2116 814 Vallarsio
2131 773 2272 818 Veron.
2295 776 2385 819 Pre-

1423 834 1583 884 sbytero
1607 839 1744 873 curata
1785 836 1902 874 cuius
1927 839 1953 872 t.
1982 837 1996 874 -l
2030 836 2174 887 prodiit
2209 839 2383 880 Veronae

1427 895 1538 934 4745.
1564 895 1734 935 alterum
1761 907 1855 935 vero
1880 907 1958 935 non
1980 898 2066 936 sine
2091 902 2278 938 votorum
2307 902 2384 941 sol·

1425 957 1628 996 licitudine
1648 962 1922 1008 expectamus.
1947 959 2288 1000 Praeceditornnla·
2308 962 2385 1001 Ru-

1424 1019 1488 1056 iini
1516 1019 1602 1057 Vita
1629 1029 1650 1057 a
1676 1019 1721 1057 V.
1745 1018 1786 1058 C.
1816 1020 2038 1059 Fontanino
2073 1020 2294 1072 adornata,
2328 1027 2388 1062 at-

1423 1092 1500 1130 que
1543 1082 1580 1117 in
1622 1081 1709 1120 eius
1748 1080 1911 1119 historia
1935 1080 2180 1131 Aquileiensi
2212 1083 2383 1132 inserta,

1423 1141 1647 1192 publicique
1667 1142 1770 1192 juris
1787 1142 2030 1193 posiobitum
2055 1142 2246 1183 Authoris
2269 1144 2383 1184 facta.

1422 1203 1549 1242 Vitam
1577 1203 1679 1242 hanc
1701 1204 1905 1243 nonnullis
1929 1205 2102 1243 correxit
2137 1204 2386 1245 emendavit-

1423 1277 1500 1316 que
1527 1265 1761 1304 vallarsius.

1477 1328 1584 1366 lnter
1621 1327 1752 1366 Rufini
1789 1338 1908 1378 opera
1932 1328 2120 1368 familiam
2144 1328 2257 1369 ducit
2280 1329 2378 1369 liber

1421 1388 1468 1427 de
1487 1387 1818 1428 benedictionibus
1843 1388 2180 1429 Patriarcharum
2194 1400 2287 1430 cum
2313 1400 2383 1431 no-

1419 1451 1470 1488 tis
1493 1451 1541 1488 cl.
1568 1450 1729 1489 editoris
1755 1452 1998 1491 recensitum
2023 1452 2073 1491 ad
2098 1450 2193 1492 Cod.
2217 1451 2293 1493 MS.
2317 1452 2380 1492 Bi-

1419 1511 1553 1549 blioth.
1575 1513 1845 1550 Bononiensis.

1474 1573 1511 1610 2.
1539 1573 1857 1624 Commentarius
1883 1574 1923 1611 in
1950 1572 2180 1625 Symbolum
2219 1573 2381 1626 Aposto-

1419 1633 1546 1671 lorum
1576 1633 1623 1672 ad
1656 1634 1902 1673 Balutianam
1930 1635 2145 1674 editionem
2175 1640 2354 1675 exactus,

1473 1696 1506 1733 3.
1519 1695 1700 1734 Historia
1717 1694 1998 1734 Monaclwrum
2014 1700 2050 1734 et
2064 1695 2210 1734 Itinera
2220 1706 2296 1746 per
2311 1695 2382 1734 AE-

1413 1755 1563 1806 yiptum
1579 1757 1618 1795 S.
1637 1757 1805 1794 Petronii
1824 1757 2083 1795 Bononiensis
2109 1757 2267 1796 nomine
2285 1757 2380 1795 scri-

1417 1821 1482 1866 pta
1501 1828 1549 1855 ex
1569 1817 1741 1855 editione
1761 1816 2053 1866 Rosweydiana
2071 1820 2380 1867 repraesentata.

1472 1879 1506 1916 4.
1526 1879 1609 1916 Duo
1628 1877 1829 1917 Historiae
1856 1876 2158 1917 Ecclesiasticae
2179 1876 2277 1916 libri
2289 1888 2384 1917 cum

1415 1939 1519 1978 MSS.
1559 1940 1771 1979 (lodicibus
1814 1941 2047 1990 comparati.
2076 1939 2260 1979 Monendi
2288 1943 2384 1979 sunt

1417 2001 1481 2039 bic
1500 2001 1668 2040 lectores
1693 2000 1859 2040 studiosi
1885 2000 2091 2039 historiam
2112 2000 2214 2040 hanc
2233 2000 2381 2049 Rufini,

1419 2067 1539 2112 atque
1572 2073 1647 2102 una
1681 2063 1827 2112 pariter
1866 2066 1989 2101 totam
2031 2063 2118 2101 eius
2155 2063 2381 2101 versionem

1419 2126 1611 2162 Historiae
1636 2124 1946 2162 Ecclesiasticae
1971 2122 2133 2162 Eusebii
2170 2127 2309 2162 extare
2339 2124 2377 2160 in

1424 2186 1701 2224 vetustissimo
1722 2184 1866 2224 Codice
1891 2183 2143 2224 Cathedralis
2181 2183 2385 2223 Ecclesiae

1424 2247 1618 2285 Lucensis
1639 2251 1818 2297 tempore
1843 2245 1970 2286 Caroli
1992 2245 2119 2295 Magni
2141 2245 2303 2296 scripto,
2317 2245 2387 2294 qui

1421 2318 1524 2346 sane·
1562 2308 1717 2347 consuli
1756 2312 1962 2356 meretur,
1995 2311 2038 2345 ut
2074 2317 2120 2344 eo
2161 2309 2383 2345 accuratior

1425 2370 1585 2408 historia
1614 2371 1688 2408 ista
1713 2369 1914 2408 reddatur.

1477 2432 1516 2471 5.
1541 2430 1657 2470 Libri
1673 2430 1913 2483 Apoloyetici
1930 2429 2006 2469 duo
2029 2429 2228 2470 adversus
2248 2428 2387 2468 Hiero-

1426 2505 1589 2545 nymum
1606 2493 1820 2532 subiuncta
1835 2492 1863 2530 A
1866 2490 2026 2544 poloyia
2045 2491 2100 2530 ad
2115 2490 2386 2531 Anas-tastum.

1478 2555 1667 2594 Succedit
1691 2555 1753 2593 his
1776 2553 1974 2605 appendix
1998 2553 2116 2593 dubia
2145 2557 2266 2604 atque
2295 2563 2390 2604 spu-

1421 2619 1480 2660 ria
1505 2620 1730 2656 continens.
1758 2617 1914 2655 Primus
1950 2615 2128 2654 omnium
2154 2624 2246 2653 sese
2274 2613 2389 2653 offert

1427 2678 1745 2719 Commentarius
1766 2677 1806 2715 in
1831 2677 1881 2715 75
1901 2675 2061 2727 priores
2090 2672 2285 2714 Psalmos.
2307 2673 2389 2713 Au-

1427 2741 1580 2779 thorem
1610 2741 1728 2779 buius
1753 2738 1932 2789 opusculi
1958 2747 2202 2787 quamquam
2226 2734 2387 2786 Anony-

1428 2814 1534 2842 mum
1562 2802 1781 2841 Vallarsius
1808 2801 1846 2837 in
1872 2798 2118 2838 Praefatione
2143 2797 2391 2848 investigans

1426 2865 1584 2903 Gallum
1626 2873 1717 2902 esse
1757 2863 1915 2900 natione
1938 2864 2048 2898 certo
2078 2858 2221 2898 indicio
2253 2862 2390 2897 tenere

1427 2937 1471 2964 se
1497 2925 1780 2971 demonstrat,
1801 2933 1875 2961 nec
1898 2921 2010 2960 facile
2031 2921 2152 2960 alium
2172 2930 2262 2960 esse
2285 2920 2340 2959 ait
2370 2931 2393 2958 a

1429 2987 1640 3025 Vincentio
1662 2984 1903 3034 Presbytero
1925 2983 2051 3033 Gallo⁷
2074 2981 2123 3020 de
2143 2991 2222 3032 quo
2237 2980 2396 3019 Genna-

1428 3048 1520 3087 dius
1549 3047 1605 3085 De
1635 3044 1872 3098 Scriptorib.
1897 3042 2045 3083 Eccles.
2069 3054 2156 3093 cap.
2179 3040 2245 3081 80.

1481 3109 1517 3147 2.
1540 3108 1582 3146 ln
1601 3113 1683 3146 tres
1701 3109 1873 3146 minores
1892 3104 2108 3156 Prophetas
2130 3103 2283 3152 Osemn,
2301 3101 2395 3142 Joe-

1431 3169 1530 3218 lem,
1561 3170 1680 3208 Amos
1728 3166 2070 3214 Commentarius,
2101 3175 2221 3215 quem
2252 3165 2303 3204 ab
2327 3164 2393 3203 Hi-

1433 3243 1555 3282 spano
1595 3232 1788 3281 scriptore
1821 3229 1986 3276 datum,
2011 3231 2052 3266 et
2080 3227 2180 3266 forte
2217 3236 2238 3265 a
2272 3223 2392 3265 Paulo

1433 3294 1571 3334 Orosio
1603 3302 1654 3330 ex
1675 3292 1904 3330 coniectura
1927 3289 2099 3329 deducit.
