2517 4009
873 224 1330 264 RAMPERTUs

156 295 251 334 Vide
278 296 359 333 Jac.
387 291 523 339 Quetif
563 291 613 330 de
659 292 927 344 Scriptoribus
958 295 1051 335 Ord.

101 352 419 396 Praedicator‘um
451 357 546 391 tom.
569 354 583 391 1
610 365 648 403 p.
679 355 765 393 45⁵..
797 357 867 406 qui
896 357 1060 396 Germa-

101 419 215 467 nica,
243 427 345 467 quae
378 415 428 454 ibi
459 415 683 464 habentur,
714 428 735 455 a
764 418 935 467 quodam
963 419 1060 458 Ger-

103 490 219 518 mano
243 481 280 516 in
307 487 405 516 usus
435 476 684 526 popularium
717 489 882 518 suorum
911 480 1060 518 inserta

100 551 191 579 esso
219 540 459 590 suspicatur.
489 537 626 576 Ambr.
652 539 700 578 ab
726 539 933 580 Altamura
966 541 1062 580 Bibl.

100 603 254 640 Domin.
287 612 325 651 p.
356 601 418 639 45.

152 664 405 705 RAINERUS
452 662 618 712 Vibius,
667 665 793 704 JCtus
842 667 1062 706 Perusinus

100 728 204 766 circa
233 739 268 766 a.
299 726 416 766 4350.
448 728 610 777 scripsit
638 726 685 765 cle
715 727 836 775 Dote,
874 728 914 765 in
953 727 996 778 ff.
1028 731 1066 767 et

103 787 297 829 Codicem.
327 787 522 827 Oldoinus
553 789 581 826 1.
612 799 645 826 c.
677 800 712 839 p.
744 789 832 827 293.

10 881 19 895 .
83 887 87 892 .
153 850 478 896 RAINHAMUS,
521 850 679 901 Anglus
724 851 1012 901 Philosophus,
1041 863 1062 890 a

101 914 306 963 Ducangio
337 913 374 950 in
407 911 567 960 Indice,
599 913 665 962 qui
694 911 896 951 Glossario
926 913 1065 963 praeii-

106 985 186 1013 xus
215 979 306 1023 est,
339 979 610 1021 memoratur,
642 974 735 1012 mihi
771 986 866 1013 vero
911 980 1066 1025 praeter

102 1036 210 1076 hunc
241 1035 418 1075 nondum
452 1037 637 1074 occurrit.

156 1098 338 1145 RAINO.
368 1099 592 1149 Episcopus
620 1096 954 1148 Andegavcnsis,
984 1108 1062 1136 sec.

102 1161 155 1199 X:
183 1161 373 1207 ineunte,
407 1159 534 1199 Vitam
564 1160 602 1198 S.
634 1159 841 1206 Mau-rim,
881 1160 1063 1209 Episcopi

105 1221 437 1272 studegavensis,
467 1221 636 1259 describi
663 1220 810 1271 jussit,
835 1222 902 1270 qui
927 1220 1062 1258 Codex

105 1285 402 1334 manuscriptus
432 1284 588 1321 exstitit
616 1281 720 1331 apud
752 1282 953 1332 AEgidium
986 1284 1063 1321 Me-

109 1345 270 1395 nagium
295 1373 303 1391 ‚
328 1347 369 1382 et
399 1343 497 1382 haec
520 1342 719 1392 adscripta
745 1342 940 1382 habebat:
971 1343 1062 1383 Rai-

100 1416 177 1454 -ηο,
206 1403 406 1457 quondam
433 1403 574 1459 Sancti
599 1403 768 1442 Martini
801 1404 1058 1455 ‹sicot-'elianus

107 1465 328 1519 discipulus
357 1469 395 1505 et
418 1477 574 1518 semper
607 1465 859 1514 Canonicus,
903 1477 952 1504 ac
994 1478 1060 1517 po-

105 1528 302 1568 stmodum
327 1531 499 1568 Sanctae
523 1527 822 1578 Andeqavense‘s
859 1527 1062 1567 Ecclesiae

106 1603 162 1631 ea:
192 1590 301 1630 initio
325 1590 641 1635 Christianitatis
666 1589 896 1642 triyesimus
920 1589 1061 1629 tertius

102 1651 263 1692 humilis
294 1652 522 1704 Episcopus,
539 1664 642 1691 anno
674 1652 965 1691 incarnationis
989 1653 1062 1690 Do-

103 1713 272 1754 minicae
300 1713 431 1753 adhuc
461 1714 501 1752 in
530 1714 707 1754 DCCCC
715 1716 751 1753 V.
784 1719 819 1753 et
849 1714 1064 1753 ordinatio-

101 1776 164 1816 πίε
193 1776 454 1829 Episcopatus
483 1778 551 1816 sui
578 1777 617 1815 in
646 1777 752 1816 XXV.
786 1776 890 1815 hanc
938 1777 1062 1815 Vitam

101 1836 279 1878 scribere
303 1842 339 1877 et
367 1838 578 1889 requirere
597 1839 736 1890 jiissit.
767 1837 1061 1886 Archanalclus,

103 1900 253 1940 Sancti¹
283 1900 460 1940 Martini
484 1899 706 1951 discipulus
747 1903 784 1938 et
832 1900 1058 1948 Diaconus,

94 1962 220 2013 jussu
241 1961 425 2014 praefati
451 1961 601 2001 domini
626 1962 815 2002 Rainonis
838 1962 1004 2013 scripsit
1026 1966 1064 2001 et

102 2024 320 2076 requisivit.
364 2025 496 2071 Quum
540 2027 659 2075 igitur
688 2025 785 2063 haec
816 2026 902 2063 Vita
942 2025 1061 2075 vulgo

101 2085 290 2136 Gregorio
314 2087 536 2125 Turonensi
557 2086 756 2138 adscripta
784 2089 859 2135 sit,
883 2087 939 2125 Jo.
962 2089 1062 2127 Lau-

101 2147 218 2198 nojus
248 2149 285 2186 in
318 2147 471 2187 Judicio
514 2148 563 2187 de
605 2153 767 2188 auctore
797 2149 919 2200 hujus
952 2151 1061 2189 Vitae

103 2215 200 2248 tom.
228 2210 261 2249 ΙΙ
292 2199 466 2261 Operum
503 2215 613 2261 parte
658 2212 687 2250 Ι.
730 2223 769 2261 p.
802 2212 891 2251 656.
922 2213 1062 2250 Baino-

105 2283 195 2310 ucm
227 2272 376 2322 ubique
404 2277 607 2311 auctorem
641 2273 746 2312 illius
777 2274 894 2321 facit,
931 2285 1062 2323 nequo

101 2338 236 2372 tamen
279 2333 385 2372 aliud
430 2340 740 2385 argumentum,
776 2340 1057 2386 praeterquam

99 2406 150 2433 ex
192 2395 326 2433 verbis
370 2395 486 2434 modo
520 2397 730 2446 adductis,
763 2398 936 2448 protulit.
970 2398 1057 2436 Cla-

103 2457 311 2495 rissimum
344 2467 439 2494 vero
469 2463 557 2503 est,
601 2460 776 2497 Bainone
818 2465 972 2498 tantum
1000 2459 1063 2508 ju-

103 2519 223 2557 bente
255 2517 438 2557 codicem
471 2519 594 2557 fuisse
619 2519 863 2570 descriptum
885 2552 892 2569 ‚
916 2533 964 2560 au
992 2534 1061 2560 au—

103 2585 189 2619 ctor
218 2582 295 2627 sit,
326 2591 404 2618 non
435 2579 608 2619 additur.
639 2582 679 2620 Si
712 2583 830 2632 igitur
873 2584 990 2621 stilus
1020 2588 1060 2621 et

104 2644 180 2683 alia
208 2643 441 2693 Gregorium
491 2647 694 2682 auctorem
728 2655 803 2682 non
836 2647 1064 2695 patiantur,

106 2706 303 2744 incertum
337 2706 468 2755 potius
500 2705 608 2742 ilium
641 2706 1006 2755 pronunciabimus.

159 2767 464 2813 RAiNOLDUs.
492 2768 825 2818 Arciiiepiscopus
850 2769 1064 2808 Remensis.

102 2826 306 2878 Epistolae
336 2827 424 2877 ejus
455 2831 628 2879 quatuor
657 2840 721 2868 an.
749 2831 863 2869 4093.
895 2832 1065 2881 scriptae

107 2889 306 2928 habentur
337 2891 372 2928 in
404 2891 589 2930 Conciliis
620 2892 806 2931 Harduini
839 2898 930 2931 tom.
960 2894 1003 2932 V.
1029 2906 1063 2944 p.

117 2951 247 2998 ⁴673,
280 2951 328 2999 4,
360 2952 396 2989 9.

162 3012 448 3053 RAmOLbUS
464 3014 510 3053 de
528 3014 625 3053 Villa
643 3028 742 3055 nova
757 3016 803 3055 (le
825 3016 976 3067 triplici
988 3029 1067 3055 mo·

108 3074 156 3112 clo
180 3074 408 3125 conficiendi
428 3075 523 3114 vina
559 3088 580 3115 a
618 3078 826 3116 Francisco
863 3079 911 3116 do.
950 3080 1065 3118 Senis

105 3138 346 3187 epitomatus
371 3143 505 3176 exstat
532 3140 684 3189 Lipsiae
710 3141 746 3178 in
774 3141 868 3179 Bibl.
892 3142 1062 3180 Paulina.

104 3198 202 3239 Vide
223 3199 454 3250 Cataiogum
479 3201 614 3239 Feileri
638 3213 673 3251 p.
696 3203 786 3241 264.
810 3203 898 3240 262.
923 3202 1065 3241 Viden-

161 3338 196 3375 θ’)
221 3340 278 3371 nic
296 3343 514 3381 Episcopatus
534 3343 566 3374 in
583 3344 718 3383 light-tto
736 3344 857 3377 frustra
873 3346 1071 3385 quaeritur:

2021 233 2095 273 351

1131 295 1255 345 dum,
1293 307 1423 335 annon
1465 298 1518 334 sit
1556 297 1757 338 Arnoidus
1798 299 2094 341 Viiianovanus.

1188 358 1352 397 ³“Omne
1378 357 1659 409 deponendum
1678 365 1740 399 est
1769 361 1933 402 dubium
1951 363 2000 402 de
2024 365 2097 403 hoc

1134 419 1352 468 Rainoldo,
1385 425 1520 460 utrum
1566 421 1669 460 idem
1712 424 1765 462 sit
1801 435 1893 464 cum
1925 425 2099 465 Arnoldo

1137 482 1411 520 Villanovano.
1457 483 1625 522 Constat
1669 486 1776 523 enim
1827 487 2004 526 libellum
2050 488 2099 526 de

1138 543 1255 581 modo
1284 544 1505 582 conficendi
1555 547 1645 584 vina
1677 547 1838 586 Arnoldi
1875 561 1976 600 opus
2008 561 2099 590 esse

1137 616 1228 643 cum
1256 606 1358 643 inter
1374 606 1461 643 eius
1483 617 1598 656 opera
1621 610 1781 659 saepius
1801 621 1978 651 excusus
1999 613 2064 652 sit.
2079 613 2099 635 ¹*

1191 665 1515 707 RAMANTiNUs
1527 668 1574 707 de
1584 668 1797 721 Florentia,
1806 672 1883 711 Ord
1893 702 1902 711 .
1916 676 1975 712 Fr.
1988 676 2102 714 Prae-

1137 727 1385 776 dicatorum,
1409 730 1514 768 circa
1544 742 1605 768 an.
1635 732 1748 770 4363.
1781 746 1913 774 rerum
1947 735 2102 774 mathe—

1137 792 1371 829 maticarum
1391 793 1542 842 peritus
1561 823 1568 840 ‚
1590 795 1748 844 scripsit
1771 797 1964 836 Paschale
1986 809 2096 850 opus,

1138 853 1175 890 in
1207 864 1284 902 quo
1314 852 1594 892 Calendarium
1626 856 1867 896 emendavit.
1899 861 2096 900 Tribuunt

1139 914 1211 964 ipsi
1241 925 1400 964 quoque
1422 914 1717 956 Commentaria
1738 919 1778 957 in
1796 921 1998 970 Senecam.
2023 924 2093 962 sed

1138 988 1361 1027 perperam.
1380 979 1459 1016 Jac.
1482 978 1619 1024 Quetif
1644 980 1692 1019 de
1715 982 1980 1033 Scriptoribus
1999 986 2093 1024 Ord.

1138 1038 1457 1078 Praedicatorum
1486 1044 1578 1079 tom.
1604 1043 1628 1080 1.
1653 1054 1741 1094 pag.
1761 1044 1851 1084 632.
1878 1047 2009 1086 Julius
2034 1049 2098 1087 Ni-

1138 1111 1207 1150 ger
1235 1100 1283 1139 dc
1314 1102 1581 1151 Scriptoribus
1612 1105 1849 1146 Florentinis
1880 1120 1966 1160 pag.
1999 1111 2089 1148 480.

1190 1162 1494 1203 RAMBERTUS
1523 1164 1570 1203 cle
1593 1167 1790 1216 Bononia,
1816 1181 1836 1207 e
1863 1171 1979 1209 nobili
2008 1173 2097 1210 Pri·

1138 1223 1397 1263 maditiorum
1442 1232 1585 1276 gente,
1616 1230 1802 1280 Magister
1838 1234 2096 1281 Parisiensis,

1136 1284 1230 1322 Ord.
1260 1286 1592 1337 Praedicatorum,
1610 1296 1747 1340 postea
1768 1295 1991 1346 Episcopus
2021 1296 2095 1334 Ve—

1137 1347 1348 1385 netiarium
1367 1349 1622 1390 Casteilanus
1646 1351 1679 1399 a)
1706 1365 1768 1392 an.
1787 1356 1902 1395 4302.
1920 1358 2016 1396 obiit
2031 1369 2097 1396 an.

1137 1407 1252 1445 ⁴308.
1279 1408 1448 1459 Scripsit
1471 1410 1761 1462 Apoloqeticum
1784 1420 1922 1455 contra
1942 1419 2095 1457 Corru-

1130 1469 1310 1521 ptorium
1340 1471 1379 1509 S.
1415 1470 1606 1517 Thomae,
1630 1485 1707 1524 pro
1753 1476 1860 1516 illius
1888 1478 2093 1519 doctrinae

1136 1531 1361 1583 defensione
1378 1564 1388 1580 ,
1416 1544 1488 1571 nec
1515 1545 1591 1572 non
1623 1537 1833 1586 Speculum
1856 1541 2096 1592 ezemplare.

1136 1594 1275 1640 Quetif
1291 1595 1314 1633 1.
1335 1606 1368 1633 c.
1389 1607 1475 1646 pag.
1500 1596 1588 1635 504.
1612 1598 1710 1637 liiud
1730 1600 1941 1652 Speculum
1965 1614 2102 1642 eoeem-

1133 1655 1250 1708 plare
1273 1657 1443 1696 habetur
1467 1659 1544 1697 MS.
1571 1660 1608 1697 in
1636 1662 1731 1700 Bibl.
1760 1665 2000 1703 Laurentina
2026 1667 2103 1704 Mc-

1138 1718 1261 1757 dicea.
1281 1720 1398 1757 Bern.
1421 1719 1469 1758 de
1490 1721 1740 1761 Montfaucon
1764 1725 1860 1763 Bibl.
1887 1726 2102 1766 Bibliothe-

1137 1791 1274 1819 carum
1307 1781 1415 1820 MSS.
1445 1794 1482 1832 p.
1514 1783 1605 1821 292.

1191 1842 1213 1864 ³⁶
1242 1844 1519 1883 Renunciatus
1551 1845 1625 1885 fuit
1654 1847 1910 1888 Castellanus
1939 1852 2105 1902 Episco-

1134 1915 1211 1954 pus
1251 1903 1327 1943 An.
1354 1905 1458 1944 4303
1503 1907 1566 1946 die
1599 1910 1662 1948 40.
1693 1911 1834 1949 Martii.
1864 1913 1970 1952 Obiit
1999 1915 2103 1953 circa

1135 1977 1199 2004 an.
1219 1967 1336 2006 4308.
1353 1969 1470 2007 Porro
1501 1970 1650 2010 fallitur
1670 1973 2003 2014 Bibliothecarius
2034 1987 2103 2013 no-

1136 2033 1221 2067 ster
1251 2031 1288 2067 in
1321 2036 1499 2070 annotat.
1532 2032 1594 2071 hic
1625 2034 1803 2074 subiecta
1828 2037 2010 2076 scribens
2031 2038 2106 2077 Ca-

1136 2091 1422 2131 stellanensem
1472 2095 1757 2146 Episcopatum
1799 2099 1946 2138 frustra
1995 2100 2100 2150 apud

1137 2153 1361 2201 Ughellium
1383 2156 1876 2206 quaeri.Castellanenses
1894 2163 2105 2214 enimEpi-

1136 2217 1242 2266 scopi
1275 2217 1393 2255 iidem
1424 2224 1540 2257 erant
1560 2250 1567 2265 ,
1587 2232 1634 2259 ac
1656 2222 1795 2260 Veneti
1814 2253 1822 2268 ,
1847 2229 1889 2262 ut
1911 2225 2102 2264 admonet

1137 2276 1240 2315 idem
1265 2277 1484 2329 Ugheliius.
1507 2281 1589 2319 Cur
1617 2288 1752 2321 autem
1776 2285 2104 2326 Castelianenses

1136 2338 1368 2378 dicerentur
1393 2341 1484 2380 vide
1519 2343 1747 2382 Dandulum
1781 2346 1884 2396 apud
1917 2348 2104 2386 eumdem

1138 2400 1378 2452 Ughellium.
1412 2404 1453 2441 T.
1485 2405 1528 2442 V.
1560 2416 1647 2455 pag.
1681 2407 1797 2445 4⁴84.
1830 2409 1925 2446 Nov.
1957 2409 2063 2447 Edit.

1192 2465 1391 2503 flamberti
1435 2466 1646 2518 cujusdam
1697 2467 1876 2508 Collectio
1920 2471 2100 2509 Veterum

1140 2525 1449 2576 Inscriptionum
1478 2540 1499 2566 e
1528 2531 1648 2567 variis
1672 2533 1922 2570 coemeteriis
1952 2538 1992 2570 et
2022 2545 2102 2572 mo—

1139 2590 1344 2625 numentis
1368 2595 1573 2628 erutarum
1605 2591 1665 2628 bis
1694 2597 1827 2630 exstat
1849 2594 1885 2630 in
1907 2594 2005 2632 Bibl.
2031 2595 2106 2634 Va—

1140 2649 1295 2696 ticana,
1327 2654 1430 2687 teste
1460 2650 1626 2698 eodem⁷
1659 2664 1693 2702 p.
1731 2653 1817 2692 122.
1851 2655 1942 2693 ⁴38.

1192 2710 1258 2748 DE
1291 2710 1627 2752 RAMESIENSIS
1657 2716 1832 2753 coenobii
1865 2717 2098 2756 fundatione

1141 2775 1181 2808 et
1211 2771 1531 2813 benefactoribus
1563 2777 1729 2815 Historia
1768 2783 1902 2817 exstat
1932 2780 1968 2817 in
2001 2780 2104 2819 Scri-

1141 2835 1320 2884 ptoribus
1350 2836 1527 2884 Anglicis
1556 2838 1655 2876 Galli
1687 2843 1795 2877 tomo
1826 2842 1850 2878 Ι.
1884 2853 1969 2892 pag.
2001 2843 2090 2881 385.

1196 2895 1508 2946 RAMPERTUS,
1529 2900 1756 2951 Episcopus
1781 2903 1996 2942 Brixiensis
2021 2906 2105 2943 XL.

1140 2957 1189 2995 ab
1217 2968 1279 2996 an.
1311 2959 1400 2997 8⁴4.

1193 3018 1266 3057 An.
1313 3021 1403 3058 838.
1433 3032 1578 3073 corpus
1609 3023 1646 3062 S.
1682 3023 1881 3063 philastrii
1914 3027 1985 3078 Ep.
2018 3030 2101 3067 Bri-

1142 3082 1291 3119 xiensis
1322 3084 1553 3124 transtulit.
1586 3086 1748 3136 ipseque
1784 3088 2093 3130 Translati‘onem

1143 3143 1242 3181 hanc
1261 3147 1299 3180 et
1309 3143 1509 3183 Miracula
1527 3146 1748 3198 descripsit.
1763 3149 1875 3189 Edita
1894 3152 1989 3192 haec
2003 3159 2099 3192 sunt

1141 3216 1160 3242 a
1200 3205 1312 3244 Sui-io
1353 3206 1389 3244 d.
1435 3208 1572 3246 xviii.
1604 3211 1723 3258 sulii,
1757 3213 1874 3252 Paulo
1903 3214 2097 3255 Galesi-do

1136 3352 1212 3384 crgo
1239 3346 1292 3378 hic
1317 3350 1460 3388 amptius
1486 3351 1739 3390 inquirendum.
