2517 4009
914 217 1247 258 SEVERUS

85 294 216 334 adhuc
250 295 288 331 in
319 290 531 342 Aquitania
561 289 829 332 constitutus,
873 290 1044 328 amicum

88 355 230 394 habuit
255 355 445 394 Sanctum
471 349 671 400 quendam
691 379 699 396 ,
717 355 756 388 et
774 350 894 389 alium
917 351 1048 389 Ende-

87 415 287 463 lechium‚
312 415 427 465 epist.
456 411 519 450 28.
545 415 585 450 et
611 412 672 449 40·
698 412 792 462 qui,
817 413 1004 461 quamvis
1026 423 1047 450 a

85 476 323 527 quibusdam
350 485 419 525 pro
443 484 522 512 uno
551 472 797 522 habeantur,
822 484 961 511 revera
993 477 1049 511 ta-

88 548 179 576 men
201 536 280 575 duo
299 540 406 574 sunt.

135 598 174 636 ls
195 598 314 648 igitur
353 600 519 634 sanctus
559 596 737 634 Paullino
775 595 909 633 thema
936 606 1048 645 prae-

35 666 37 670 “
83 658 243 709 scripsit
262 656 311 696 ad
329 658 616 706 Panegyricum
640 656 862 695 Theodosio
879 655 1045 701 dictum,

83 721 151 771 qui
173 720 278 761 circa
295 729 330 757 a.
354 718 442 756 394.
470 718 629 756 habitus
651 722 725 755 est.
751 718 891 755 Nescio
911 722 1044 754 tamen

83 791 187 819 anne
211 779 276 818 ille
301 779 514 818 binominis
540 780 662 818 fuisse
689 779 830 828 potuit.
858 778 926 816 llle
954 788 1046 815 san-

83 845 198 888 ctus,
224 845 416 890 tanquam
443 840 696 879 Christianus
723 851 744 877 a
775 839 952 877 Paullino
980 839 1047 876 de-

85 901 294 948 scribitur,
312 903 379 951 qui
402 901 568 952 gradum
591 901 764 950 aliquem
798 901 835 937 in
867 899 1045 938 Ecclesia

88 962 276 1001 habuisse
297 962 472 1002 videtur.
496 962 596 1012 Ejus
628 967 739 1012 pater
767 962 928 1000 Flavius
950 962 1048 1000 Sau-

84 1027 177 1063 ctus
199 1024 323 1063 fuisse
347 1029 508 1074 potest,
547 1023 665 1075 cujus
704 1024 905 1062 Ausonius
945 1024 1046 1060 inter

82 1085 228 1124 charos
250 1096 346 1125 suos
376 1097 487 1125 num.
512 1086 563 1123 38
597 1085 787 1122 meminit.
807 1086 924 1123 Porro
941 1082 1045 1134 apud

84 1145 293 1185 Sidonium
314 1147 584 1196 Apollinarem
607 1146 716 1195 Epis,
739 1146 823 1184 Vlll
870 1145 904 1183 4.
937 1155 1046 1182 men-

84 1207 139 1245 tio
170 1206 214 1246 fit
254 1207 487 1245 Endelechii
527 1206 711 1245 Rhetoris
749 1207 940 1249 Romani,
972 1217 1044 1244 nec

83 1278 160 1306 non
201 1269 239 1305 in
284 1268 550 1306 subscritione
595 1278 760 1317 operum
806 1267 962 1319 Apuleji
1006 1269 1041 1304 in

87 1327 332 1366 membranis
355 1327 595 1364 Florentinis
613 1357 625 1374 ,
650 1328 717 1374 qui
742 1333 872 1366 aetate
898 1329 1043 1377 junior,

83 1392 148 1434 et,
175 1388 208 1425 si
232 1387 403 1426 Reinesii
427 1386 700 1436 conjecturam
729 1389 895 1437 probes,
926 1388 1046 1437 hujus

84 1450 209 1487 nostri
248 1448 354 1487 filius
390 1457 480 1486 esse
519 1449 657 1497 potuit.
709 1450 812 1486 Haec
857 1449 1046 1487 adferunt

81 1511 207 1561 Epist.
234 1511 271 1548 8.
295 1509 345 1548 ad
369 1510 582 1548 Daumium
603 1537 610 1554 ,
632 1514 672 1546 et
695 1509 892 1548 Auctores
914 1509 1048 1548 Histo-

85 1572 165 1610 riae
187 1571 389 1610 literariae
406 1570 582 1609 Gallicae
605 1574 701 1608 tom.
727 1571 774 1609 ll.
800 1583 835 1621 p.
861 1569 922 1610 54.
955 1571 1048 1616 Qui-

85 1631 204 1682 cquid
242 1632 321 1680 sit,
358 1642 450 1670 cum
476 1631 592 1669 hodie
617 1631 828 1670 videamus
862 1643 1046 1682 magn-arn

84 1692 292 1731 hominum
330 1691 659 1740 multitudinem,
696 1693 763 1742 qui
802 1692 941 1731 eodem
983 1704 1050 1731 no-

89 1754 196 1792 mine
220 1753 423 1803 gaudent,
449 1764 525 1792 non
552 1755 746 1792 miremur
765 1785 776 1801 ,
807 1755 926 1793 etiarn
956 1755 1048 1792 olirn

94 1814 191 1854 illud
215 1826 294 1854 usu
314 1815 490 1854 venisse.

140 1875 208 1926 1112
234 1876 489 1916 Occasionem
512 1876 710 1915 Carminis
729 1875 1051 1915 subministravit

86 1938 203 1988 lueS,
228 1949 331 1988 quae
354 1937 479 1976 boves
516 1948 586 1987 per
620 1938 888 1985 Pannoniam,
926 1938 1052 1987 Illyri—

91 2011 184 2038 cum
209 2004 249 2038 et
272 1999 416 2049 Belgas
440 2003 663 2046 straverat,
684 2002 726 2036 et
754 2010 861 2037 nunc
890 2010 1050 2049 quoque

89 2062 127 2099 iu
154 2060 322 2100 Galliam
349 2061 591 2111 pertigerat‚
612 2070 650 2096 V.
675 2059 810 2099 22-24.
838 2059 1050 2099 Reinesius

89 2122 272 2170 dubitat,
297 2134 347 2161 an
373 2133 469 2161 vere
492 2121 581 2160 lues
604 2121 745 2170 fuerit,
770 2132 819 2159 an
845 2132 940 2159 vero
963 2126 1051 2160 tan-

85 2188 174 2223 tum
197 2182 410 2223 exercendi
437 2183 583 2233 ingenii
607 2193 751 2221 caussa
768 2182 903 2220 thema
919 2182 1050 2220 elabo-

83 2249 215 2284 ratum
237 2246 300 2284 sit.
330 2244 442 2289 Quod
468 2245 501 2282 si
527 2254 667 2282 revera
691 2243 780 2281 lues
804 2243 878 2282 fuit
896 2245 1050 2281 contin—

95 2307 153 2356 git
174 2317 209 2344 a.
235 2306 325 2345 409.
348 2305 502 2352 Alarico
527 2305 680 2343 ltaliam
706 2305 912 2354 ingresso,
943 2304 1046 2354 quod

86 2378 134 2406 ex
160 2365 303 2406 Rufino
328 2365 512 2416 probavit
535 2365 730 2414 Sigonius.

138 2426 203 2467 IV.
234 2425 407 2466 Titulum
431 2425 478 2464 de
506 2423 703 2463 mortibus
733 2424 874 2473 boum,
907 2425 1046 2464 insulsi

86 2488 429 2529 Grammaticastri
451 2486 649 2537 glossema
666 2487 807 2524 statuit
824 2486 1046 2524 ReinesiuS.

84 2550 327 2591 oeconomia
371 2548 504 2598 potius
551 2548 655 2585 illius
698 2546 770 2584 hoc
803 2551 1060 2596 pertractat,

85 2610 191 2663 quod
223 2621 328 2649 unus
366 2613 499 2661 pastor
523 2607 623 2646 duos
647 2607 745 2645 alios
775 2618 947 2657 paganos
972 2607 1045 2645 hac

86 2673 303 2720 relatione,
332 2671 436 2721 quod
469 2671 628 2708 nomine
658 2669 804 2707 Christi
837 2669 1044 2714 invocato,

84 2739 129 2774 et
150 2745 270 2774 cruce
290 2734 378 2782 ejus
397 2743 488 2771 cum
508 2742 602 2769 vera
623 2729 699 2768 fide
715 2729 932 2780 applicata,
960 2730 1044 2767 lues

85 2795 149 2835 illa
180 2795 317 2835 sedata
348 2794 495 2841 fuerit,
526 2792 574 2832 ad
614 2791 732 2829 fidem
776 2790 1044 2829 Christianam

85 2858 340 2897 converterit.

141 2917 375 2958 SEVERUS
417 2913 644 2966 Sulpicius,
680 2913 798 2961 vulgo
835 2911 1052 2963 Sulpicium

83 2980 282 3019 Severum
298 2981 468 3024 vocant,
490 2975 681 3014 Nitiobrix
700 2975 785 3012 sive
803 2973 1040 3023 Aquitanus,

83 3039 329 3089 Presbyter,
354 3037 532 3087 Scriptor
568 3036 826 3081 notissimus,
859 3035 925 3084 qui
967 3046 1047 3072 rna-

86 3100 205 3138 nibus
229 3109 388 3149 quoque
414 3097 716 3136 adolescentum
755 3096 908 3133 teritur.
934 3095 1047 3132 Prae-

91 3166 199 3201 terea
238 3161 364 3199 otium
404 3159 517 3196 nobis
556 3158 738 3196 fecerunt
771 3157 828 3194 Jo.
865 3155 1044 3195 Clericus

140 3301 173 3340 a)
196 3296 345 3338 Gotting.
371 3297 522 3329 Gelehrte
560 3299 742 3336 zeitungen
784 3295 862 3326 17⁴2
900 3306 932 3336 p.
972 3294 1044 3326 459.

2003 212 2075 250 464

1123 286 1219 325 Bibl.
1243 286 1390 324 selecta
1415 290 1507 324 tom.
1533 286 1621 323 XX.
1646 294 1731 334 pag.
1756 283 1844 321 325.
1876 282 2080 320 Fabricius

1122 347 1218 385 Bibl.
1239 348 1374 386 Latina
1390 347 1452 384 IV.
1473 347 1507 385 3.
1526 345 1705 384 omnium
1725 353 1818 382 vero
1834 342 2080 393 diligentiam

1122 412 1362 458 superarunt
1396 406 1580 445 Monachi
1614 404 2081 444 Benedictino—Mauriani

1123 471 1161 507 in
1182 469 1340 507 historia
1357 468 1509 507 Galliae
1528 468 1697 506 literaria
1733 471 1757 503 t.
1786 466 1832 504 ll.
1858 476 1893 515 p.
1917 463 2081 504 95-446.

1122 530 1187 569 ubi
1211 531 1330 568 etiarn
1358 529 1553 567 editiones
1593 538 1734 566 omnes
1755 533 1846 565 cum
1884 537 1979 564 cura
2017 537 2078 564 re-

1121 595 1300 629 censent.
1323 590 1578 640 Spicilegium
1614 590 1732 639 igitur
1762 589 1953 638 exiguum
1987 586 2081 625 mihi

1121 651 1386 702 colligendum
1413 655 1609 701 superest.
1634 650 1859 688 Editionem
1889 650 2082 687 Historiae

1121 713 1264 751 Sacrae
1290 712 1536 761 Lipsiensem
1563 722 1596 749 a.
1625 710 1738 749 4744.
1763 721 1855 749 curn
1886 712 1989 747 notis
2018 711 2083 748 Mi-

1124 773 1305 811 nellianis
1322 773 1478 810 curavit
1495 773 1542 810 Μ.
1562 774 1621 809 Jo.
1643 770 1865 809 Fridericus
1889 771 2082 817 Weinich‚

1120 833 1201 883 jam
1226 835 1365 871 Pastor
1387 834 1424 870 in
1454 832 1668 882 Thuringia
1699 832 1890 870 dioecesis
1921 833 2083 870 Fensta-

1123 895 1253 932 dinae.
1278 893 1476 932 Editionis
1500 895 1611 932 Joan.
1636 893 1774 931 Clerici
1798 905 1828 931 a.
1859 896 1872 932 4
1885 895 1972 932 709.
2000 895 2082 943 ipse

1123 960 1206 994 tum
1246 966 1384 994 curam
1410 956 1542 1005 gessi,
1572 960 1711 993 auctor
1736 955 1839 993 illius
1863 956 2083 993 annotatio·

1123 1018 1184 1054 nis
1207 1016 1254 1054 ad
1282 1018 1499 1067 Epistolam
1524 1018 1570 1055 ll.
1596 1029 1631 1067 p.
1659 1016 1750 1055 580.
1768 1027 1887 1066 quam
1906 1017 2083 1054 Clericus

1121 1077 1253 1115 laudat
1287 1090 1322 1127 p.
1361 1078 1450 1116 378.
1488 1083 1527 1115 et
1557 1077 1799 1116 Benedictini
1832 1089 1868 1127 p.
1894 1078 1980 1116 446.
2005 1076 2080 1114 Ne-

1119 1150 1196 1189 que
1223 1138 1260 1177 id
1287 1139 1357 1177 feci
1385 1140 1537 1178 Clerico
1578 1140 1725 1182 inscio,
1770 1144 1886 1189 prout
1928 1143 1967 1176 et
1994 1140 2078 1188 ipse

1121 1206 1323 1239 memorat.
1351 1199 1529 1238 Historia
1556 1210 1678 1238 sacra
1707 1211 1797 1238 cum
1829 1200 2082 1239 Commenta-

1120 1263 1174 1298 rio
1191 1261 1335 1312 Sigonii
1352 1266 1393 1298 et
1410 1266 1545 1298 annot.
1561 1262 1620 1298 Jo.
1633 1262 1776 1299 Yorstii
1795 1261 1925 1299 denuo
1943 1260 2085 1311 prodiit

1119 1323 1155 1358 in
1178 1321 1367 1370 operibus
1387 1320 1512 1358 Caroli
1536 1321 1682 1369 Sigonii
1703 1333 1725 1359 a
1751 1321 1929 1371 Philippo
1961 1322 2081 1370 Arge-

1120 1382 1196 1419 lato
1220 1382 1338 1419 editis
1361 1381 1519 1419 Mediol.
1547 1382 1666 1419 4734.
1683 1382 1782 1419 solio.
1801 1382 1931 1420 Editio
1949 1382 2082 1418 novis-

1120 1443 1219 1479 sima
1255 1441 1303 1479 ad
1343 1441 1449 1480 MSS.
1488 1441 1654 1480 Codices
1688 1443 1924 1489 emendata,
1951 1443 2081 1488 notis,

1121 1502 1468 1540 observationibus
1477 1506 1518 1539 et
1529 1502 1875 1540 dissertationibus
1891 1503 2085 1540 illustrata

1123 1562 1267 1614 prodiit
1290 1574 1385 1601 cura
1410 1563 1639 1612 Hieronymi
1657 1562 1705 1600 de
1722 1564 1836 1600 Prato
1851 1593 1862 1610 ,
1884 1563 2084 1600 Veronen—

1123 1625 1204 1672 sis,
1231 1624 1557 1674 Congregationis
1586 1624 1754 1662 Oratorii
1792 1623 1935 1661 ibidem
1972 1624 2083 1660 Pres-

1123 1686 1269 1736 byteri.
1293 1686 1469 1722 Veronae
1497 1684 1612 1723 4744.
1637 1686 1671 1722 4.
1697 1685 1767 1723 sed
1798 1685 1860 1723 hic
1891 1690 2024 1722 tomus
2054 1685 2082 1722 Ι.

1126 1751 1284 1785 tantum
1312 1745 1433 1783 Vitam
1458 1745 1626 1784 Martini
1639 1749 1677 1783 ec
1691 1744 1874 1795 Dialoyos
1889 1746 2082 1783 continet.

1126 1807 1214 1845 Vita
1238 1818 1336 1844 vero
1358 1811 1540 1844 accurate
1557 1806 1754 1844 elaborata
1765 1807 2033 1856 praemittitur
2049 1806 2083 1851 a)

1121 1869 1333 1907 Caeterum
1374 1878 1518 1906 novam
1556 1868 1732 1917 Operum
1762 1868 1897 1905 Severi
1923 1867 2085 1917 Sulpicii

1125 1929 1339 1967 editionem
1364 1940 1413 1967 ex
1445 1929 1564 1967 variis
1602 1927 1814 1967 Codicibus
1842 1927 2086 1966 emendatio-

1125 2002 1210 2029 rem
1244 1990 1441 2041 promisiit
1476 1989 1535 2027 Jo.
1570 1989 1666 2027 Phil.
1704 1987 2015 2027 Kuchenbecker
2046 1989 2085 2025 in

1126 2052 1332 2090 Analectis
1357 2050 1560 2089 Hassaicis
1591 2054 1691 2101 part.
1716 2051 1759 2088 V.
1795 2061 1830 2100 p.
1875 2051 1910 2088 5.
1945 2049 2082 2088 Codex

1124 2116 1200 2154 MS.
1239 2114 1341 2152 Libri
1360 2112 1408 2150 de
1432 2114 1511 2151 vita
1532 2114 1714 2159 Martini,
1743 2111 2013 2162 Epistularum
2044 2116 2084 2148 et

1125 2176 1374 2225 Dialogorum
1413 2175 1512 2212 satis
1539 2175 1730 2223 antiquus
1760 2172 1927 2211 habetur
1951 2172 2084 2218 Quen-

1125 2236 1323 2285 dlinburgi
1340 2266 1351 2282 ,
1374 2239 1478 2272 teste
1502 2234 1605 2272 tobia
1627 2234 1806 2272 Eckardo
1845 2234 1894 2272 de
1930 2234 2082 2273 Codici-

1124 2298 1200 2335 bus
1217 2296 1500 2345 Manuscriptis
1517 2294 1954 2344 Quedlinburgensibus
1971 2306 2008 2343 p.
2021 2298 2034 2333 4
2046 2297 2082 2334 3.

1123 2358 1231 2396 Idem
1271 2356 1484 2396 Eckardus
1522 2367 1546 2405 p
1589 2355 1650 2393 57.
1673 2365 1783 2404 seqq.
1819 2354 2079 2393 Collationem

1123 2418 1277 2457 Codicis
1310 2419 1482 2456 instituit
1509 2427 1600 2454 cum
1631 2415 1806 2454 editione
1837 2416 2080 2462 novissima,

1122 2486 1162 2519 et
1187 2481 1283 2529 reliq
1297 2491 1344 2518 ua
1370 2480 1407 2516 in
1431 2478 1495 2516 illo
1525 2477 1667 2516 Codiee
1697 2476 1850 2527 adjecta
1879 2477 1985 2526 typis
2012 2488 2081 2514 ex-

1121 2542 1234 2592 primi
1257 2541 1390 2589 Jussit.
1408 2538 1613 2577 Eeundem
1631 2538 1813 2576 Codicem
1830 2548 1901 2587 ego
1929 2539 2078 2587 Lipsiae

1122 2601 1305 2640 manibus
1339 2600 1457 2646 trivi,
1485 2610 1608 2647 quum
1647 2598 1694 2636 ad
1738 2599 1927 2635 Thomam
1959 2599 2079 2636 Frits-

1120 2662 1253 2701 chium
1277 2689 1285 2708 ,
1306 2659 1553 2710 bibliopolam
1579 2660 1774 2697 celebrem
1792 2661 1940 2697 missus
1955 2665 2074 2704 esset.

1121 2724 1248 2761 omnia
1275 2722 1422 2760 contuli
1443 2750 1451 2769 ,
1476 2726 1516 2759 et
1541 2722 1692 2771 reliqua
1728 2722 1847 2758 etiam
1878 2722 2078 2770 excripse-

1122 2796 1217 2823 ram.
1242 2785 1401 2821 Possem
1422 2782 1615 2833 quaedam
1637 2784 1738 2820 circa
1765 2782 1952 2820 lectiones
1976 2781 2075 2819 Eck-

1123 2845 1205 2884 ardi
1234 2856 1417 2893 monere,
1442 2843 1510 2881 sed
1538 2848 1754 2882 transeant.

1174 2906 1306 2944 Codex
1361 2906 1518 2955 Collegii
1561 2906 1764 2943 Trinitatis
1802 2905 2073 2954 Cantabrigiae

1124 2967 1309 3006 laudatur
1345 2967 1556 3016 aliquoties
1593 2979 1612 3004 a
1651 2967 1821 3015 josepho
1860 2965 2001 3003 Wasse
2025 2966 2073 3003 ad

1122 3029 1390 3074 Sallustium,
1421 3029 1486 3077 qui
1521 3029 1601 3065 loca
1631 3027 1824 3076 quaedam
1855 3038 1903 3063 ex
1934 3025 2072 3064 eodem

1122 3091 1288 3127 feliciter
1307 3089 1504 3127 emendat.
1531 3091 1671 3138 Caput.
1707 3089 1769 3126 lv.
1800 3088 1883 3125 libri
1913 3088 1961 3125 de.
1992 3090 2073 3126 vita

1119 3151 1272 3189 Martini
1293 3149 1454 3189 adducit
1476 3150 1712 3200 Anonymus
1735 3150 2072 3199 Kirscligarteusis

1112 3289 1264 3321 Noui-elle
1290 3290 1517 3331 Blbliotheque
1542 3297 1625 3324 torn.
1650 3294 1712 3324 xv.
1736 3301 1769 3333 p.
1796 3290 1854 3323 119
1883 3299 1976 3333 seqq.
