2517 4009
953 218 1248 262 THOMAS

107 291 230 340 1514,
253 291 289 339 4.
322 289 468 331 Confer
493 289 836 341 symphorianum
876 291 1074 344 Cbampe-

105 354 209 394 rium
236 352 285 392 de
310 353 572 404 scriptoribus
592 353 772 402 Medicis,
807 355 1070 397 Trithemium

106 416 156 456 do
195 420 332 467 script.
367 415 481 455 Eccl.
516 426 550 454 c.
587 417 678 456 613.
716 418 925 457 Poeciantii
947 419 1070 458 Catal.

110 480 361 532 Scriptorum
378 478 696 519 Florentinorum
717 492 753 531 p.
767 480 1070 520 164 Mercklini

63 538 76 550 ⁶
106 541 344 590 Lindenium
367 545 607 580 renovatum
630 554 667 593 p.
692 541 809 582 1018.

129 603 151 628 *
166 603 303 644 Medici
320 603 440 642 huius
456 602 675 643 doctissimi
693 604 741 643 de
767 610 906 647 natura
939 606 1070 647 foetus

102 667 204 708 duae
228 670 325 710 sunt
348 668 721 717 commentationes,
743 668 865 708 altera
889 669 1067 719 brevior,

101 731 280 771 diffusior
315 741 410 769 vero
447 730 598 777 altera,
633 742 737 782 quas
775 731 914 770 ambas
947 732 1067 772 simul

102 794 228 834 habeo
245 803 415 833 excusas
433 793 471 831 in
489 793 728 833 fol.Venetis
745 795 852 845 typis
869 805 932 833 an.
950 794 1068 834 4500.

101 859 252 900 Harum
288 860 516 909 postrema,
553 867 825 909 quamquam,
866 857 942 898 sub
979 858 1067 896 Dini

101 921 263 962 nomine
287 930 437 960 excusa
462 923 540 963 est,
566 918 710 958 ibidem
737 924 777 959 et
800 920 849 959 ab
865 920 951 959 aliis
974 932 1069 971 gen<

28 1026 32 1030 ,
99 984 157 1025 tili
181 982 232 1022 de
270 983 433 1022 Perusio
469 984 683 1029 tribuitur,
708 981 894 1022 editionis
931 987 1067 1024 tamen

99 1047 206 1086 illius
241 1049 402 1086 curator
435 1045 658 1085 Bassianus
680 1045 829 1084 Politus
853 1045 1069 1085 Medicinae

96 1111 242 1151 Doctor
258 1109 296 1146 in
316 1108 441 1147 literis
459 1108 549 1147 huic
566 1109 637 1159 ipsi
655 1107 816 1146 editioni
835 1109 1070 1159 praemissis

99 1172 274 1212 Thomas
292 1170 422 1210 Garbo
441 1171 630 1209 vindicat.
653 1171 726 1210 Est
742 1172 862 1210 etiam
885 1171 1067 1210 eiusdem

98 1235 275 1281 Thomae
291 1235 457 1274 Summa
469 1231 816 1273 medicinaliscum
830 1233 1068 1273 tractatibus

98 1299 162 1340 hic
182 1310 203 1340 a
223 1296 526 1342 Bibliothecario
551 1301 687 1336 nostro
721 1296 905 1337 indicatis
928 1296 1067 1336 eodem

97 1363 245 1415 pariter
264 1371 298 1400 a.
326 1360 427 1401 4500
455 1358 599 1399 ibidem
625 1370 784 1399 ezcusa.

152 1421 358 1465 THOMAS
395 1422 635 1474 Gascoi9ne‚
656 1421 833 1474 Anglus,
855 1421 974 1462 nobili
1004 1431 1067 1473 ge-

101 1499 198 1528 nere
235 1492 377 1534 natue,
403 1486 680 1531 Cancellarius
701 1485 941 1525 Academiae
964 1485 1069 1525 Oxo-

103 1551 274 1600 niensis,
291 1550 435 1589 claruit.
470 1560 503 1588 a.
530 1547 649 1588 1460.
669 1548 768 1599 Ejus
792 1552 890 1587 sunt
908 1548 1068 1587 Sermo-

108 1625 180 1655 nes
203 1615 244 1653 in
271 1611 511 1664 Evanyelia,
539 1611 732 1656 Veritates
756 1623 807 1650 ex
830 1610 1067 1664 scripturis,

101 1675 393 1718 Dictionarium
419 1674 708 1727 Theoloqicum,
753 1674 837 1716 Vita
862 1676 902 1715 S.
928 1674 1069 1714 Hiero-

105 1740 227 1794 nymi,
243 1737 399 1791 Septem
411 1737 582 1791 flumina
596 1735 853 1790 Babyloniae,
869 1737 1069 1788 Lectiones

106 1801 351 1850 ordinariae.
376 1801 544 1847 Balaeus
564 1801 679 1840 Cent.
702 1802 801 1841 VllI.
824 1801 888 1841 22.
909 1801 1066 1841 Pitseus

103 1879 138 1908 c.
158 1866 251 1907 852.
278 1864 482 1904 Lelandus
502 1875 535 1902 c.
558 1863 650 1904 526.

157 1930 220 1971 Ex
257 1928 498 1968 Dictionario
533 1927 769 1978 Theologico
806 1926 907 1967 haec
945 1928 1066 1968 verba

104 1997 242 2039 notatu
265 1990 382 2043 digna
406 1989 534 2030 adfert
560 1991 746 2030 Usserius
768 1990 817 2029 de
851 1990 1068 2043 Scripturis

102 2061 146 2102 et
163 2056 297 2099 Sacris
321 2054 549 2094 vernaculis
568 2066 604 2106 p.
627 2053 716 2094 164.
747 2054 913 2094 Thomas
935 2054 1069 2095 Arun-

104 2118 180 2160 del.
210 2115 520 2159 Cantuariensls
540 2115 885 2170 Archiepiscopus,
911 2118 970 2157 sic
993 2117 1069 2158 lin-

102 2194 186 2236 9ua
218 2190 439 2234 percussus
464 2183 575 2228 erat,
595 2182 641 2218 ut
662 2190 731 2218 nec
764 2179 972 2231 deylutire,
996 2192 1066 2220 nec

105 2244 216 2298 loqui
232 2243 387 2295 aliquot
401 2242 485 2282 dies
500 2246 591 2282 ante
611 2246 778 2284 mortem
794 2254 911 2282 suam
929 2247 1067 2296 potue-

102 2307 171 2357 rit,
193 2305 328 2346 divitis
348 2304 523 2358 epulonis
546 2307 747 2356 eoeempsp,
771 2309 807 2345 et
828 2305 885 2345 sic
912 2305 1069 2346 tandem

105 2369 211 2410 obiit.
232 2368 363 2421 Atque
385 2371 475 2407 tunc
499 2366 614 2407 multi
630 2367 720 2419 fieri
741 2366 949 2420 putabant,
971 2368 1070 2421 quia

106 2433 275 2476 verbum
300 2430 516 2483 alliyasset,
539 2441 586 2469 ne
621 2440 694 2470 suo
719 2433 890 2483 tempore
903 2430 1069 2483 praedi-

105 2502 285 2538 caretur.

164 2558 368 2601 THOMAS
405 2557 453 2597 de
489 2557 530 2597 S.
575 2555 788 2607 Gervaszb,
817 2557 964 2597 Nobilis
988 2558 1072 2596 Bri-

107 2625 273 2672 xiensiS,
296 2621 391 2663 Ord.
427 2619 744 2661 Praedicatorum
767 2631 799 2659 a.
828 2618 943 2659 4365.
968 2620 1072 2659 Scri-

107 2689 187 2740 psit
206 2686 306 2727 Acta
325 2685 566 2726 Sanctorum
602 2682 724 2723 Sacri
744 2681 908 2723 Ordinis
943 2682 1070 2722 Prae-

106 2748 341 2791 dicatorum:
382 2747 509 2788 Vitam
548 2747 590 2786 S.
628 2745 836 2794 Dominici,
871 2746 912 2786 S.
957 2745 1074 2785 Petri

106 2810 316 2865 Martyris,
334 2814 372 2850 et
384 2811 423 2851 S.
445 2809 610 2849 Thomae
623 2807 848 2861 Aquinatis.
866 2808 1069 2849 Leonardo

112 2873 327 2918 ,cazzando
349 2874 522 2914 Libraria
543 2873 754 2913 Bresciana
780 2884 816 2923 p.
839 2871 930 2912 297.

162 2937 368 2979 THOMAS
385 2935 738 2982 Graius,testante
753 2936 895 2974 Briano
911 2936 1069 2988 Twyno

109 3002 175 3046 lib.
212 3002 234 3040 3
262 3001 312 3040 de
345 3001 531 3051 antiquit.
568 2997 809 3038 Academiae
829 2998 1069 3040 oxoniensis

109 3077 147 3116 p.
163 3063 241 3104 277
262 3067 400 3104 auctor
421 3067 483 3101 est
499 3061 696 3108 Chronici,
718 3060 821 3111 quod
839 3062 1069 3103 inscribitur

109 3125 232 3167 Scala
259 3123 407 3164 mundi.
440 3124 606 3163 Vossius
645 3122 695 3162 de
735 3123 878 3162 Histor.
919 3125 1069 3164 Latinis

111 3189 178 3228 lib.
200 3188 264 3227 111.
288 3199 324 3238 p.
343 3186 424 3228 725
447 3186 495 3225 ibi
518 3185 705 3226 SandiuS.

165 3250 368 3291 THOMAS
390 3247 617 3298 Gualensis,
649 3247 739 3287 vide
764 3246 863 3288 infra
894 3247 1069 3291 Walleis.

165 3312 367 3354 THOMAS
394 3310 643 3360 Guicardus,
678 3310 874 3361 Rhodius,
895 3312 928 3349 J.
952 3311 996 3351 U.
1026 3314 1070 3352 D.

110 3376 292 3430 Magistri
306 3375 474 3425 Ordinis
491 3374 840 3426 aierosolymitani
860 3374 1001 3416 Orator
1021 3375 1069 3416 ad

1150 293 1401 335 Clementem
1425 294 1506 335 Vll.
1529 294 1758 339 Orationem
1779 297 1936 348 habuit,
1968 300 2008 351 in
2033 313 2115 361 qua

1146 356 1388 398 Rhodiorum
1414 360 1724 411 expugnationis
1757 365 1798 400 et
1832 360 2049 414 deditionis
2077 378 2113 410 a.

1148 419 1252 459 1522
1293 420 1417 460 factae
1455 421 1620 463 Summa
1665 425 1921 475 continetur,
1965 426 2113 480 Romae

1146 494 1338 522 excusam
1373 483 1478 524 1523
1501 488 1542 524 et
1578 485 1700 536 1524,
1732 485 1770 526 4.
1803 486 1900 527 Vide
1920 487 2039 531 Bern-
2063 490 2114 540 de

1145 546 1395 586 Montfaucon
1432 547 1528 586 Bibl.
1564 548 1899 591 Bibliothecarum
1935 553 2045 595 MSS.
2071 565 2110 609 p.

1199 669 1409 710 THOMAS
1448 670 1811 724 Gulpherammus,
1846 676 2036 719 Patritius
2070 684 2113 719 et

1143 732 1274 772 Judex
1310 733 1595 775 Cremonensis
1626 738 1729 777 circa
1752 749 1787 778 a.
1814 737 1918 780 1340
1951 742 2113 801 scripsit,

1143 793 1191 833 de
1221 793 1441 847 sepulturis
1467 794 1693 839 Illustrium
1728 800 1913 841 virorum
1945 802 2107 845 Cremo·

1144 857 1345 907 niensium,
1377 863 1418 898 et
1438 857 1485 899 de
1509 861 1700 904 memoria
1723 860 1850 904 locali.
1876 863 1994 905 Arisii
2017 867 2113 909 Cre-

1147 932 1263 960 mona
1290 921 1449 962 literata
1471 927 1565 965 tom.
1589 925 1617 965 I.
1639 937 1675 978 p.
1697 925 1787 966 163.

1197 982 1409 1025 THOMAS
1422 984 1467 1029 de
1483 985 1619 1037 Hales,
1633 999 1718 1028 sive
1735 987 2110 1044 Halensz's.Angtus,

1145 1045 1282 1086 Ordini
1319 1048 1358 1087 S.
1394 1049 1621 1099 Francisci,
1655 1052 1801 1092 Doctor
1839 1053 2108 1106 Sorbonicus‚

1144 1110 1247 1148 circa
1270 1121 1303 1149 a.
1343 1110 1460 1150 1340.
1496 1112 1665 1163 Scripsit
1699 1113 1745 1154 de
1781 1113 1898 1157 beata
1936 1116 2113 1170 Virgine,

1144 1173 1356 1212 Sermones
1373 1173 1649 1226 Dominicales,
1668 1176 1969 1231 Disputationes
1987 1180 2112 1220 Scho-

1145 1232 1323 1275 lasticas.
1358 1237 1528 1277 Balaeus
1567 1239 1733 1279 Centur.
1769 1241 1813 1280 V.
1852 1241 1917 1281 49.
1953 1243 2112 1286 Pitseus

1143 1309 1176 1337 c.
1216 1298 1307 1338 523.
1331 1299 1580 1352 Waddingus
1620 1300 1670 1342 de
1705 1304 1967 1356 scriptoribus
2015 1305 2109 1347 Ord.

1143 1361 1339 1401 Minorum
1363 1373 1399 1413 p.
1424 1362 1513 1409 324.

1197 1422 1399 1464 THOMAS
1423 1422 1470 1464 de
1491 1426 1685 1476 Hanneia,
1709 1427 2006 1475 Grammaticus
2027 1432 2110 1479 An-

1143 1486 1259 1536 glus‚
1285 1486 1323 1524 in
1361 1487 1488 1538 patria
1523 1493 1564 1527 et
1590 1490 1756 1531 Tolosae
1789 1491 1950 1543 docuit,
1983 1500 2025 1535 et
2061 1496 2110 1550 de

1143 1551 1319 1601 quatuor
1364 1549 1663 1592 Grammaticae
1701 1552 1893 1605 partibus
1944 1559 2106 1611 scripsit

1142 1613 1247 1651 circa
1269 1623 1302 1651 3.
1326 1613 1442 1653 4360.
1466 1615 1610 1656 Balaus
1631 1616 1797 1658 Centur.
1814 1617 1920 1661 XIII.
1944 1620 2010 1663 90.
2032 1623 2108 1664 Pit·

1144 1686 1240 1714 seus
1261 1687 1294 1715 c.
1317 1675 1412 1717 584.

1198 1738 1408 1779 THOMAS
1428 1738 1704 1791 Hasilwodus‚
1730 1742 1959 1786 Canonicus
1989 1758 2105 1801 regu-

1142 1802 1236 1842 laris
1256 1802 1294 1842 S.
1320 1801 1535 1854 Augustini
1570 1805 1608 1843 in
1632 1809 1873 1853 monasterio
1896 1808 1946 1848 de
1972 1811 2106 1852 Leldis

1142 1865 1181 1904 in
1203 1864 1344 1904 Cantia
1365 1866 1469 1905 circa
1493 1878 1528 1906 3.
1551 1867 1652 1907 4320
1688 1869 1850 1920 reliquit
1884 1870 2108 1923 Chronicon

1142 1926 1498 1980 compendiariam.
1522 1929 1694 1971 Balaeus
1716 1931 1834 1981 Cent.
1856 1934 1900 1974 V.
1931 1935 1995 1976 20.
2032 1937 2110 1983 Pit-

1143 2002 1236 2031 seus
1258 2001 1292 2030 c.
1314 1991 1409 2033 483.

1198 2052 1405 2094 THOMAS
1441 2052 1488 2094 de
1531 2053 1780 2102 Hasselbech
1796 2088 1807 2108 ,
1852 2057 1943 2104 vide
1991 2070 2114 2113 supra

1143 2119 1188 2157 T.
1211 2117 1277 2156 lll.
1300 2117 1389 2156 181.
2042 2116 2046 2126 “

1196 2180 1401 2220 THOMAS
1423 2178 1688 2232 Hibernicus,
1716 2182 1816 2225 alias
1844 2182 2118 2234 Palmeranus

1142 2255 1174 2282 s.
1200 2242 1570 2294 Palmerstonensis,
1598 2246 1635 2284 in
1663 2257 1757 2297 agro
1771 2245 2018 2295 Kildariensi
2043 2263 2116 2292 na-

1142 2312 1226 2356 tuS,
1260 2308 1404 2346 Doctor
1438 2307 1682 2349 Sorbonicus
1715 2309 1930 2360 aliquando
1951 2311 2113 2363 docuit,

1145 2373 1329 2409 mortuus
1351 2370 1388 2408 in
1411 2371 1654 2409 monasterio
1677 2369 1847 2423 Aquilae
1870 2374 1982 2425 regni
2018 2375 2119 2425 Nea-

1145 2432 1308 2483 politani
1335 2443 1369 2472 a.
1396 2433 1513 2474 4269.
1537 2433 1637 2484 Ejus
1665 2439 1852 2486 prostant
1884 2435 2117 2490 Manipulus

1139 2495 1300 2547 florum,
1326 2496 1412 2534 sive
1432 2495 1574 2537 Flores
1595 2496 1768 2537 omnium
1792 2497 2018 2549 doctorum,
2046 2500 2120 2552 qui

1146 2569 1267 2610 super
1304 2557 1434 2598 sacris
1461 2557 1592 2598 literis
1629 2559 1897 2612 scripserunt,
1935 2561 2112 2601 Placent.

1148 2619 1251 2659 4483
1278 2619 1543 2659 foli0.·Venet.
1565 2619 1688 2667 1492,
1709 2621 1826 2662 1550.
1848 2623 1970 2665 Paris.
1992 2622 2108 2673 4556.

1148 2682 1272 2733 Lugd.
1297 2682 1414 2731 1555,
1443 2682 1545 2723 1567
1566 2688 1606 2722 et
1627 2684 1718 2723 alibi
1741 2685 1902 2736 pluries.

1201 2744 1354 2785 Inedita
1380 2750 1477 2794 sunt
1504 2744 1551 2786 de
1583 2745 1817 2793 Christiana
1852 2746 2043 2802 relzyione
2065 2748 2113 2803 de

1145 2806 1399 2848 illusionibus
1438 2808 1692 2861 daemonum,
1718 2809 1765 2852 de
1790 2810 2002 2853 tentatione
2025 2811 2112 2856 dia·

1145 2870 1238 2920 boli,
1260 2871 1307 2912 de
1330 2871 1521 2914 remediis
1548 2873 1754 2922 vitiorum.

1197 2935 1365 2975 Balaeus
1398 2935 1566 2975 Centur.
1593 2936 1698 2985 XIV,
1722 2935 1788 2981 89.
1824 2936 2021 2987 Waraeus
2058 2938 2112 2989 ‚de

1144 2999 1326 3049 scriptor.
1363 2997 1572 3037 Hiberniae
1596 3009 1633 3050 p.
1671 2997 1734 3037 60.
1772 2999 1855 3038 Jac.
1890 2999 2029 3047 Quetif
2055 2999 2112 3041 de

1143 3061 1412 3112 Scriptoribus
1450 3059 1544 3099 Ord.
1584 3058 1906 3102 praedicatorum
1948 3065 2044 3102 tom.
2079 3063 2109 3103 1.

1145 3121 1480 3175 p.7t!o.Willotus
1499 3133 1591 3163 cuin
1614 3123 1891 3164 Franciscauis
1915 3122 2108 3176 adscribit

1144 3188 1183 3226 in
1201 3185 1372 3225 Athenis
1393 3185 1517 3226 sodal.
1538 3187 1792 3227 Franciscani
1817 3199 1854 3239 p.
1875 3186 1970 3228 333.

1198 3248 1401 3290 THOMAS
1420 3247 1467 3289 de
1491 3247 1656 3298 Hilleia,
1682 3251 1810 3301 patria
1830 3250 2106 3301 Suffolcensis,

1146 3312 1440 3354 ilarmelitanus
1470 3313 1509 3351 in
1541 3312 1730 3362 coenobio
1765 3314 2108 3367 Gippeswicensi,

1149 3376 1383 3428 Theologiae
1415 3377 1558 3416 Doctor
1591 3375 1946 3429 Cantabrigiensis,
1979 3377 2031 3420 ibi
2065 3383 2107 3418 et
