2533 4009
462 260 536 300 138

511 332 617 370 ldcm
649 327 840 367 Notkcrus
874 311 1068 361 >Balbulus
1107 323 1268 374 putatur
1311 322 1406 360 San-

456 395 642 436 uallensis
673 391 733 428 illo
763 391 899 425 auctor
929 384 1123 422 librorum
1153 394 1324 434 quorum
1359 383 1406 422 de

454 436 533 496 'vita
558 451 693 494 Caroli
721 448 863 497 Massyli.
889 447 935 485 ad
982 447 1165 484 Carolum
1213 447 1402 485 Crassum

456 530 554 568 quos
578 520 660 566 post
688 512 889 550 Cunisiurn
917 516 1010 548 tom.
1039 512 1052 548 4
1086 508 1402 559 12ag.360.(0dit.

458 590 580 616 novae
611 582 704 612 tom.
729 574 752 611 ἓ
769 578 879 623 parte
899 574 932 611 3.
953 584 1036 622 pag.
1056 572 1132 618 57.)
1150 576 1190 608 ot
1206 570 1404 609 Andre-am

456 642 505 678 ‹lu
537 628 691 676 chesne
722 642 813 674 tom.
845 637 869 674 2
900 647 1035 674 rerum
1056 636 1297 672 Francorum
1319 645 1402 683 pag.

457 703 542 742 ⁴07.
573 699 865 739 emendatiores
895 697 1017 736 edidit
1047 698 1142 735 Sim.
1175 695 1276 734 Frid.
1307 696 1409 734 Hah-

454 768 569 812 nius,
601 769 644 802 ut
673 763 752 801 dixi
783 767 876 800 tom.
909 764 922 801 l
961 773 1047 811 pag.
1094 760 1181 797 320.
1228 758 1322 796 Vidn
1366 764 1406 796 et

452 827 653 865 Oudinum
684 831 778 863 tom.
808 825 831 862 2
869 836 953 874 pag.
986 824 1074 862 323.
1113 820 1406 869 Gundlingiana

451 891 592 928 xxvl.
623 900 708 939 pag·
740 888 803 925 93.
835 887 1048 936 Dupinium
1090 889 1182 922 tom.
1229 884 1265 920 9.
1308 882 1405 920 Bibl.

459 953 612 991 Ecclcs.
642 962 728 1000 pag.
759 951 820 988 56.
852 948 1058 987 Bartliium
1090 947 1223 985 XLVI.
1256 945 1293 982 8.
1329 943 1408 982 Ad-

454 1025 604 1053 vorsar.
635 1019 710 1051 otc.

505 1077 526 1099 ³*
555 1077 699 1116 Omisit
730 1075 930 1113 Fabricius
970 1071 1131 1109 Notkcri
1180 1070 1301 1109 huius
1331 1070 1412 1119 epi-

454 1139 594 1177 stolam
633 1137 680 1176 ad
726 1138 764 1174 1³.
814 1136 1079 1185 Rutpertum,
1111 1134 1147 1170 in
1180 1143 1258 1182 qua
1288 1143 1330 1169 so
1360 1131 1408 1169 de

451 1199 750 1238 obtrectationis
773 1198 938 1236 crimine
968 1199 1135 1246 purgat,
1165 1205 1285 1245 quam
1324 1195 1410 1233 vul-

453 1264 560 1312 gavit
592 1264 630 1300 P.
661 1263 761 1305 Pez,
792 1265 832 1298 et
863 1259 1068 1298 llcubcrus
1099 1259 1136 1295 in
1167 1255 1252 1295 cod.
1279 1257 1410 1307 Diplo-

453 1326 594 1363 uiatico
624 1335 711 1374 pag.
740 1323 830 1362 408.

505 1389 605 1426 Cum
638 1389 674 1424 in
707 1387 860 1424 officina
907 1385 1063 1423 libraria
1106 1389 1335 1436 prostantcs
1366 1383 1409 1422 li—

454 1451 545 1488 bros
590 1451 770 1499 geminos
799 1448 847 1486 ab
877 1447 1033 1486 Halmio
1063 1447 1194 1486 editos
1229 1447 1412 1486 offendis-

455 1524 569 1558 sem,
601 1512 867 1560 legissemquc
900 1511 936 1547 in
965 1523 1026 1560 op.
1057 1511 1297 1561 praefatione
1327 1509 1413 1547 dari

459 1576 506 1612 ibi
536 1574 711 1613 Monaclii
745 1573 1016 1622 Sangallensis
1048 1575 1169 1611 vitam
1204 1573 1332 1611 Caroli
1364 1573 1414 1610 M.

461 1638 586 1676 multo
615 1648 734 1686 quam
779 1647 880 1686 quac
909 1647 959 1673 ex
1004 1636 1160 1674 Canisio
1195 1634 1414 1685 prodierit,

459 1701 733 1737 correctiorem
781 1697 895 1736 avide
940 1698 1059 1736 libros
1106 1698 1198 1735 mibi
1244 1697 1412 1747 poposci.

463 1765 511 1801 At
554 1762 653 1799 tacta
698 1771 788 1799 cum
841 1760 1055 1798 Canisiano
1100 1760 1163 1797 illo
1206 1759 1414 1797 collatione

462 1834 562 1861 vana
592 1833 663 1873 spe.
691 1822 902 1871 deceptum
939 1833 1001 1859 me
1033 1823 1168 1860 statim
1213 1821 1415 1870 intellexi3

460 1897 550 1923 nam
582 1889 739 1935 praetor
768 1895 886 1934 quam
918 1896 1006 1922 raro
1035 1884 1113 1923 duo
1144 1885 1217 1922 ista
1250 1884 1353 1921 inter
1372 1893 1415 1921 se

463 1947 719 1997 discrepant,
750 1948 786 1984 in
837 1947 912 1985 illis
957 1948 993 1984 in
1040 1946 1185 1997 quibus
1230 1946 1417 1985 differunt

464 2009 662 2047 interdum
711 2009 870 2058 vulgata
901 2008 1019 2047 editio
1051 2007 1306 2059 praeferenda
1350 2011 1414 2046 est

465 2083 601 2109 novae.
631 2072 866 2109 Canisianus
896 2070 1019 2109 codex
1038 2072 1225 2120 integrior
1241 2074 1303 2107 cst
1319 2069 1416 2107 alte-

466 2146 508 2172 ro
532 2135 597 2183 qui
624 2132 770 2171 desinit
792 2134 828 2170 in
851 2143 935 2182 cap.
961 2134 1074 2172 XXX
1101 2132 1320 2170 Canisiano.
1346 2133 1417 2169 De—

466 2200 653 2246 pravatac
668 2195 848 2233 lectionis
865 2196 1043 2246 exempla
1062 2207 1184 2234 unum
1195 2194 1417 2233 alterumve

467 2260 600 2307 accipe
631 2258 722 2307 Cap.
756 2259 788 2296 4.
822 2257 914 2295 odit.
959 2258 1094 2295 Canis.
1135 2258 1240 2295 Unus
1284 2267 1419 2295 eorum

468 2319 620 2357 nomine
638 2318 870 2358 Clementem
889 2319 927 2357 in
952 2317 1083 2357 Gallia
1104 2319 1282 2357 residere
1300 2330 1421 2370 prae-

469 2382 607 2432 cepit.
640 2413 647 2420 .
679 2413 686 2419 .
718 2411 725 2418 .
763 2380 932 2420 alterum
975 2393 1070 2420 vero
1118 2383 1269 2420 ‘nomine
1314 2379 1422 2419 Albi-

469 2456 563 2482 num
581 2444 620 2482 in
637 2443 793 2482 Italiam
816 2444 979 2483 diremit.
1010 2445 1141 2483 Codex
1174 2444 1310 2483 llahnii
1336 2454 1421 2493 cap.

471 2509 506 2545 4.
533 2507 658 2544 Unum
681 2517 816 2545 eorum
841 2506 880 2543 in
904 2504 1036 2544 Gallia
1059 2505 1237 2544 residere
1256 2516 1421 2557 praece-

401 2589 404 2593 ·
469 2569 547 2620 pit.
575 2599 582 2606 .
610 2597 620 2607 .
645 2598 653 2606 .
684 2567 863 2607 Alterum
891 2580 983 2608 vero
1012 2568 1163 2607 nomine
1188 2569 1229 2605 in
1263 2566 1422 2607 Italiam

472 2630 636 2669 diremit.
667 2632 851 2670 Canisius
873 2643 960 2682 cap.
982 2631 1026 2669 V.
1061 2631 1153 2668 Tum
1178 2629 1240 2669 ille
1266 2629 1422 2668 taltau-

474 2693 651 2731 ctoritate.
673 2691 885 2732 roboratus
910 2693 1214 2744 Respo—asomum
1244 2692 1423 2730 intonuit.

475 2754 653 2792 Halmius
692 2756 722 2792 T
720 2766 794 2792 unc
818 2755 881 2793 ille
902 2754 974 2793 talc·
993 2755 1228 2793 auctoritate
1256 2753 1423 2793 robora-

475 2819 538 2853 tus
558 2816 756 2866 imposuit.
781 2817 1004 2855 Fatendum
1027 2823 1089 2855 cst
1114 2822 1246 2855 tamen
1277 2821 1316 2855 et
1343 2818 1426 2855 exi-

478 2879 576 2915 mias
606 2877 805 2916 interdum
836 2878 1019 2917 Codiccm
1052 2879 1159 2916 illum
1191 2879 1329 2917 offerre
1372 2879 1426 2916 le-

477 2940 629 2977 ctiones
657 2950 702 2976 ac
733 2939 910 2989 periodos
940 2939 1130 2989 quasdam
1176 2939 1327 2977 hiulcas
1365 2951 1424 2978 sa·

532 3080 564 3117 a)
585 3082 621 3110 T.
644 3080 676 3111 2.
697 3080 780 3111 Bibl.
807 3081 946 3112 vindob.
969 3089 1000 3120 p.
1023 3079 1094 3111 459.
1118 3087 1185 3119 seq.
1210 3084 1239 3111 st
1261 3080 1337 3112 7257.
1360 3089 1429 3120 seq.

472 3130 680 3161 Lambeciurn
700 3132 820 3169 secuti,
837 3130 1059 3169 mabilloniuz,
1075 3133 1224 3169 Herum,
1239 3135 1271 3162 et
1287 3139 1323 3162 ex
1340 3135 1431 3171 parte

474 3179 652 3210 schilterus
669 3204 675 3209 .
699 3182 756 3219 qui
774 3180 892 3211 Otsridi
918 3180 1063 3211 laborem
1083 3178 1101 3209 a
1120 3181 1259 3212 Notkero
1281 3182 1432 3220 interpo-

476 3226 578 3257 latum
599 3227 698 3259 ruisse
720 3229 782 3260 sibi
809 3231 982 3268 persuasit.

536 3275 570 3312 b)
594 3277 785 3309 Eckehardo
809 3281 947 3310 minimo
982 3288 1052 3319 cap.
1082 3279 1134 3311 ⁶20.
1171 3282 1258 3311 vitae
1282 3279 1428 3317 Balbuli,

477 3333 616 3363 eumque
640 3329 759 3358 secutis
777 3328 922 3360 vadiano
937 3353 946 3368 ,
964 3331 1127 3369 Dupiuio,
1154 3332 1218 3361 Jac.
1244 3332 1406 3369 Rasnagio
1423 3353 1431 3367 ‚

478 3374 627 3413 aliisque.

1250 247 1650 288 NO'l'KERUS

1483 331 1603 367 nare·⁷
1634 330 1723 357 cum
1762 323 1893 359 tamen
1931 323 2077 362 rariora
2120 323 2216 362 hacc
2258 323 2367 372 sint,
2396 327 2440 364 ut

1483 384 1547 421 vix
1579 393 1698 420 unam
1730 387 1770 419 ct
1798 382 1963 422 alteram
1995 385 2191 435 pagellam
2220 385 2438 435 impleant,

1482 444 1708 494 praestabat
1758 454 1843 481 meo
1888 445 2047 494 quidem
2086 447 2262 497 Judici03
2292 458 2438 498 paucas

1481 508 1600 546 hasce
1647 507 1852 545 variantes
1892 506 2010 556 dare,
2039 520 2158 559 quam
2201 510 2438 560 opusculum

1481 575 1613 609 totum
1649 568 1855 607 recudere.
1883 569 1904 591 *

1534 632 1810 672 NOTKERUS
1838 632 1994 670 Doctor.
2015 662 2022 678 ‚
2050 635 2176 674 Pictor
2199 639 2240 674 et
2261 633 2438 675 Medicus

1484 696 1572 733 sivo
1598 695 1795 744 Physicus
1825 699 1865 732 et
1895 695 1992 733 artis
2020 695 2229 736 Theoricae
2258 698 2442 748 Magister

1483 758 1583 795 idem
1619 759 1685 807 qui
1717 768 1785 807 pro
1811 757 2025 795 severitate
2055 756 2356 808 disciplinarum
2379 759 2442 799 Pi-

1476 819 1585 871 peris
1602 830 1775 869 eranum
1796 821 2105 869 cognominatus
2130 819 2219 868 fuit,
2248 822 2380 861 clarus
2401 827 2442 861 et

1482 884 1564 932 ipsc
1589 887 1677 932 post
1706 882 1828 920 seculi
1857 880 1998 920 decimi
2016 880 2195 921 medium
2222 884 2259 920 in
2280 885 2443 936 Sangal-

1482 945 1581 983 lensi
1622 945 1872 982 monasterio.
1918 945 1972 982 De
2015 943 2099 982 hoc.
2143 944 2344 985 Eckardus
2385 947 2441 986 al-

1483 1012 1543 1045 ter
1562 1038 1572 1055 ‚
1603 1006 1700 1045 libro
1729 1006 1778 1044 de
1807 1007 1966 1045 casibus
1994 1007 2220 1045 Monasterii
2257 1007 2300 1046 S.
2342 1007 2441 1048 Galli

1483 1081 1568 1119 cap.
1599 1069 1663 1108 43.
1692 1073 1787 1107 tom.
1821 1070 1833 1107 l
1866 1068 2042 1107 Goldasti
2073 1068 2364 1108 Alemannicor.
2406 1082 2442 1121 p.

1485 1133 1546 1170 55.
1577 1141 1660 1180 seq.
1692 1131 1875 1169 Peritiam
1900 1129 1987 1180 ejus
2018 1131 2056 1168 in
2085 1134 2171 1169 arte
2209 1130 2358 1170 Medica
2401 1137 2442 1171 et

1484 1194 1644 1244 pictoria
1676 1193 1852 1243 pluribus
1875 1192 2104 1242 celebrans,
2127 1192 2280 1232 nullum
2305 1198 2436 1234 tamen

1483 1256 1571 1307 ejus
1599 1257 1793 1305 scriptum
1821 1255 2017 1297 nominat,
2052 1259 2210 1294 tantum
2253 1256 2308 1294 ait
2349 1267 2442 1294 eum

1485 1320 1625 1358 fecisse
1655 1318 1872 1357 Otbamaro
1901 1316 2041 1356 Abbati
2072 1316 2236 1356 decoras
2266 1317 2446 1369 antipho-

1484 1393 1557 1421 nas
1573 1413 1582 1429 ,
1602 1386 1642 1419 ct
1667 1381 1878 1431 hymnum:
1903 1381 2045 1419 Rector
2064 1380 2220 1418 aeterni
2241 1379 2443 1420 metuende

1484 1443 1603 1491 secli.
1629 1449 1668 1482 ct
1687 1444 1880 1493 hymnum
1904 1441 1950 1481 de
1972 1453 2055 1481 una
2073 1442 2228 1494 virqine
2243 1454 2319 1482 non
2335 1455 2445 1482 mar-

1488 1510 1585 1559 tyre,
1610 1505 1841 1545 Eckcliardo
1871 1507 2039 1553 seniori,
2069 1507 2226 1545 Decano
2245 1507 2348 1545 circa
2368 1506 2443 1545 An.

1488 1571 1576 1608 970.
1608 1569 1763 1608 Notkeri
1793 1567 1930 1608 Medici
1973 1568 2145 1608 doctoris
2187 1567 2355 1621 hymnus
2397 1567 2443 1608 de

1488 1633 1526 1671 S.
1555 1631 1744 1671 Othmaro
1765 1635 1897 1670 exstat
1922 1633 2024 1670 inter
2042 1632 2313 1684 Sangallensia
2336 1633 2358 1671 a
2375 1632 2449 1672 Ca-

1491 1696 1589 1733 nisio
1613 1694 1742 1741 edita,
1780 1699 1900 1744 atque
1937 1693 2030 1732 inde
2068 1695 2106 1732 in
2150 1694 2246 1734 Bibl.
2285 1695 2446 1734 Patrum

1493 1757 1614 1807 Lugd.
1643 1761 1670 1795 t.
1697 1757 1760 1795 27.
1791 1767 1829 1806 p.
1858 1756 1946 1795 5⁴6.

1544 1818 1810 1858 NOTKERUS
1837 1818 2052 1858 Monachus
2075 1819 2344 1869 Sangallensis
2368 1824 2447 1860 ter-

1490 1883 1597 1931 tius,
1629 1880 1759 1921 studio
1783 1886 1823 1918 et
1851 1880 2029 1920 doctrina
2059 1881 2359 1922 laudatissimus
2382 1893 2446 1922 co-

1491 1948 1703 1995 gnomento
1731 1941 1884 1991 Labeo,
1927 1944 2140 1983 defunctus
2175 1943 2290 1983 Anno
2331 1945 2449 1983 4022.

1488 2008 1601 2047 Hunc
1631 2006 1882 2054 Labeonem,
1911 2011 1955 2045 ut
1991 2010 2099 2045 recte
2138 2008 2196 2045 J0.
2234 2007 2448 2047 Metzierus

1488 2068 1552 2108 lib.
1583 2079 1667 2118 cap.
1700 2068 1760 2106 44.
1786 2067 1834 2106 de
1861 2068 2081 2108 illustribus
2107 2068 2448 2120 Sangallensibus,

1491 2142 1567 2169 non
1598 2142 1694 2169 vero
1723 2129 1952 2178 Otfridum‚
1992 2135 2035 2169 ut
2064 2131 2197 2170 visum
2237 2131 2446 2170 Lambecio

1491 2194 1530 2242 a)
1556 2203 1628 2232 nec
1651 2192 1865 2231 Notkerum
1894 2192 2102 2232 Balbulum
2135 2196 2179 2232 ut
2207 2192 2444 2244 quibusdam

1492 2256 1578 2295 aliis
1600 2266 1837 2306 persuasum
1864 2255 1964 2302 fuit,
1990 2254 2025 2304 b)
2049 2259 2252 2295 auctorem
2277 2266 2368 2295 esse
2381 2266 2449 2294 ve-

1494 2320 1589 2356 teris
1622 2316 1840 2356 Theotz'scae
1863 2328 1980 2368 quam
2021 2317 2213 2356 habemus
2252 2319 2448 2357 versionis

1493 2385 1612 2430 atque
1635 2381 1893 2430 expositionis
1932 2378 2180 2418 Psalmorum
2210 2380 2370 2419 Davidis
2408 2384 2449 2418 et

1494 2448 1738 2481 caeterorum
1766 2441 2021 2482 Canticorum
2052 2440 2319 2491 Bibticorum,
2344 2452 2448 2494 sym-

1496 2503 1650 2556 bolique
1673 2503 1884 2556 Apostolicz·
1903 2507 2022 2556 atque
2043 2503 2310 2545 Athanasianz·
2326 2534 2336 2551 ‚
2359 2516 2450 2545 eru-

1495 2568 1579 2605 dite
1611 2567 1928 2606 demonstratum
1966 2572 2051 2615 est,
2079 2569 2102 2606 a
2137 2568 2447 2608 Bibliothecario

1496 2631 1740 2682 Sangallensi
1765 2631 1988 2668 clarissimo
2021 2630 2222 2669 Bernardo
2260 2630 2450 2670 Franckio

1497 2696 1529 2742 c)
1560 2699 1599 2731 et
1629 2695 1649 2732 a
1680 2693 1891 2744 praeclaris
1923 2693 2024 2731 Viris
2046 2692 2082 2741 d>
2107 2694 2172 2742 qui
2197 2693 2347 2743 Lipsiae
2367 2693 2451 2732 lau-

1496 2756 1702 2794 datissimo
1726 2753 1859 2793 studio
1884 2758 1924 2792 et
1963 2752 2175 2803 conjuncta
2205 2765 2321 2805 opera
2367 2754 2443 2794 hoc

1493 2818 1575 2868 jam
1597 2821 1744 2867 agunt.
1771 2820 1813 2854 ut
1843 2827 1919 2854 non
1947 2816 2079 2855 minus
2115 2816 2271 2867 linguae
2306 2817 2452 2855 Teuto-

1500 2881 1608 2917 nicae
1635 2879 1786 2917 Veteris
1809 2879 1979 2928 origines
2007 2881 2048 2916 et
2078 2878 2336 2928 antiquitates
2371 2878 2450 2916 cla-

1498 2941 1652 2978 rissimo
1677 2944 1838 2990 pateant
1861 2944 1980 2990 atquo
2005 2940 2286 2990 iliustrentur,
2323 2951 2444 2990 quam

1553 3086 1584 3123 c)
1610 3087 1644 3116 ln
1670 3086 1747 3117 diss.
1772 3083 1935 3116 historico
1959 3084 2121 3122 crititiea,
2139 3084 2272 3116 Notkeri
2292 3083 2450 3125 psalterio

1494 3137 1672 3177 praemissa
1703 3137 1734 3166 in
1753 3138 1843 3165 tomo
1868 3134 1895 3165 1.
1915 3134 2060 3165 thesauri
2085 3133 2309 3167 schilteriani.

1553 3186 1586 3216 «n
1603 3186 1779 3225 Beytraqe
1795 3193 1859 3215 zur
1881 3183 2074 3215 critischen
2087 3183 2249 3215 Historie
2272 3184 2337 3216 dor
2351 3185 2454 3219 deuc-

1495 3236 1597 3267 echen
1620 3235 1766 3276 spe-acho
1786 3244 1851 3266 von
1869 3235 2010 3274 einiyen
2024 3233 2254 3273 Mitqliedern
2268 3234 2330 3265 der
2354 3237 2454 3270 deuc-

1498 3286 1619 3317 eschen
1639 3284 1897 3317 Geseltschasse
1921 3284 1959 3314 in
1982 3283 2135 3324 Zeipzm,
2161 3283 2280 3314 actites
2294 3285 2411 3326 Stuelc,
2426 3290 2450 3319 ι,

1499 3337 1529 3368 2.
1553 3346 1587 3376 p.
1610 3335 1669 3367 576
1686 3359 1695 3368 .
1719 3344 1788 3375 seq.
