2533 4009
505 227 577 267 64'4

853 318 950 363 SEX
982 322 1100 362 ΜΘΝ

561 395 977 440 Α(ιήιιήιέῖι·αη(ἰανιιηι
1033 378 1444 446 Rerumpztblicnrum.

507 464 597 502 Tres
625 460 676 499 acl
703 459 916 500 Jusez'ti'am.
948 464 983 496 et
1015 461 1095 496 tres
1118 456 1172 495 ad
1195 458 1445 512 Injrestc'tz'am.

551 540 769 581 Monarcliia
797 539 950 590 justum
981 538 1184 583 Regnum,
1223 538 1283 575 cui
1327 549 1445 587 oppo-

498 606 570 642 sita
593 609 659 645 est
690 602 896 651 Tyrannis.
922 599 1176 637 Aristocratia
1198 600 1442 648 Optimatum

498 669 750 705 l‘otentatus.
780 664 840 700 cui
879 662 1070 700 contraria
1116 666 1194 699 est·
1221 662 1441 711 Oligarchia

497 739 707 779 paucorum
735 725 950 763 violentum
979 724 1206 774 Imperium.
1234 724 1441 763 Democra-

497 793 548 829 tizi
579 789 706 840 populi
738 789 836 826 bene
865 786 1179 826 administrantis
1201 790 1442 836 potentatus,

497 854 559 893 cui
609 852 784 903 opposita
836 855 896 888 cst
947 848 1192 887 Ochlocratia
1241 849 1444 900 imperitae

497 915 633 956 turbae
664 913 868 953 temeraria
901 915 1090 962 potestas-

850 1033 1094 1075 alenai-cleia.

554 1165 737 1212 Princeps
768 1171 871 1200 unus
902 1162 939 1199 in
971 1161 1062 1199 orbe
1091 1161 1245 1211 bonus,
1278 1166 1320 1200 ut
1352 1163 1448 1202 Cac-

499 1238 586 1272 sar,
617 1225 678 1262 vel
709 1225 938 1274 Augustus,
972 1224 1036 1274 qui
1071 1234 1118 1261 ex
1151 1223 1235 1273 lege
1266 1228 1305 1261 et
1335 1224 1374 1263 S.
1403 1225 1446 1263 C.

498 1287 802 1332 Plebisvescito2
831 1290 871 1323 et
900 1285 1059 1324 Tribuni
1099 1290 1318 1336 potestate,
1364 1298 1445 1324 ma-

498 1350 726 1404 gistratibus
747 1348 858 1386 bonis
883 1349 1130 1398 provincias,
1152 1358 1351 1398 regnaque
1377 1360 1444 1398 per

501 1414 631 1453 orbem
663 1410 864 1449 moderare
893 1409 1109 1457 curabant,
1142 1415 1184 1448 ut
1215 1410 1326 1447 hodie
1369 1412 1447 1449 Fri-

500 1477 656 1516 dericus
684 1474 914 1523 designatus
945 1474 1160 1522 Imperator
1203 1474 1238 1510 in
1285 1473 1444 1512 Germa-

502 1541 575 1577 nia.
607 1539 682 1576 Nec
714 1547 787 1573 non
820 1537 855 1573 in
887 1535 1031 1581 Gallia,
1063 1540 1102 1573 et
1131 1536 1352 1573 Britannica
1386 1537 1447 1574 ln-

502 1600 585 1640 sula
638 1598 826 1642 Carolus,
876 1602 915 1634 et
971 1598 1162 1635 ilenricus
1211 1597 1444 1635 nobilissimi

499 1665 650 1712 Reges:
683 1672 752 1699 sua
783 1661 929 1711 quique
961 1660 1091 1705 Regna
1122 1660 1267 1709 optime.
1314 1665 1446 1698 nostro

500 1736 597 1763 aevo
628 1725 740 1773 Regia
768 1728 959 1773 potestate
984 1721 1217 1771 gubernant.
1243 1722 1316 1759 Sed
1341 1734 1449 1773 prac-

501 1788 644 1826 clarius
676 1785 786 1823 bodie
817 1785 1045 1835 Alplionsus
1076 1784 1247 1833 inclytus
1279 1785 1339 1822 illi:
1370 1785 1448 1824 Au-

502 1851 633 1889 soniae
663 1850 742 1886 Rex
772 1850 1084 1886 'l‘araeonensem
1123 1848 1345 1896 Hispaniam
1377 1850 1448 1886 Ba-

502 1913 678 1959 learum,
725 1911 1033 1960 Sicanorumque
1087 1910 1268 1958 insulas,
1323 1910 1448 1948 Auso-

502 1977 685 2025 niamque
699 1984 766 2012 sua
782 1972 1087 2022 praeclarissima
1102 1972 1229 2021 Regna
1245 1973 1447 2018 insigniter

503 2041 709 2089 propagata
741 2036 957 2085 guberuat3
991 2035 1165 2083 [iugenio
1199 2034 1287 2085 Opt.
1333 2036 1450 2073 Maxi-

503 2111 644 2149 moque
674 2103 873 2136 annuente
913 2098 1120 2142 Pontifice,
1162 2099 1226 2148 qui
1272 2099 1449 2137 sanctius

502 2163 653 2201 Divinis
682 2160 781 2211 juris
810 2160 944 2198 ordine.
979 2160 1223 2199 Christicolis
1254 2165 1332 2199 toto
1357 2161 1448 2200 orbe

503 2225 668 2276 imperat
692 2225 901 2263 universis.

875 2347 1075 2399 Tyranm's.

555 2475 745 2526 Principis
775 2474 892 2514 unius
923 2474 960 2512 in
994 2473 1126 2522 Urbe,
1157 2474 1340 2524 Regnove
1383 2473 1450 2512 do-

504 2539 691 2577 minatio:
723 2543 766 2576 ut
795 2538 962 2576 Athenis
1008 2538 1250 2587 Pysistratus
1269 2567 1278 2583 ‚
1310 2542 1349 2575 et
1377 2538 1450 2587 Sy-

503 2601 654 2638 racusis
679 2601 890 2650 Dionysius
908 2630 916 2644 ‚
945 2601 1009 2650 qui
1040 2600 1190 2638 fortiter
1207 2631 1215 2646 ‚
1240 2600 1324 2637 sine
1347 2599 1449 2649 lege,

501 2662 677 2702 absoluta
709 2666 901 2712 potestate
948 2663 1099 2713 populis
1149 2662 1449 2712 imperitabant,

502 2724 615 2763 etad
664 2725 815 2764 libitum
860 2736 926 2763 eos
971 2736 1040 2763 sua
1085 2736 1265 2775 quaeque
1313 2724 1448 2776 jussa,

503 2786 738 2825 mandatave
768 2788 878 2837 sequi
906 2799 972 2838 pro
999 2789 1144 2837 impetu
1170 2787 1374 2837 cogebant.
1403 2788 1449 2825 Ut

502 2848 614 2887 bodie
645 2850 892 2898 potissimum
927 2851 1026 2888 inter
1053 2851 1238 2888 Barbaros
1269 2849 1448 2888 homines

501 2911 653 2950 Muratii
687 2913 761 2961 Beg
794 2913 827 2949 in
860 2911 1069 2962 Bytliinia,
1099 2918 1138 2950 ct
1169 2913 1362 2960 Tliracia3
1410 2914 1445 2949 in

502 2973 690 3023 Aligypto
739 2985 855 3019 vero,
908 2979 948 3012 ct
990 2975 1101 3025 Syria
1150 2975 1340 3013 Sultanus
1388 2975 1448 3014 illc

503 3035 771 3085 Memphiticac
802 3037 1009 3087 Babylonis
1054 3038 1238 3088 Princeps
1282 3038 1450 3077 insolen-

505 3097 656 3135 tissime
689 3103 861 3137 servant.

1239 216 1549 256 CYRiACl
1599 215 1751 255 ANG.

1848 281 2134 324 Aristocratia.

1572 410 1793 461 optimates
1822 409 1940 449 Cives
1973 409 2140 458 delecti,
2186 414 2229 450 ut
2271 411 2465 452 Lacedae-

1519 484 1706 521 monum,
1736 478 1776 511 et
1804 473 2066 511 Romanorum
2094 475 2251 513 Patrum
2277 474 2466 516 Senatus.

1517 536 1691 582 Quorum
1722 536 1910 585 optimam
1942 535 2113 584 politiam
2146 541 2278 574 nostra
2314 547 2359 576 ac
2399 549 2463 577 ae-

1518 603 1597 636 tate
1629 599 1764 636 Veneti
1796 609 1864 648 per
1893 597 2073 646 Italiam3
2099 597 2174 637 Sed
2195 598 2281 638 aliis
2305 600 2463 651 postha-

1518 660 1608 698 bitis
1637 660 1820 699 omnibus
1848 660 2048 706 externis,
2080 671 2154 698 una
2195 661 2297 699 inter
2338 661 2466 713 Illyri-

1518 734 1585 762 cos
1635 722 1955 774 abagusacorum
2001 720 2150 761 Civitas
2192 723 2466 764 laudatissime

1519 789 1665 825 servat.

1870 889 2108 943 Oliyarchia.

1574 1038 1789 1075 Paucorum
1817 1035 1971 1074 Civium
1998 1035 2035 1073 in
2061 1033 2163 1075 Urbe
2188 1035 2376 1088 regimen,
2402 1036 2466 1076 vel

1519 1098 1762 1146 dominium,
1794 1102 1836 1137 ut
1879 1097 2127 1144 Decemviri,
2171 1098 2238 1149 qui
2281 1098 2320 1136 in
2365 1097 2468 1138 Urbe

1521 1160 1680 1211 perinde
1711 1171 1755 1199 ac
1784 1159 2051 1210 Tyrannidem
2084 1160 2358 1211 magistratum
2406 1171 2471 1210 ge—

1521 1234 1605 1261 rere
1634 1221 1955 1270 contendebant,
1985 1226 2027 1260 ut
2056 1222 2278 1269 Bononiae,
2308 1227 2349 1262 et
2394 1222 2469 1262 Ge-

1520 1297 1619 1325 nuae
1649 1290 1783 1324 nostro
1813 1296 1912 1324 aevo
1942 1295 2058 1334 saepe
2089 1285 2265 1325 nonnulli
2295 1285 2464 1325 audaces

1519 1350 1721 1399 insurgere
1751 1352 1946 1387 conantur
1975 1357 2059 1386 suis
2087 1358 2178 1387 cum
2205 1348 2466 1388 sectatoribus

1520 1413 1652 1451 Cives.

1866 1471 2131 1512 Democracia.

1572 1597 1731 1648 Populi,
1762 1597 2081 1649 Municipumque
2104 1599 2271 1639 mixtum
2297 1599 2335 1638 in
2360 1600 2467 1640 Civi-

1521 1665 1600 1699 tate
1628 1661 1904 1709 l‘rincipatum‚
1928 1665 1971 1699 ut
1995 1660 2261 1700 Athenienses
2285 1673 2468 1702 servasse

1522 1725 1801 1774 comperimus.
1827 1723 2075 1774 Quamquam
2099 1734 2383 1775 saepenumero
2406 1736 2471 1775 pe-

1520 1786 1630 1825 rinde
1659 1796 1703 1824 ac
1743 1784 2065 1824 Aristocraticum
2108 1791 2327 1837 opportune
2371 1787 2470 1838 opti-

1523 1861 1628 1888 mum
1649 1848 1967 1898 Areopagitarum
1986 1848 2203 1887 Consilium
2218 1848 2462 1888 habuissent.

1522 1911 1638 1950 lloilie
1671 1922 1763 1949 vero
1792 1922 1839 1950 ex
1866 1911 1971 1950 Italis
1996 1911 2188 1950 Florentia
2216 1912 2252 1949 in
2281 1910 2463 1961 Thuscia,

1523 1975 1557 2012 in
1590 1975 1729 2012 Piceno
1769 1979 1900 2012 autem
1947 1974 2112 2022 Ancon,
2157 1978 2196 2012 et
2245 1973 2466 2014 Ricinatum

1522 2037 1679 2075 Colonia
1709 2047 1869 2075 servare
1898 2036 2109 2081 videntur,
2139 2041 2178 2075 et
2209 2036 2280 2075 hae
2309 2035 2468 2088 quidem

1522 2100 1621 2138 alma
1656 2098 1729 2137 sub
1759 2099 1955 2138 Pontilicia
1986 2098 2053 2138 Dei
2086 2099 2235 2138 Vicaria
2275 2104 2470 2151 potestate

1522 2167 1746 2214 protectae,
1777 2166 1815 2201 et
1847 2161 2069 2200 moderatae
2101 2165 2208 2200 sunt.

1868 2284 2074 2326 Ochlocrat
2084 2285 2134 2326 ia.

1578 2414 1704 2453 Plebis
1735 2412 1937 2461 Urbanae,
1968 2411 2173 2451 Turbaeve
2194 2412 2408 2453 multorum
2433 2413 2470 2452 in

1524 2476 1691 2515 Civitate
1722 2476 1972 2523 Dominium‚
2003 2478 2046 2514 ut
2075 2475 2111 2512 in
2155 2474 2256 2514 Urbe
2297 2474 2474 2526 quando-

1523 2550 1599 2590 que
1630 2552 1649 2577 a
1685 2537 1865 2577 Patribus
1894 2541 2100 2589 segregata
2131 2536 2269 2588 Plebs,
2299 2539 2474 2577 concita·

1526 2612 1573 2639 ve
1604 2601 1789 2640 Tribunis
1818 2611 1866 2637 ex
1907 2600 2056 2650 impetu
2101 2598 2367 2638 multitudinis
2410 2611 2473 2639 eo-

1524 2676 1609 2703 rum
1640 2663 1817 2703 absoluta
1849 2662 2058 2711 voluntaS,
2080 2667 2132 2714 lut
2157 2661 2319 2714 perinde
2340 2673 2384 2702 ac
2409 2662 2472 2702 lex

1524 2726 1758 2773 haberetur,
1789 2724 1986 2764 instabat:
2015 2736 2182 2776 eamque
2211 2725 2322 2776 sequi
2353 2725 2473 2777 magi-

1524 2793 1676 2827 stratus
1706 2799 1846 2826 omnes
1873 2799 2013 2838 cogere
2039 2787 2334 2832 praetendebat.
2359 2786 2408 2826 Ut
2432 2792 2472 2826 et

1524 2857 1655 2890 nostro
1694 2856 1869 2902 tempore
1910 2850 2168 2889 Bononiensis
2199 2849 2392 2901 populus,
2431 2853 2471 2888 et

1523 2914 1772 2956 Asculanus.
1802 2917 1841 2950 et
1871 2911 2164 2963 quodammodo
2204 2912 2346 2951 conciti
2393 2910 2467 2951 Ge-

1524 2987 1698 3015 nuenses
1723 2976 1851 3027 magni
1876 2975 2092 3026 perniciose
2116 2973 2355 3026 quandoque
2372 3003 2383 3021 ,
2409 2979 2471 3014 tu-

1525 3039 1813 3089 multuarieque
1837 3037 2089 3088 conspirasse
2114 3036 2313 3077 videntur.

1021 3198 1148 3237 Iratus
1173 3197 1311 3246 recole,
1333 3197 1436 3249 quod
1461 3198 1600 3237 nobilis
1624 3197 1677 3237 ira
1701 3197 1845 3237 Leonis

1073 3261 1114 3298 In
1140 3260 1210 3298 sibi
1234 3265 1449 3311 prostratos
1472 3271 1514 3300 se
1540 3265 1656 3313 negat
1679 3271 1768 3300 esse
1793 3260 1928 3300 feram.
