2517 4009
937 248 965 284 T
989 245 1015 284 41
1038 247 1070 286 Ο
1091 247 1121 285 M
1148 246 1178 285 A
1201 246 1228 285 S

88 322 224 364 Praed.
261 320 462 360 sumtibus
486 316 688 357 societatis
714 314 1038 368 Bibliopolarum,

89 386 192 428 4660
218 386 334 424 tomis
354 382 498 423 XXIII.
520 381 586 419 404.

141 450 249 497 Quae
268 449 304 487 10
323 446 490 497 singulis
515 445 577 483 his
601 443 839 483 editionibus
857 445 1040 489 exstant,

89 524 134 553 ea
160 523 266 552 nunc
304 509 530 561 singulatim
569 507 882 554 recensebimus,
907 504 1044 543 editio-

90 587 181 615 nem
206 580 352 622 tamen,
377 583 497 624 quam
524 571 596 622 ipsi
624 570 812 609 pontificii
840 567 1041 606 meliorem

91 639 336 683 existimant,
361 637 575 675 Romanam
601 634 749 681 secuti,
775 631 839 672 ubi
865 629 1043 681 singulae

91 711 248 754 quoque
274 699 460 739 librorum
487 696 698 743 editiones,
724 705 823 746 quas
849 692 1043 745 expiscari

93 765 316 819 potuimus,
341 760 615 811 subjicientur.

240 827 388 866 Tunius
413 825 441 863 l.
464 814 658 863 Editionis
682 824 894 861 Romanae.

149 890 234 931 Vita
259 890 302 929 D.
327 888 491 928 leomae
515 900 533 927 e
554 886 720 927 diuersis
741 883 910 924 collecta.

146 952 352 1006 Eoepositio
373 951 615 1004 [imperfecta
642 947 787 997 tamen)
814 946 851 986 in
873 944 1050 998 primum

94 1021 130 1058 ec
150 1016 365 1058 secundum
398 1013 491 1068 peri
513 1011 761 1059 Herminius,
781 1021 872 1049 cum
905 1007 1050 1059 duplici

94 1086 231 1121 textus
255 1078 593 1131 interpretatione,
619 1076 781 1125 antiqua
807 1077 846 1112 et
890 1071 1052 1110 Joannis

95 1143 346 1196 Argyropyli.

148 1205 358 1259 Eoeposnio
383 1205 421 1245 in
440 1203 616 1257 primum
633 1204 670 1240 ct
685 1198 856 1239 secunda
865 1209 900 1236 m
919 1195 1052 1235 Posce-

93 1270 249 1310 rz'orum
272 1267 583 1321 Analytz'corum‚
607 1276 697 1304 cum
725 1261 1051 1313 interpretatione

96 1335 257 1385 antiqua
283 1337 323 1372 04
343 1329 594 1383 Argyropyli.

150 1397 261 1444 Quae
300 1395 372 1434 hoe
416 1399 522 1433 tomo
563 1391 777 1437 habentur7
818 1386 1052 1440 prodierunt

99 1461 312 1512 separatim
348 1459 525 1499 Venetiis
549 1467 618 1508 per
643 1454 746 1494 Guil.
789 1452 836 1491 de
876 1450 1054 1498 Tridino7

101 1525 202 1567 4489
228 1525 292 1564 fol.
313 1535 381 1575 per
400 1521 662 1560 Octavianum
689 1518 850 1556 Scotum
879 1513 994 1559 4495,
1015 1515 1055 1550 04

102 1601 193 1630 cum
226 1585 534 1634 Quaestionibus
557 1580 746 1621 Dominici
786 1577 835 1617 de
862 1575 1055 1616 Flandria.

104 1652 280 1694 Venetiis
306 1648 420 1690 4497.

470 1711 620 1749 Tomus
646 1708 692 1746 II.

154 1775 359 1831 Expositio
397 1774 437 1814 in
461 1775 541 1813 octo
567 1769 688 1810 libros
713 1767 759 1808 de
793 1764 956 1820 Pliysz'co
985 1776 1058 1804 au-

100 1842 197 1893 dicu,
235 1852 325 1881 cum
366 1843 480 1878 textu
523 1836 685 1885 antiquo
725 1836 764 1870 et
806 1829 1056 1881 Argyropyli.

102 1907 237 1948 Goion.
274 1902 391 1944 4480.
427 1902 567 1941 Venet.
606 1895 709 1949 apud
737 1896 898 1935 Scotum
941 1891 1056 1936 4480,

106 1969 208 2011 1504
242 1967 334 2008 ibid.
368 1978 436 2018 per
461 1966 653 2003 Joannem
678 1965 718 2000 et
749 1959 983 2009 Gregorium
1009 1955 1058 1993 de

31 2025 34 2027 ’
103 2033 303 2086 Gregoriis
331 2029 433 2070 4492
455 2027 518 2067 fol.
554 2027 738 2065 Fortasse
763 2022 837 2061 sub
859 2019 987 2058 Titulo
1013 2016 1060 2056 cle

97 2094 306 2151 principiis
318 2103 454 2133 rerum
465 2086 770 2135 natm-ale'mn,1.i
778 2085 883 2137 psiae
895 2085 907 2123 4
920 2081 1009 2128 498,
1022 2080 1061 2120 4.

155 2158 257 2200 Libri
295 2157 372 2197 duo
410 2156 559 2208 priores
596 2152 745 2191 Graece
785 2148 890 2187 versi
916 2148 1011 2184 sunt
1039 2154 1059 2182 a

105 2223 175 2264 Ge.
191 2222 402 2268 Scholario,
426 2221 462 2258 in
487 2217 585 2257 Bibl.
609 2213 781 2255 Medicea
797 2216 837 2250 et
861 2210 1062 2249 Vaticana.

107 2286 243 2335 Quetif
265 2297 300 2337 p.
327 2283 418 2324 345.

163 2345 457 2389 Commentario
496 2341 741 2394 (imperfecta
778 2335 929 2388 tamen)
957 2335 995 2374 ιή
1020 2333 1063 2374 li·-

110 2412 199 2453 bros
225 2415 306 2451 tres
330 2408 375 2449 de
409 2405 520 2448 Coelo
558 2409 595 2445 ct
628 2401 796 2452 Mundo,
834 2413 925 2441 cum
952 2404 1063 2438 textu

110 2477 273 2527 antiquo
297 2479 337 2514 et
361 2470 612 2524 Argyropuli.
646 2469 728 2508 Non
764 2468 868 2505 enim
895 2462 1067 2503 absolvit-

91 2531 153 2581 'S.
177 2539 361 2581 Thomas,
387 2535 454 2575 sed
476 2535 625 2584 reliqua
649 2533 789 2571 Petrus
806 2529 854 2568 de
880 2526 1066 2571 Avernia‚

112 2603 330 2655 discipulus
347 2600 434 2652 ejus
453 2599 671 2638 absolvisse
698 2594 940 2646 perhibetur.
966 2590 1066 2629 Cum

114 2668 174 2707 his
211 2664 478 2706 additionibus
518 2661 619 2700 Petri
658 2659 706 2697 dc
752 2658 938 2696 Alvernia
976 2652 1070 2692 editi

115 2734 210 2771 sunt
258 2727 433 2769 Venetiis
473 2723 574 2765 4486
597 2722 685 2762 ibid.
721 2732 789 2773 per
808 2719 1066 2759 Octavianum

121 2796 296 2839 Scotum,
320 2790 423 2832 4495
449 2789 511 2828 401.
535 2793 574 2826 04
599 2785 702 2837 apud
727 2786 871 2824 ,luntas
896 2783 1010 2823 4546.

172 2858 219 2898 In
237 2855 413 2909 primum
436 2856 470 2891 et
493 2850 707 2892 secundum
731 2847 777 2887 de
797 2847 1069 2899 generatione,

118 2933 209 2963 cum
249 2920 430 2960 versione
465 2917 626 2966 antiqua
658 2919 697 2952 04
732 2913 869 2951 Franc.
907 2911 1073 2950 Vatabli.

120 2986 296 3026 Venetiis
321 2994 388 3035 per
409 2983 569 3020 Petrum
595 2975 861 3017 Licbtenstein
889 2973 991 3014 4498
1009 2975 1072 3014 404.

120 3050 154 3089 04
182 3053 316 3101 postea
340 3048 354 3086 4
365 3044 443 3084 505
471 3043 534 3082 404.

176 3113 279 3152 Ilaec
302 3110 380 3149 duo
403 3107 614 3159 posteriora
639 3116 755 3157 opera
781 3103 897 3142 simul
924 3101 1075 3154 prodie-

124 3178 218 3215 runt
241 3172 424 3214 Coloniae
451 3167 553 3210 4480
579 3168 642 3207 fol.

483 3235 631 3272 'I'omus
657 3232 721 3270 III.

182 3297 389 3352 Exposilio
412 3296 451 3335 in
468 3302 643 3348 quatuor
661 3293 782 3333 libros
802 3294 1074 3340 Meteororum,

127 3376 218 3406 eum
243 3362 424 3402 versione
447 3363 609 3410 antiqua
633 3363 672 3397 04
695 3357 888 3397 Francisci
923 3367 942 3396 a
969 3356 1078 3397 Vico-

133 3431 319 3469 mercato,
344 3425 480 3466 Venet.
510 3422 602 3463 4564
632 3422 694 3461 404.

1167 315 1211 353 In
1237 318 1315 354 tres
1341 312 1461 354 libros
1485 313 1530 354 cle
1563 313 1730 365 .-lm'ma,
1766 325 1858 356 cum
1889 315 2073 355 versione

1116 379 1276 428 antiqua
1303 382 1342 416 04
1363 376 1562 416 Michael's
1584 377 1786 429 Sophiani.
1810 379 1918 418 Duos
1943 382 2074 429 poste-

1117 440 1423 480 riores'l'homae
1440 452 1528 480 esse
1546 439 1886 491 omnesjudicant,
1900 442 2072 492 primum

1117 504 1230 555 ajunt.
1271 515 1360 543 esse
1396 503 1596 555 Reginaldi
1639 503 1687 541 de
1726 505 1912 554 Piperno,
1955 503 2074 555 idque

1117 567 1460 606 consentientibus
1496 566 1755 618 scriptoribus
1788 567 1977 617 antiquis.
2003 567 2076 607 Co·

1119 630 1194 669 lon.
1219 630 1335 670 4480.
1360 631 1499 669 Vener.
1521 641 1589 680 per
1614 631 1773 668 Petrum
1799 630 2073 669 Liclitenstein

1122 693 1235 733 4503.
1257 696 1402 732 Bonon.
1428 695 1440 731 4
1453 692 1545 732 575.
1569 691 1717 730 Graece
1744 693 1863 730 vertit
1884 692 2076 744 Georgius

1119 756 1360 803 scholarius,
1395 756 1433 793 111
1469 755 1565 794 Bibl.
1603 754 1790 795 Medicea.
1825 754 1992 794 Allatius
2029 755 2077 795 de

1120 820 1297 871 Georgiis
1324 831 1360 871 p.
1385 818 1476 858 403.

1174 883 1216 922 10
1243 882 1361 920 libros
1399 880 1447 921 de
1483 882 1625 931 anima,
1651 880 1699 920 de
1723 880 1830 920 coelo
1856 885 1895 920 et
1930 879 2078 921 mundo

1123 947 1234 986 Paris
1262 945 1363 985 4539
1388 945 1450 984 401.

1180 1012 1361 1049 Fortasse
1383 1008 1479 1048 haec
1498 1009 1701 1059 Expositio
1720 1008 1909 1048 librorum
1927 1008 2080 1047 Aristo-

1126 1072 1216 1111 telis
1234 1072 1281 1110 ‹le
1306 1072 1435 1111 anima
1458 1075 1520 1110 est
1544 1072 1606 1110 ille
1629 1071 1725 1110 liber
1747 1072 1792 1110 de
1814 1069 2080 1124 facultatibus

1126 1136 1308 1184 (mimae,
1343 1146 1460 1186 quem
1504 1135 1540 1172 111
1584 1133 1811 1174 hebraicum
1855 1145 2080 1173 sermonem

1127 1210 1365 1238 conversum
1391 1198 1617 1250 possidebat
1638 1197 1809 1236 Wolfius
1833 1196 1850 1235 ὀ
1871 1209 2084 1251 μακαριτκς

1128 1267 1241 1313 prout
1266 1262 1409 1312 legitur
1437 1262 1472 1299 in
1501 1260 1740 1301 Bibliotheca
1761 1261 1866 1301 illius
1887 1260 2086 1301 Ilebraica

1127 1325 1209 1363 Vol.
1237 1325 1297 1362 IV.
1324 1336 1359 1374 p.
1380 1323 1474 1363 8225.

1180 1389 1224 1426 In
1248 1399 1379 1440 parua
1405 1385 1640 1434 Naturalia,
1667 1387 1854 1427 nimirum
1889 1389 1926 1427 10
1965 1389 2087 1429 libros

1129 1450 1175 1490 cle
1199 1462 1316 1490 sensu
1338 1453 1374 1489 et
1395 1452 1570 1496 sensate,
1595 1448 1640 1489 cle
1665 1450 1851 1490 memoria
1875 1455 1913 1490 et
1929 1452 2089 1492 remini-

1127 1514 1296 1563 scentia,
1317 1513 1362 1552 (lc
1386 1525 1519 1552 somno
1554 1516 1589 1552 et
1615 1512 1771 1565 vigilia,
1795 1513 1841 1552 cle
1865 1515 2026 1555 somniis
2051 1520 2089 1556 et

1129 1577 1366 1618 (livinatione
1385 1589 1460 1630 per
1480 1588 1670 1617 somnum.
1688 1578 1852 1617 Caetera
1875 1579 2014 1618 Petrus
2039 1579 2088 1619 de

1131 1642 1324 1681 Arvernia
1346 1641 1558 1692 supplevit,
1576 1641 1660 1679 scil.
1681 1640 1727 1680 cle
1748 1639 1916 1681 motibus
1931 1642 2086 1682 anima-

1133 1704 1245 1753 lium,
1269 1703 1314 1743 (Ζο
1339 1702 1574 1755 lonqituslz‘ne
1599 1707 1636 1743 et
1655 1702 1851 1743 brevitate
1886 1704 2016 1755 vitae,
2043 1704 2089 1745 cle

1131 1767 1390 1821 respiratione
1416 1770 1450 1806 el
1474 1767 1746 1820 inspiratione,
1768 1766 1814 1807 cle
1825 1768 2035 1819 juventute
2055 1772 2092 1808 et

1131 1834 1336 1871 senectute.
1379 1831 1547 1880 Paduae,
1573 1830 1675 1881 apud
1718 1832 2002 1882 Hieronymum
2040 1833 2089 1872 de

1133 1896 1340 1943 Durantis7
1367 1894 1467 1934 4493
1495 1895 1557 1934 fol.
1583 1906 1673 1934 cum
1697 1895 1964 1936 additionibus
1986 1897 2088 1936 Petri

1133 1958 1180 1996 de
1216 1959 1403 1997 Alvernia
1429 1963 1468 1996 et
1494 1957 1590 1996 libro
1629 1958 1781 1997 Proculi
1817 1959 1858 2010 (4.
1882 1960 2016 2008 Procli)
2042 1959 2090 1998 de

1135 2023 1267 2061 causis
1317 2021 1364 2060 ab
1410 2021 1608 2072 Aquinate
1655 2021 1869 2070 illustrato,
1909 2021 2090 2062 Venetiis

1134 2085 1236 2125 4505
1262 2086 1355 2123 item
1383 2083 1486 2124 4506
1509 2083 1696 2135 adjuncto
1723 2084 1852 2124 libello
1886 2084 2084 2136 quoddam

1135 2148 1182 2188 cle
1203 2151 1308 2188 nictu
1327 2146 1473 2187 caloris
1494 2151 1532 2187 et
1554 2146 1709 2186 lumine.

1490 2213 1637 2251 Tomus
1668 2202 1731 2250 IV.

1191 2271 1402 2324 Eaepositio
1425 2270 1462 2310 (ἠ
1487 2270 1690 2311 duodecim
1708 2269 1828 2311 libros
1846 2271 2095 2325 Metaplzysi·

1138 2347 1294 2383 corum,
1321 2347 1411 2374 cum
1439 2336 1621 2374 versione
1646 2336 1807 2387 antiqua
1834 2339 1873 2374 04
1896 2337 2095 2375 Bessario·

1141 2401 1213 2439 nis.
1242 2400 1381 2438 Venet.
1407 2397 1510 2438 4560
1536 2398 1600 2437 401.

1196 2464 1239 2501 In
1279 2461 1427 2502 librum
1460 2460 1506 2501 de
1545 2461 1642 2501 Ente
1681 2464 1719 2501 et
1755 2461 1962 2514 Essenti'u,
2005 2475 2094 2505 cum

1142 2529 1295 2569 Comm.
1320 2526 1491 2565 Thomae
1517 2525 1564 2564 de
1591 2525 1658 2564 vio
1680 2523 1872 2576 Cajetani.

1198 2589 1403 2643 Expositt'o
1429 2589 1467 2628 in
1488 2587 1633 2628 le'brum
1658 2587 1701 2627 de
1729 2588 1908 2629 caussis.

1509 2653 1658 2691 'somus
1688 2652 1731 2690 V.

1200 2716 1406 2770 Eaeposite'o
1432 2714 1619 2755 indecem
1640 2713 1760 2755 libros
1787 2714 2015 2754 Emit-orum
2047 2715 2102 2756 ad

1146 2780 1448 2826 Nicomachum,
1497 2791 1588 2818 cum
1632 2780 1812 2818 versione
1855 2781 2017 2831 antiqua
2060 2785 2101 2818 et

1145 2847 1309 2885 Joannis
1332 2843 1582 2896 Argyropyli.
1610 2843 1785 2882 Venetiis
1809 2841 1910 2882 4549
1931 2846 1970 2880 04
1997 2841 2097 2882 4599

1150 2910 1250 2949 folio.

1203 2975 1248 3012 In
1271 2975 1351 3012 occo
1372 2969 1494 3011 libros
1515 2967 1784 3017 Polz'ce‘corum,
1805 2979 1896 3008 cum
1919 2969 2102 3008 versione

1148 3039 1310 3089 antiqua
1336 3041 1376 3074 04
1412 3032 1601 3073 Leonardi
1627 3032 1792 3071 Aretini.
1819 3032 1917 3072 Cum
1957 3033 2104 3083 praesu-

1149 3104 1254 3140 tione
1275 3099 1471 3146 Nimiraci,
1496 3097 1615 3136 Paris.
1644 3094 1758 3135 4500.
1780 3096 1918 3135 Venct.
1942 3095 2042 3136 4503
2065 3101 2105 3136 04

1152 3163 1254 3205 4595
1283 3163 1344 3201 404.

1203 3229 1244 3265 ln
1279 3236 1418 3264 omnes
1443 3223 1514 3262 hos
1539 3223 1661 3262 libros
1685 3221 1910 3261 Aristotelis
1939 3223 2104 3274 Exposi-

1151 3292 1278 3329 tiones
1303 3287 1544 3339 conjunctim
1569 3285 1798 3337 prodierunt
1827 3287 1964 3326 Venet.
2002 3285 2104 3326 4496

1153 3355 1216 3394 sol.

1205 3418 1416 3457 Caeterum
1438 3413 1541 3466 quod
1564 3416 1590 3456 S
1624 3415 1795 3455 Thomas
1820 3416 1856 3454 in
1879 3414 1996 3456 libros
2019 3413 2104 3454 Ari-
