2533 4009
453 225 530 264 638
1130 221 1433 263 CYRtACl

452 296 585 333 Classe
614 293 907 341 Hellespontum
939 302 961 329 a
1002 292 1148 329 nostris
1185 297 1399 342 occupatu-

452 368 535 394 rum
564 356 776 405 perceperit
800 382 807 399 ‚
851 355 887 390 ni
915 354 1013 391 forte
1039 354 1074 390 in
1100 354 1253 404 Europa
1281 356 1401 394 inter-

450 420 668 467 ciperetur,
696 418 776 465 ipse
802 415 940 453 minori
974 416 1184 464 ignominia
1222 422 1400 455 maneret

450 482 484 516 in
508 480 610 517 Asia.
635 477 763 523 Quare
788 479 889 526 agite
913 478 1110 527 principes
1148 481 1297 527 optumi
1321 510 1329 525 ‚
1361 485 1400 519 et

449 539 782 588 indicitedignum
809 539 1056 577 Christianae
1083 540 1294 589 Religionis
1320 542 1401 582 bel-

447 602 526 638 lum
547 631 556 645 ,
582 606 619 646 et
645 601 945 639 sanctissimam
964 632 973 647 ,
1003 601 1294 652 gloriosamque
1317 602 1397 653 jam

448 663 629 701 felicibus
650 664 836 713 auspiciis
853 668 1009 712 ceptam
1034 664 1328 714 expeditionem
1352 667 1397 706 ad

443 730 672 775 exoptatum
702 726 914 774 perducere
943 727 1060 766 linem
1085 739 1302 778 numquam
1335 730 1400 767 ab-

443 789 584 825 sistere
612 784 756 825 velitis.
782 789 839 826 Ex
864 789 1106 838 Byzantiana
1132 792 1223 829 Pera
1251 803 1296 830 eo
1322 804 1400 843 qno

442 850 488 888 ad
515 861 599 888 eam
628 851 823 888 venimus.
843 852 938 890 vili.
968 851 1130 890 Kalend.
1151 854 1227 892 Jul.
1253 855 1398 901 fausto,

441 917 477 950 et
515 914 810 962 Praecursoris,
850 915 1101 965 Baptistaeve
1150 917 1395 957 Sanctissimi

444 974 784 1013 venerandissimo
811 975 885 1015 die.

475 1097 538 1137 Ad
567 1098 821 1139 Cardi'nalem
851 1101 991 1139 Sancti
1015 1101 1156 1153 Ari-(seli
1184 1104 1369 1155 Leyatum

654 1162 860 1213 [syriacus
898 1163 1182 1205 .›1nconi'tanus.

493 1309 787 1400 Posteaquam
805 1350 1064 1392 eFlorentina
1087 1353 1190 1392 Urbe
1221 1353 1267 1392 ad
1286 1359 1394 1394 tuam

441 1410 541 1449 hanc
567 1412 698 1461 piam,
725 1412 958 1464 felicemque
985 1415 1236 1464 Legationem
1270 1418 1397 1466 profe-

438 1479 527 1512 ctus
551 1484 620 1518 es,
654 1476 800 1524 optime
821 1476 976 1514 ,Iuliane
1001 1478 1116 1515 Pater
1133 1506 1142 1521 ‚
1168 1489 1287 1530 saepe
1315 1481 1393 1519 tuis

437 1534 484 1572 de
514 1536 767 1575 successibus
788 1540 947 1587 optimis
978 1539 1088 1589 plura
1126 1540 1302 1591 undique
1329 1553 1390 1592 pe-

438 1603 591 1648 ragrata
618 1598 846 1638 audivimus
875 1612 993 1647 voce,
1021 1602 1225 1653 literisque
1243 1603 1392 1652 delata,

435 1665 474 1699 et
497 1661 687 1699 feliciores
714 1663 749 1699 in
777 1662 861 1700 dies
886 1663 934 1701 de
960 1669 997 1701 te
1015 1664 1187 1715 Angelos
1208 1666 1391 1706 advolare

439 1722 645 1770 videmus,
680 1728 719 1761 et
746 1725 904 1763 meliora
943 1737 1103 1776 semper
1133 1729 1392 1779 intelligimus

436 1784 652 1831 allaturos,
681 1786 892 1836 AngeHce,
919 1792 957 1826 et
984 1800 1075 1827 vere
1099 1790 1306 1838 Julianae,
1333 1798 1392 1831 at-

436 1859 511 1897 que
530 1848 721 1886 Caesaree
757 1847 1052 1889 verendissime
1092 1854 1166 1892 vir.
1192 1855 1386 1905 Equidem

439 1921 529 1947 vero
553 1921 643 1948 cum
677 1913 948 1962 superioribus
983 1914 1123 1953 diebus
1159 1916 1388 1964 Alphonsus

438 1971 499 2010 ille
523 1971 725 2022 Hispanus
743 2003 752 2019 ‚
787 1981 826 2011 et
849 1974 1024 2025 inclytus
1049 1977 1249 2017 Ausoniae
1283 1982 1359 2020 Rex
1380 2012 1388 2031 ‚

438 2035 532 2071 inito
555 2045 645 2073 cum
674 2036 858 2075 l’ontifice
883 2038 1041 2086 federe,
1067 2045 1240 2080 nostram
1269 2043 1305 2080 in
1334 2044 1390 2081 Pi-

437 2107 575 2136 cenam
619 2100 861 2138 Provinciam
908 2102 1152 2152 (Repeticmn
1193 2103 1391 2156 reliquum

440 2159 635 2210 Epistulae
656 2162 878 2213 superioris
899 2163 953 2201 acl
974 2165 1161 2203 ,loannem
1191 2167 1391 2205 Paiaeolo-

436 2234 530 2272 ywn
558 2224 839 2273 Imperatorem
881 2227 1117 2277 Anqustum.
1153 2231 1290 2268 Postea
1333 2242 1392 2269 se-

441 2285 614 2336 quitur.)

494 2350 594 2394 Quin
629 2354 668 2388 et
707 2352 737 2389 si
774 2351 845 2390 hos
878 2353 1036 2392 tandem
1084 2354 1213 2406 aliqua
1258 2361 1392 2394 movet

442 2411 635 2451 humanae
678 2415 835 2464 pietatis
880 2416 1005 2467 imago
1050 2418 1086 2455 in
1132 2422 1210 2456 tam
1257 2423 1392 2458 truces

440 2476 718 2515 Christicolum
747 2483 950 2517 voratores
974 2479 1020 2517 ad
1050 2486 1230 2520 nostrum
1271 2483 1393 2533 impc-

440 2539 566 2584 rium,
612 2545 867 2591 nostramque
899 2543 1191 2593 propagandam
1227 2545 1392 2596 Religio·

441 2613 529 2639 nem
557 2606 594 2639 te
621 2604 726 2652 pium
744 2632 753 2646 ‚
779 2609 819 2640 et
844 2606 1038 2654 optimum
1063 2607 1214 2645 Patrem
1235 2607 1389 2647 hactua

441 2665 476 2701 in
499 2665 753 2703 Sanctissima
771 2668 1058 2718 conspiratione
1076 2670 1327 2718 secundent,
1351 2677 1391 2710 et

440 2732 482 2766 ut
522 2727 669 2777 pluries
708 2728 875 2780 majores
912 2732 1033 2768 nostri
1076 2733 1390 2782 praeclarissime

442 2790 640 2835 fecerant,
663 2791 815 2841 insigne,
840 2803 886 2830 ex
915 2792 975 2830 his
998 2794 1220 2844 triumphos
1242 2795 1388 2834 ducere

441 2851 712 2890 laudatissime
747 2860 900 2892 curent.
941 2857 1018 2895 Nec
1063 2858 1195 2896 minus
1239 2859 1387 2897 interea

442 2912 663 2952 Ladislaum
689 2917 880 2966 optimum
910 2918 1037 2967 ipsum
1058 2920 1279 2958 Pannoniae
1319 2922 1390 2958 Re-

442 2987 526 3024 gem
554 2977 618 3014 tibi
641 2976 712 3015 hac
736 2979 770 3015 in
799 2983 876 3017 tam
901 2982 1074 3030 piissima
1110 2993 1150 3020 re
1189 2982 1391 3033 obtempe-

442 3043 618 3076 raturum
653 3039 813 3087 videre,
852 3053 1008 3081 summe
1050 3043 1232 3093 laudare,
1271 3050 1392 3096 atque

443 3100 618 3137 attollere
643 3112 771 3151 cogor.
797 3102 875 3142 Nec
901 3105 1084 3155 equidem
1121 3106 1259 3157 injuria
1299 3119 1389 3147 eum

446 3161 572 3208 ipsum
613 3163 748 3211 pium,
786 3170 825 3202 et
865 3167 1206 3215 religiosissimum
1247 3171 1390 3220 Regem

445 3220 489 3256 ad
517 3223 742 3272 perdignam
773 3226 873 3265 lianc
900 3229 935 3266 in
965 3230 1140 3268 Teucros
1177 3231 1394 3281 expeditio-

447 3292 535 3319 nem
561 3286 830 3334 exequendam
854 3301 1040 3341 magnum
1069 3292 1289 3331 intendisse
1314 3294 1395 3332 ani-

448 3352 554 3380 mum
580 3346 885 3389 existimandum
912 3356 1018 3402 puto.
1043 3353 1283 3400 Quoniamet
1303 3355 1393 3394 olim

1484 222 1631 262 ΛΚΕ.

1475 293 1618 331 Romae
1643 292 1837 332 Caesareo
1860 304 2017 345 quoque
2050 297 2230 344 tempore
2271 293 2429 344 Sibylli-

1475 355 1538 392 nis
1565 355 1755 394 fatalibus
1797 357 1833 394 in
1874 357 1982 395 libris
2019 360 2268 407 compertum
2314 357 2436 396 fuisse

1478 417 1685 461 tradatur,
1722 429 1945 468 numquam
1972 420 2044 457 nisi
2084 431 2103 457 a
2143 420 2246 469 Rege
2272 418 2438 459 Parthos

1476 478 1620 528 subjici
1651 491 1781 530 posse.
1805 481 2046 520 Teucrorum
2078 493 2250 532 namque
2283 493 2435 533 genus,

1475 546 1514 579 et
1540 541 1859 580 Achemenidum
1881 544 2071 593 originem
2090 556 2108 583 a
2132 543 2284 583 Parthis
2301 543 2436 584 duxis-

1476 614 1518 642 se
1539 609 1675 643 notum
1692 605 1789 642 satis
1800 610 1937 643 estnon
1962 600 2250 653 δκφκισσατων
2267 602 2439 650 πάντοις.

1541 667 1619 705 Νοε
1644 677 1720 704 non
1750 667 2010 705 fortissimum
2038 668 2146 707 illum
2163 670 2340 719 equitum
2358 670 2436 708 Ma-

1476 730 1675 780 gistrum,
1701 734 1741 767 et
1778 730 1974 779 insignem
2001 731 2230 781 peregrinae
2273 730 2434 770 militiae

1475 792 1622 830 Ducem
1650 792 1801 831 Coniati
1833 792 1977 831 ,lanum
2016 793 2235 843 inclytam,
2268 794 2433 833 omnifa-

1475 855 1653 904 riamque
1679 866 1748 904 per
1774 854 1932 894 laudem
1973 854 2244 894 extollendum
2275 856 2433 903 censui,

1473 917 1538 965 qui
1567 921 1803 966 perstrenua
1831 918 1980 956 virtute
2005 929 2096 967 sua,
2122 919 2262 968 suique
2288 918 2433 957 tloren-

1475 978 1615 1016 tissimi
1634 980 1843 1018 exercitus
1863 980 2055 1030 probitate
2074 985 2154 1018 tam
2173 978 2312 1018 modici
2334 984 2433 1019 tein-

1474 1042 1578 1091 poris
1618 1042 1774 1091 spatio,
1811 1047 1869 1080 tot
1909 1043 2078 1093 egregiis
2120 1042 2321 1088 victoriis,
2350 1046 2430 1081 tam

1473 1104 1608 1150 saevi,
1636 1105 1926 1155 perniciosique
1959 1104 2086 1143 almae
2123 1103 2335 1153 Religionis
2366 1114 2432 1142 no-

1472 1170 1579 1203 strae
1603 1164 1726 1204 hostis
1751 1168 2012 1206 inveteratam
2047 1166 2113 1206 diu
2146 1165 2351 1206 audaciam
2377 1167 2428 1205 ita

1473 1226 1761 1277 depresserat,
1789 1233 1831 1268 ut
1855 1228 1958 1280 quod
1997 1228 2112 1279 paulo
2148 1233 2240 1267 ante
2274 1228 2430 1268 Murath

1473 1290 1550 1339 Beg
1583 1291 1916 1330 truculentissimi
1944 1291 2131 1342 principis
2150 1301 2292 1328 nornen
2320 1289 2433 1329 undi-

1472 1363 1551 1402 que
1582 1352 1832 1392 Christicolis
1859 1352 2149 1392 formidandum
2185 1352 2433 1391 memoraba-

1471 1419 1551 1453 tur:
1574 1414 1690 1453 hodie
1708 1417 2036 1466 tergiversatum,
2054 1415 2190 1465 fugin,
2208 1413 2428 1465 dejectumf,

1473 1489 1656 1528 peneque
1687 1479 1910 1518 extinctum
1937 1477 2426 1527 videatur-,habeaturque

1471 1540 1729 1579 Laudandum
1755 1543 1893 1593 utique
1920 1552 2159 1592 magnopere
2182 1540 2284 1580 duco
2308 1540 2428 1580 Geor-

1469 1603 1575 1651 gium
1619 1603 1749 1651 ipsum
1777 1604 2070 1654 pientissimum
2102 1604 2328 1653 Despoten,
2357 1603 2424 1654 qui

1467 1676 1486 1702 a
1520 1669 1599 1702 tam
1634 1665 1929 1704 violentissimo
1972 1666 2086 1704 hoste
2127 1666 2292 1705 Messiae
2335 1666 2426 1704 Ser-

1469 1727 1607 1765 vianae
1641 1730 1871 1777 provinciae
1897 1739 1993 1767 suae
2019 1729 2180 1779 imperio
2210 1727 2349 1779 pulsus
2376 1728 2425 1767 ob

1465 1801 1552 1827 eam
1587 1790 1710 1840 ipsam
1743 1791 1862 1841 digne
1894 1792 1930 1829 in
1955 1792 2163 1841 pristinam
2183 1795 2422 1840 potestatem

1466 1852 1720 1902 redigendam
1743 1859 1821 1892 tam
1844 1854 2030 1904 provide,
2051 1854 2298 1905 solerterque
2322 1854 2424 1893 hanc

1466 1916 1589 1965 ipsam
1613 1916 1890 1965 dignissimam
1922 1917 2218 1968 expeditionem
2244 1928 2334 1957 aere
2357 1929 2423 1969 po-

1464 1979 1664 2016 tissimum
1687 1990 1759 2017 suo
1777 1979 2052 2028 excitandam,
2076 1979 2308 2031 parandam,
2335 1991 2423 2032 pro-

1465 2041 1792 2092 sequendamque
1816 2044 1984 2081 curavit.
2015 2043 2089 2081 Sed
2124 2044 2159 2080 in
2193 2044 2350 2093 primis,
2376 2048 2417 2083 et.

1464 2108 1555 2142 ante
1607 2104 1702 2142 alios
1751 2117 1890 2144 omnes
1941 2105 2131 2155 probare.
2178 2105 2417 2158 laudareque

1465 2167 1653 2204 constitui
1687 2168 1872 2206 Divinum
1908 2167 2002 2206 illud
2035 2169 2200 2219 Eugenii
2243 2169 2418 2208 Sanctis-

1465 2229 1552 2266 simi
1589 2228 1787 2267 Pontificis
1818 2230 2045 2280 ingenium,
2076 2235 2119 2267 et
2146 2229 2417 2270 admirabilem

1468 2291 1785 2342 providentiam,
1829 2293 1895 2342 qui
1941 2296 2017 2342 tot,
2062 2297 2274 2344 tantosque
2317 2294 2420 2333 inter

1465 2354 1726 2392 celeberimos
1764 2359 1898 2404 patres
1923 2359 1960 2393 te
1986 2366 2110 2394 unum
2149 2354 2335 2405 dignum,
2379 2360 2420 2395 et

1466 2417 1660 2466 optimum
1687 2421 1807 2467 atque
1839 2417 2062 2468 angelicum
2098 2417 2298 2456 hominem
2330 2417 2421 2458 huic

1466 2483 1545 2517 tam
1570 2480 1673 2529 piae,
1699 2479 1998 2530 laboriosaeque
2014 2511 2025 2529 ,
2044 2484 2084 2518 et
2104 2479 2420 2520 honorificentis-

1465 2543 1589 2580 simae
1615 2542 1667 2579 rei
1694 2542 1939 2592 praefecerat
1974 2542 2204 2581 Antistitem
2239 2542 2420 2594 designa-

1465 2610 1575 2652 tum,
1600 2605 1986 2656 benemeritumque.
2008 2605 2206 2645 Pontificia
2225 2610 2420 2656 potestate

1466 2669 1670 2717 Legatum.
1717 2669 1844 2718 thue
1891 2679 2078 2718 semper,
2112 2668 2337 2720 quibusque
2381 2669 2418 2708 iu

1465 2731 1609 2777 rebus,
1640 2735 1680 2769 et
1704 2731 1908 2770 Ecclesiae
1945 2731 2012 2769 Dei
2053 2731 2260 2780 maximis,
2303 2736 2344 2770 et
2382 2733 2419 2770 in

1466 2794 1526 2831 illa
1560 2794 1812 2842 potissimum
1856 2798 1914 2832 tot
1949 2798 2205 2833 externarum
2242 2795 2418 2845 gentium

1463 2857 1746 2906 compositione
1771 2855 1953 2908 provide,
1977 2860 2231 2904 constanter,
2269 2867 2420 2907 aeque,

1464 2920 1542 2968 pie,
1567 2920 1951 2969 magnanimiterque
1968 2918 2144 2969 gessisse,
2167 2923 2419 2969 cognoverat.

1465 2981 1513 3019 At
1547 2986 1586 3019 et
1609 2983 1700 3032 quis
1739 2986 1819 3020 tam
1846 2991 1990 3031 expers
2028 2980 2224 3019 humanae.
2260 2980 2418 3030 pietatis

1464 3048 1593 3091 esset,
1623 3046 1688 3095 qui
1719 3045 1756 3082 in
1783 3048 1863 3082 tam
1896 3043 2125 3094 profanum,
2155 3043 2350 3091 invisum,
2381 3047 2422 3082 et

1467 3107 1625 3156 penitus
1677 3105 1948 3145 execrandum
2004 3106 2247 3144 Teucrorum
2294 3116 2421 3156 genus

1467 3167 1573 3206 hunc
1601 3170 1730 3219 ipsum
1758 3170 1888 3218 pium,
1913 3167 2076 3218 dignum
2098 3197 2108 3217 ,
2132 3171 2421 3218 opportunum-

1467 3243 1543 3280 que
1575 3237 1726 3270 motum
1752 3242 1826 3268 non
1853 3241 2108 3281 summopere
2143 3229 2330 3276 laudare,
2355 3229 2421 3268 be-

1469 3293 1651 3332 nedicere
1689 3290 1916 3344 potuisset?
1955 3291 2153 3343 Equidem
2198 3302 2292 3330 vero
2328 3301 2419 3330 cum

1470 3356 1722 3406 profanorum
1748 3354 1886 3394 iisdem
1911 3354 2141 3406 periculosis
2162 3354 2198 3393 in
2220 3353 2316 3393 locis
2335 3363 2421 3393 sae-
