2566 4009
893 262 934 301 M
957 262 990 300 A
1014 262 1047 300 R
1070 261 1101 299 T
1124 262 1136 300 l
1159 262 1191 300 Ν
1214 262 1246 301 U
1267 263 1291 301 S
2051 272 2102 310 39

130 333 323 375 Carmina
371 332 578 383 quaedam
609 343 735 383 pauca
781 334 802 372 ἐι
833 331 1057 371 sirmondo
1130 329 1232 383 fuit,
1270 338 1307 373 et
1335 345 1443 386 quae
1473 335 1671 376 historica
1701 337 1741 377 in
1771 349 1815 377 eo
1855 344 2102 389 occurrunt,

101 395 205 436 edita
242 406 332 434 cum
365 395 541 445 Eugenio
571 396 762 434 Toletano
792 396 910 434 Paris.
944 395 1059 434 1619.

101 458 138 496 8.
162 461 203 496 et
232 459 342 496 Tom.
373 457 398 495 2
427 456 626 495 Sirmondi
658 467 822 508 operum
855 467 941 507 pag.
968 455 1060 495 907.

101 519 289 569 leguntur
308 518 428 556 etiam
455 518 493 555 in
518 518 760 557 Bibliotheca
783 520 943 557 Patrum
965 517 1061 556 edit.

99 580 226 631 Lugd.
253 581 362 619 Tom.
391 580 440 618 X.
470 591 556 631 pag.
589 581 678 619 386.

131 642 419 681 Testamentum
447 642 640 682 relectum
674 644 712 681 in
743 642 920 682 Concilio
950 642 1062 680 Tole-

100 709 194 743 tano
222 705 271 743 X.
302 703 346 743 Α,
381 704 471 743 656.

125 764 381 818 Epitaphium
419 766 503 816 ipse
537 766 610 804 sibi
643 765 717 805 hoc
755 767 983 817 composuit
1023 766 1060 804 in

100 827 282 867 Ecclesia
308 827 346 866 S.
378 828 532 866 Martini
563 828 810 867 Turonensis
840 829 863 867 a
885 827 1065 867 Theodo-

102 891 200 929 miro
224 891 326 940 Rege
350 893 580 929 constructa
600 903 608 928 ε

114 961 298 992 Pannoniis
321 961 455 999 genitus
479 959 720 992 transcendens
745 967 891 1000 aequora
922 963 1029 992 vasta.

115 1011 273 1042 Galliciae
296 1012 330 1041 in
354 1010 520 1049 gremium
545 1011 674 1041 Divinis
700 1010 841 1042 nutibus
864 1015 973 1041 actus.

116 1057 303 1096 Confessor,
326 1059 492 1093 Mai-tine,
518 1061 574 1089 tua
602 1057 704 1089 hacce
727 1056 856 1089 dicatus
883 1058 914 1088 in
942 1056 1028 1088 aula.

115 1108 260 1138 Antistes
274 1129 284 1145 ,
306 1107 434 1138 cultum
461 1107 615 1139 instituit
644 1108 815 1146 ritumque
836 1114 1008 1138 sacrorum
1026 1119 1033 1137 :

115 1158 245 1196 Teque,
259 1158 401 1187 Patrone
414 1180 424 1194 ‚
439 1164 582 1195 sequens
600 1155 749 1187 famulus
768 1157 931 1187 Martinus
947 1154 1075 1187 eodem.

117 1206 258 1237 Nomine
277 1227 288 1243 ‚
306 1213 373 1236 non
391 1207 513 1237 merito
528 1229 538 1243 ,
557 1205 611 1238 hic
631 1207 666 1237 in
685 1207 816 1237 Cflristi
835 1214 914 1245 pace
928 1208 1075 1245 quiesco.

87 1259 89 1261 ¹
130 1264 397 1304 MARTIMJS
434 1266 680 1303 Sillanianus
709 1265 756 1304 de
787 1266 923 1313 Fano,
955 1267 1072 1305 lCtus

103 1332 341 1378 praeceptor
377 1328 545 1365 Joannis
583 1326 767 1366 Andreae
808 1328 1073 1366 Bononiensis

103 1390 237 1429 clarus
255 1391 360 1429 circa
380 1390 428 1427 A.
455 1389 574 1428 1320.
595 1389 697 1439 Ejus
719 1392 867 1441 scripta
882 1421 894 1438 ,
917 1389 966 1428 de
986 1390 1074 1439 qui-

103 1451 182 1490 hus
200 1452 531 1490 MarcusMantua
561 1461 650 1502 pag.
679 1452 768 1489 482.
791 1450 839 1490 de
858 1449 970 1489 modo
993 1453 1076 1488 stu-

106 1511 226 1551 dendi
239 1542 247 1561 ,
271 1517 312 1551 et
336 1513 383 1551 de
405 1512 591 1563 neqativa
615 1511 830 1563 probanda
851 1544 861 1560 ,
887 1524 961 1550 nec
988 1523 1066 1550 non

110 1573 158 1613 de
167 1574 267 1626 jure
285 1573 580 1626 emphyteutico.
601 1575 670 1613 His
691 1586 739 1613 ex
760 1574 968 1613 Trithemii
986 1585 1072 1625 cap.

111 1637 202 1677 530.
226 1637 275 1676 de
299 1638 339 1676 S.
363 1637 408 1676 E.
430 1636 534 1675 adde
561 1635 608 1675 de
632 1635 855 1676 actionibus
884 1641 924 1675 et
943 1635 990 1675 de
1006 1636 1076 1687 ju-

111 1699 213 1739 dicio
232 1710 462 1739 causarum.
486 1700 650 1738 Fallitur
672 1700 775 1738 idem
797 1701 959 1739 Mantua
978 1729 985 1747 ,
1006 1700 1073 1749 qui

113 1763 372 1801 Sillanianum
404 1763 427 1800 a
454 1763 624 1801 Fanensi
656 1761 884 1813 distinguit.

165 1824 257 1873 (202
271 1823 353 1863 Aut
368 1835 446 1862 non
464 1824 607 1863 claruit
631 1824 734 1863 circa
754 1825 801 1863 A.
818 1824 936 1863 4320.
967 1828 1036 1862 aut
1054 1835 1076 1863 a

114 1886 330 1926 Sillaniano
351 1886 560 1925 diversus.
585 1887 628 1925 ln
647 1886 832 1925 chronico
856 1888 1080 1937 conscripto

113 1960 136 1988 a
150 1949 426 1987 F.Salimbene
444 1960 564 2000 prope
586 1949 690 1987 Sarti
714 1947 761 1987 de
782 1948 1075 2000 Archiijmnas.

113 2011 259 2049 Bonon.
280 2011 482 2050 habemus
509 2012 722 2050 Martinum
753 2011 998 2050 differentias
1020 2012 1077 2049 in-

112 2078 175 2112 ter
197 2074 305 2124 Regii
336 2073 468 2124 Lepidi
499 2077 540 2112 et
560 2074 758 2112 Bononiae
776 2075 888 2112 cives
918 2084 1077 2124 compo-

115 2136 247 2174 suisse
262 2148 271 2174 :
289 2136 383 2174 item
402 2137 576 2175 Mutinae
601 2136 787 2175 docuisse
804 2136 849 2175 A.
867 2136 984 2176 1250.
1003 2147 1075 2175 seu

113 2199 247 2249 potius
267 2197 384 2237 ⁴255.
410 2199 448 2236 in
479 2209 558 2248 quo
587 2199 761 2238 Jacobus
791 2199 840 2238 de
869 2200 1077 2238 Pennaciis

114 2261 189 2300 fuit
215 2261 390 2300 Mutinae
419 2261 602 2299 Potestas
625 2261 779 2300 electus
800 2275 807 2300 :
832 2261 971 2300 eodem
1004 2260 1077 2299 hoc

113 2333 218 2362 anno
256 2323 478 2362 statutibus
520 2323 693 2361 Arretini
740 2322 860 2362 studii
905 2322 1079 2361 subscri-

112 2385 194 2436 psit
223 2384 429 2424 {Guazzesi
455 2396 573 2435 opere
603 2386 650 2423 ll.
683 2386 785 2434 109.)
810 2386 988 2435 quinque
1011 2396 1080 2434 po-

115 2450 199 2484 stea
237 2447 312 2485 fuit
354 2447 530 2485 civitatis
571 2448 724 2486 Januae
763 2449 945 2486 Potestas
991 2448 1080 2495 {Ber

114 2507 283 2546 italicar.
322 2507 386 2545 VI.
430 2507 533 2556 527.)
564 2519 669 2546 anno
704 2520 799 2546 vero
831 2509 948 2548 4264.
983 2508 1077 2546 Ord.

114 2567 437 2607 Praedicatorum
462 2579 506 2616 se
529 2568 696 2607 addixit.
724 2568 955 2607 Tirabosclzi
977 2567 1076 2607 Bibl.

115 2629 319 2669 Modenese
336 2631 364 2668 l.
378 2630 498 2669 50.V.
511 2631 612 2669 infra
627 2631 778 2670 MART.
802 2629 1077 2679 Sillanianus).

142 2690 399 2731 MARTlNUS
428 2690 664 2737 Palmensis,
696 2694 895 2732 incertum
927 2692 975 2730 an
1002 2693 1080 2730 Mo-

116 2753 272 2792 nachus
292 2782 301 2802 ,
325 2752 444 2803 cujus
464 2753 713 2802 chronicon,
743 2754 848 2804 quod
877 2754 941 2792 ille
963 2755 984 2792 a
1011 2765 1079 2791 na-

117 2820 157 2854 to
177 2816 342 2855 Cllristo
362 2821 571 2867 coeperat,
596 2818 770 2856 loannes
791 2818 985 2868 Georgius
1005 2818 1079 2855 Ec-

117 2876 264 2916 cardus
285 2876 460 2917 editione
484 2878 650 2930 dignum
681 2879 820 2919 habuit
845 2878 893 2918 ab
917 2879 961 2917 A.
987 2879 1076 2918 716.

119 2939 167 2979 ad
197 2939 243 2978 Α.
273 2939 387 2979 1379.
417 2940 541 2980 edidit
571 2943 704 2993 itaque
733 2943 845 2980 Tom.
875 2943 901 2980 1.
934 2942 1080 2991 Corpo-

120 3002 176 3040 ris
198 3001 436 3051 scriptorum
463 3003 580 3042 medii
612 3006 698 3043 aevi
726 3015 811 3055 pag.
836 3004 1078 3043 1641-1732.

119 3067 321 3113 repertum
364 3064 400 3100 in
441 3064 584 3103 Codice
614 3066 818 3104 Ecclesiae
856 3066 895 3104 S.
932 3065 1076 3116 AEgidii

119 3126 416 3164 Hanoveranae.
443 3125 620 3164 Strictim
650 3131 820 3165 enarrat
840 3127 1077 3167 memorabi-

122 3185 249 3236 liora,
289 3189 326 3225 et
361 3185 572 3225 candorem
601 3187 728 3226 animi
753 3189 944 3238 ostendit,
983 3190 1076 3228 (lum

122 3248 368 3288 insolentiam
408 3250 613 3300 Paparum
642 3249 828 3299 di9nitali
861 3251 1079 3301 Imperato-

122 3322 214 3349 rum
258 3321 329 3349 suo
370 3313 540 3361 tempore
579 3310 857 3349 insultantium
896 3313 1078 3361 qraviter

126 3375 258 3412 taxat.
298 3370 406 3411 Idem
443 3372 556 3411 luris
588 3371 780 3412 Canonici
809 3372 1078 3423 peritissimus

1133 394 1218 434 suis
1239 394 1332 435 locis
1353 396 1515 436 sollJcite
1535 399 1640 438 citat.
1662 401 1827 440 Glossas
1849 401 1940 440 item
1966 404 2002 440 in
2028 404 2101 440 De-

1133 462 1310 507 cretum,
1331 460 1429 498 HUG
1439 461 1679 502 WlTlOMS
1695 462 1918 503 etaliorum
1937 463 2102 514 (liliqen-

1136 523 1197 558 ter
1215 520 1370 559 evolvit.
1391 521 1653 572 Confirmavit
1668 529 1886 575 praeterea
1904 525 2009 565 dicta
2025 537 2102 565 sua

1137 582 1391 631 testimoniis,
1422 584 1638 635 Eginhardi
1666 616 1673 631 ,
1705 589 1902 636 Aimoini,
1933 588 2099 627 Gotsridi

1135 645 1614 694 Viterbiensis,Vincentii
1632 649 1927 689 Bellovacensis
1943 662 1992 690 ac
2004 653 2103 690 Mar-

1135 708 1206 746 tini
1229 708 1358 746 Poloni
1373 739 1383 756 ,
1404 713 1614 748 auctorum
1637 723 1684 750 ea
1703 716 1834 751 aetate
1855 712 2072 752 celebrium
2088 746 2099 762 ‚

1138 772 1174 808 et
1195 780 1302 808 nunc
1326 769 1534 809 editorum.
1563 772 1633 811 Em
1662 773 1818 813 ineditis
1841 787 1936 814 vero
1956 787 2104 827 provo-

1138 835 1206 869 cat
1239 831 1294 870 ad
1322 833 1618 874 RlCllAllDUM
1652 837 1942 876 pictaviensem
1979 842 2017 877 et
2051 837 2106 877 ad

1140 895 1407 934 Cusentinum
1439 896 1701 948 Episcopum.
1735 900 1837 938 llaec
1867 900 1915 939 de
1939 902 2105 940 Martino

1143 957 1206 995 illo
1237 957 1424 996 laudatus
1453 959 1673 999 Eccardus.

1169 1019 1425 1059 MARTmUS
1456 1021 1708 1072 Gonsalvus,
1741 1024 1990 1063 conchensis
2015 1030 2104 1076 post

1146 1081 1320 1120 medium
1346 1084 1469 1122 seculi
1501 1085 1602 1123 XlV.
1635 1090 1797 1137 propter
1822 1088 1953 1125 varios
1980 1088 2106 1125 incre-

1145 1143 1286 1182 dibiles
1315 1155 1469 1184 errores
1494 1145 1666 1195 jactatos
1697 1149 1733 1185 in
1766 1147 1956 1199 Hispania
1994 1150 2106 1189 dam-

1147 1211 1266 1244 natus
1303 1207 1352 1244 ab
1391 1207 1701 1260 Archiepiscopo
1733 1210 1948 1257 Toletano,
1984 1216 2105 1262 atque

1146 1269 1318 1307 flammis
1343 1269 1525 1309 traditus.
1551 1271 1648 1310 Vide
1672 1273 1851 1311 Natalem
1879 1274 1991 1312 Ais-x.
2016 1275 2103 1312 Soc.

1147 1331 1252 1368 Xlll.
1271 1335 1311 1368 et
1330 1332 1433 1369 XlV.
1450 1343 1534 1382 cap.
1554 1333 1589 1370 3.
1605 1335 1716 1372 artic.
1735 1336 1797 1374 16.
1819 1339 1845 1372 t.
1863 1335 1944 1373 Vll.
1958 1347 1994 1386 p.
2013 1337 2101 1375 109.

1173 1391 1432 1431 MARTINUS
1448 1391 1745 1444 Herbipolensis
1762 1426 1769 1442 ,
1787 1396 1836 1434 de
1857 1407 1934 1446 quo
1951 1397 2106 1435 Trithe-

1151 1455 1257 1493 mius
1295 1454 1440 1493 Chron.
1474 1457 1653 1507 Hirsaug.
1684 1457 1731 1496 ad
1763 1458 1808 1497 A.
1843 1459 1955 1497 1393.
1987 1461 2030 1497 Τ.
2068 1459 2105 1497 2.

1150 1527 1236 1567 pag.
1276 1517 1368 1554 296.
1398 1517 1480 1555 Hoc
1510 1517 1594 1568 ipso
1622 1529 1725 1556 anno
1755 1520 1951 1570 Maqister
1978 1522 2108 1559 Marti-

1149 1589 1227 1617 nus
1249 1579 1466 1630 Inquisitor
1490 1579 1711 1619 haereticae
1727 1581 1946 1632 pravitatis
1966 1594 1991 1619 a
2011 1582 2108 1622 Sede

1148 1639 1372 1691 Apostohca
1396 1641 1606 1693 deputatus
1628 1642 1736 1681 venit
1762 1655 1835 1696 per
1859 1644 2045 1684 Sveviam
2069 1647 2110 1683 in

1152 1701 1413 1754 Herbipolim:
1438 1702 1514 1742 ubi
1533 1703 1643 1757 facta
1669 1705 1919 1757 inquisitione
1943 1706 2113 1746 haercti-

1151 1776 1215 1804 cos
1233 1765 1440 1805 nonnullos
1461 1778 1516 1806 eoe
1537 1766 1852 1819 simplicioribus
1874 1773 1910 1807 et
1937 1769 2111 1809 rustica-

1153 1827 1214 1867 nis
1235 1827 1386 1867 invenit
1403 1829 1449 1868 de
1470 1834 1577 1868 secta
1600 1831 1885 1881 flagellantium
1910 1835 1947 1870 et
1967 1834 2112 1871 Fratri-

1153 1891 1359 1939 cellorum,
1386 1890 1533 1944 quibus
1559 1892 1614 1931 ad
1640 1893 1832 1932 unitatem
1853 1893 1948 1944 fidei
1971 1894 2113 1934 Catho-

1150 1953 1248 1992 licae
1263 1954 1440 1993 reversis
1457 1984 1464 2001 ,
1479 1967 1555 2006 pro
1572 1954 1752 1994 salutari
1762 1956 1999 2008 poenitentia
2016 1958 2114 1996 Cru-

1149 2028 1235 2055 cem
1261 2021 1398 2054 contra
1429 2016 1568 2068 infidos
1599 2019 1750 2057 Turcas
1775 2018 1982 2069 imposuit,
2012 2031 2114 2070 quae

1149 2078 1214 2117 illo
1244 2082 1417 2129 tempore
1441 2079 1779 2130 praedicabatur.
1812 2081 1881 2119 Ea:
1912 2079 2115 2132 Herbipoli.

1143 2138 1350 2192 profectus
1379 2140 1641 2193 Erpfordiam
1657 2174 1666 2189 ,
1689 2142 1815 2181 simili
1827 2143 2032 2195 pravitate
2058 2143 2114 2181 in-

1148 2201 1270 2255 fectos
1301 2202 1443 2253 plures
1480 2204 1653 2253 invenit,
1686 2205 1937 2255 Beghardos,
1973 2207 2117 2256 Begut-

1151 2270 1213 2303 tas
1243 2269 1281 2303 et
1306 2264 1436 2304 alios:
1467 2278 1640 2318 quorum
1673 2266 1811 2318 aliqui
1838 2267 2008 2305 cremati
2028 2270 2120 2306 sunt

1151 2325 1334 2378 iqnibus,
1371 2327 1500 2379 aliqui
1536 2340 1631 2367 vero
1658 2329 1920 2380 penitentiam
1958 2333 2122 2379 efferunt

1152 2399 1275 2439 super
1285 2388 1494 2428 erroribus
1508 2391 1608 2440 suis,
1622 2390 1772 2442 reliqui
1778 2390 1918 2442 fuqam
1933 2390 2117 2429 inierunt.

1180 2451 1395 2491 MARTIM
1434 2453 1611 2491 iunioris
1650 2455 1877 2492 Geometria
1919 2454 2115 2491 Manuscr.

1152 2513 1299 2551 citatur
1328 2515 1349 2551 a
1381 2514 1544 2564 Cangio.

1177 2574 1429 2612 MARTINUS
1472 2575 1593 2613 Gosia
1632 2576 1922 2613 Cremonensis
1965 2575 2116 2620 JCtus,

1152 2633 1374 2683 discipulus
1398 2636 1533 2672 lrnerii
1555 2665 1562 2682 ‚
1587 2637 1690 2673 circa
1723 2637 1768 2673 A.
1800 2636 1916 2674 1158.
1944 2647 2013 2687 pro
2039 2637 2120 2674 Fri-

1153 2694 1271 2733 derici
1299 2697 1326 2734 1.
1357 2695 1578 2734 decertavit
1608 2698 1796 2745 Jurihus,
1829 2697 1973 2736 dicitur
1997 2700 2115 2736 etiam

1149 2756 1348 2808 ylossator
1386 2758 1665 2805 Bononiensis,
1703 2761 1889 2810 quoniam
1929 2766 2116 2810 parentes

1154 2818 1242 2868 ejus
1267 2820 1288 2857 a
1313 2818 1523 2859 (iibeilinis
1555 2823 1727 2859 Bononia
1759 2822 1916 2872 expulsi
1946 2823 2116 2861 fuerant.

1154 2880 1251 2919 Vide
1288 2881 1510 2921 Guidonem
1553 2884 1813 2922 l‘ancirollum
1849 2884 1912 2921 lib.
1953 2884 1990 2922 ⁶2.
2029 2895 2115 2935 cap.

1155 2944 1217 2982 14.
1250 2945 1317 2982 [lic
1347 2944 1444 2983 adeo
1478 2957 1553 2984 non
1586 2946 1728 2984 solitus
1755 2945 1891 2995 jurare
1924 2947 1960 2983 in
1994 2946 2115 2985 verba

1153 3007 1340 3056 Magistri,
1366 3011 1408 3045 ut
1431 3008 1467 3045 in
1485 3019 1530 3046 eo
1552 3007 1817 3058 reprehendat
1839 3009 1994 3046 Marcus
2011 3010 2117 3047 Man-

1153 3072 1222 3106 tua
1262 3079 1350 3119 pag.
1384 3069 1473 3106 496.
1505 3069 1609 3118 quod
1640 3068 1747 3106 solus
1771 3073 1861 3106 erat
1892 3069 1929 3107 in
1969 3071 2115 3122 opinio-

1152 3129 1280 3176 nibus,
1291 3130 1381 3169 licet
1395 3134 1497 3168 totus
1515 3130 1685 3168 mundns
1695 3134 1843 3169 teneret
1852 3132 2113 3171 contrarium.

1206 3193 1460 3231 MAR'rlNus
1480 3194 1672 3230 Garrulus
1699 3192 1916 3233 Laudensis
1935 3195 2052 3234 lCtus
2067 3185 2114 3233 ilc

1151 3253 1268 3302 cujus
1287 3255 1447 3302 scriptis
1471 3255 1676 3292 Gesnerus
1704 3255 1739 3292 in
1779 3255 1873 3293 Bibl.

1206 3315 1224 3336 ³*
1256 3317 1297 3353 ln
1330 3316 1509 3354 Biblioth.
1539 3317 1660 3355 Felini
1680 3317 1774 3356 Cod.
1799 3319 1876 3356 MS,
1896 3317 1973 3358 742
1999 3324 2111 3357 extat

1152 3378 1308 3416 Martini
1339 3377 1388 3416 (le
1422 3377 1551 3417 Laude
1583 3383 1779 3418 tractatus
1809 3379 1856 3417 de
1904 3381 2111 3432 Principe:
