2533 4009
452 289 540 327 inde
566 285 784 325 Canonicus
808 279 1028 327 Remensis,
1051 278 1212 317 tandem
1240 277 1401 316 Archio-

449 352 631 401 piscopus
650 344 916 388 Bituriccnsis,
941 342 1034 381 obiit
1050 353 1083 380 a.
1105 338 1401 392 876.·Wlpl1ar-

448 410 521 448 dus
568 409 711 446 dicitur
758 408 795 444 in
842 404 1130 454 subscriptione
1174 402 1398 453 diplomatis

447 483 481 509 3.
510 470 597 508 869.
628 468 730 519 apud
756 468 988 507 Dachcriuni
1017 466 1147 517 Spicil.
1174 466 1220 503 ll.
1249 477 1286 516 p.
1312 465 1400 503 466.

447 532 545 583 EJ'us
574 529 748 582 Epistola
791 528 1008 581 pastoralis
1051 528 1105 567 acl
1142 526 1338 580 parochos
1366 531 1402 567 et

440 592 704 646 parochianos
733 603 824 631 suos
853 596 985 631 exstat
1006 591 1108 642 apud
1134 591 1398 629 illabillonium

446 655 557 695 Anal.
590 667 625 705 p.
656 654 741 693 100.
780 654 891 693 Adde
934 655 1066 693 Bulaci
1116 653 1264 691 llistor.
1310 654 1402 692 Uni-

447 728 552 756 vers.
582 718 700 755 Paris.
731 721 824 755 tom.
856 718 881 755 Ι.
914 729 947 768 p,
987 716 1077 755 648.
1124 715 1273 755 llistor.
1315 716 1403 754 lite-

445 780 586 818 rariam
619 778 766 817 Galliac
792 783 887 817 tom.
916 780 960 818 V.
991 791 1026 830 p.
1060 779 1148 816 479.

499 843 773 884 WULFAJL'S
800 845 864 883 vel
883 845 1008 883 etiam
1034 841 1293 894 Wulphaqus,
1320 856 1401 883 mo-

447 909 601 949 nachus
634 909 887 954 Elnonensis,
917 907 1218 958 condiscipulus
1247 908 1402 947 Milonis

447 985 524 1012 sec.
556 974 623 1012 lx.
661 972 826 1023 Scripsit
871 968 1093 1010 Versiculos
1126 970 1165 1008 in
1195 970 1401 1022 confirma-

444 1037 543 1075 tione
571 1035 712 1087 operis,
742 1035 825 1073 scil.
856 1036 960 1072 vitae
992 1034 1032 1072 S.
1061 1032 1231 1073 Amandi
1264 1035 1394 1084 Episc.

445 1097 711 1149 Trajectcnsis
734 1108 755 1136 a
784 1096 924 1136 Milone
955 1097 1117 1147 scripti:
1155 1108 1399 1147 quamquam

442 1171 508 1198 res
538 1162 619 1210 ipsa
649 1159 788 1205 docet,
818 1158 1029 1208 legendum
1074 1160 1206 1209 potius
1244 1170 1334 1198 esse
1362 1159 1403 1197 in

443 1220 811 1260 commendationem
841 1220 982 1272 operis.
1017 1221 1162 1259 Exstat
1209 1221 1246 1259 in
1289 1220 1400 1260 Actis

443 1283 677 1322 Sanctorum
710 1287 802 1321 toni.
835 1283 864 1320 I.
896 1283 1007 1320 Febr.
1040 1294 1075 1333 p.
1108 1282 1200 1321 888.

495 1345 763 1384 WULFINUS
796 1343 990 1387 Boethius.
1022 1344 1073 1382 de
1094 1357 1172 1394 quo
1198 1344 1401 1384 Fabricius

437 1405 519 1457 jam
565 1418 685 1457 supra
730 1408 832 1457 egit,
873 1407 915 1445 V.
962 1405 1215 1445 BOE'l'llIUS
1256 1406 1400 1457 quibus

443 1479 550 1507 nunc
580 1479 703 1519 pauca
734 1468 831 1507 haec
860 1468 980 1507 adde:
1018 1468 1100 1506 Non
1147 1468 1217 1506 suit
1262 1478 1401 1506 revera

441 1530 663 1582 Episcopus
693 1531 965 1577 pictaviensis,
995 1529 1063 1568 sed
1097 1530 1195 1568 forte
1215 1529 1402 1579 Chorepi-

441 1602 586 1642 scopus
617 1593 721 1632 illius
752 1592 953 1631 Ecclesiae
979 1591 1053 1630 sub
1074 1592 1295 1642 Sigibrano.
1316 1591 1402 1629 Vlla

441 1654 482 1693 S.
503 1654 682 1693 Fum'anz'
702 1654 806 1693 edita
833 1654 905 1692 fuit
925 1655 1047 1692 etiam
1073 1665 1094 1692 a
1120 1654 1273 1692 Labbeo
1303 1654 1399 1692 Bibl.

441 1726 542 1754 nova
571 1716 680 1755 MSS.
709 1720 804 1754 tom.
825 1716 872 1754 11.
893 1728 930 1766 p.
955 1716 1042 1754 569.
1071 1716 1286 1766 particulae
1306 1726 1401 1765 quo-

439 1788 516 1827 que
540 1782 631 1817 ante
658 1778 763 1818 hunc
785 1778 833 1818 ab
856 1778 1023 1829 Ilugone
1047 1776 1231 1817 Menardo
1251 1782 1291 1816 et
1315 1777 1398 1816 An-

439 1837 533 1878 drea
564 1838 616 1878 du
647 1840 816 1879 Chesne.
839 1839 939 1879 Acta
962 1838 1237 1879 translationis
1260 1840 1298 1878 S.
1322 1839 1402 1877 Fu-

438 1899 579 1951 m’ani,
610 1914 711 1952 quae
741 1903 874 1953 procul
907 1902 1025 1942 dubio
1054 1902 1227 1942 eundem
1267 1905 1402 1940 aucto-

441 1975 524 2002 rem
564 1964 724 2010 habent,
767 1965 876 2003 dedit
919 1965 1166 2004 Mabillonius
1209 1965 1246 2001 in
1291 1963 1401 2002 Actis

441 2026 509 2065 SS.
539 2026 630 2065 Ord.
662 2026 808 2065 Bened.
838 2032 931 2066 tom.
965 2028 1028 2066 IV.
1057 2032 1157 2078 part.
1188 2027 1223 2065 1.
1245 2038 1281 2077 p.
1310 2025 1401 2064 430.

442 2089 686 2139 repetierunt
715 2090 1031 2141 Antvcrpienses
1053 2094 1147 2128 torn.
1173 2090 1237 2128 111.
1267 2089 1402 2140 Augu-

444 2151 492 2188 sti
519 2163 554 2202 p.
587 2150 676 2190 438.
707 2150 880 2191 Histoire
912 2153 1081 2191 literaire
1110 2152 1158 2191 dc
1189 2153 1223 2191 la
1255 2153 1402 2191 France

450 2217 543 2252 torn.
576 2213 642 2252 IV.
665 2227 702 2265 p.
736 2216 826 2255 499.

499 2277 826 2326 WULPERTUS,
858 2278 956 2317 forte
987 2278 1207 2317 monachus
1237 2276 1403 2316 Benedi-

444 2340 588 2389 ctinus,
618 2342 777 2392 scripsit
806 2339 998 2381 Libellum
1021 2340 1229 2381 metricum
1246 2339 1291 2379 cle
1319 2339 1403 2380 vila

444 2400 657 2443 claustrali
684 2404 757 2444 hoc
786 2404 973 2444 exordio:

450 2527 529 2577 Qui
545 2529 658 2581 cupis
684 2529 878 2569 immundi
899 2529 1028 2570 vitare
1048 2527 1231 2583 pericula
1253 2527 1402 2576 muudi,

515 2592 637 2644 Teque
666 2593 752 2633 sitis
782 2593 854 2632 Dio
886 2592 1045 2632 tradere
1074 2592 1234 2632 servicio
1267 2594 1336 2631 etc.

446 2713 521 2754 Est
541 2718 619 2756 MS.
644 2720 681 2757 in
704 2719 944 2759 Bibliotheca
970 2719 1198 2758 monasterii
1218 2717 1406 2756 Weihen-

447 2779 725 2830 stephenensis
771 2783 806 2820 in
851 2782 1013 2821 Austria
1035 2811 1043 2830 ,
1073 2785 1189 2832 prout
1234 2784 1405 2818 testatur

445 2841 674 2881 Rev.Bcrn.
702 2845 840 2883 Pezius
865 2846 1032 2884 Dissert.
1059 2844 1256 2895 Isagogica
1284 2843 1320 2880 in
1348 2847 1402 2880 to-

449 2915 558 2943 mum
594 2906 620 2944 l.
653 2906 844 2947 Thesauri
875 2907 1171 2948 Anccdotorum
1195 2905 1401 2945 novissimi

448 2977 535 3018 pag.
559 2967 622 3008 526.

899 3097 948 3135 X.

480 3177 747 3256 Franciscus
776 3219 1031 3268 XIMENIUS,
1063 3220 1184 3269 (hunc
1203 3220 1309 3259 enim
1336 3220 1405 3258 Fa-

457 3276 603 3316 bricius
634 3284 766 3317 nostcr
794 3281 842 3320 V.
867 3281 1176 3323 FRANClSCUS
1214 3282 1262 3322 ad
1300 3283 1406 3322 hunc

456 3339 582 3378 locuni
633 3339 790 3390 rejecit)
839 3342 1136 3393 Gerundcnsis,
1184 3345 1403 3396 Episcopus

1247 202 1644 244 WULFAJUS

1472 277 1660 317 Elnensis
1689 282 1729 316 et
1758 278 1983 319 Patriarcha
2025 280 2433 333 Hierosolymitanus,

1473 341 1575 378 circa
1609 351 1643 378 a.
1677 339 1793 379 1400.
1837 342 1987 380 vixisse
2031 341 2227 382 creditur.
2267 344 2435 394 Scripsit

1474 400 1637 440 Lz'brum
1650 401 1695 439 ale
1711 401 1872 440 Natura
1884 402 2433 456 Anyelica,Compluti,1527.

1478 464 1707 502 Tractatum
1735 463 1782 503 cie
1811 464 1930 504 Scala
1955 467 2037 514 Dei,
2062 468 2291 516 Barcinone‚
2317 468 2434 508 1504.

1475 525 1686 565 Pastorale
1711 538 1786 578 pro
1815 528 2073 568 instructione
2099 530 2382 582 Epz‘scoporum
2399 533 2436 570 et

1474 589 1750 641 Superioram,
1783 590 1875 630 ibid.
1907 592 2023 631 4495.
2049 593 2110 632 fol.
2136 592 2183 633 de
2208 595 2292 633 Vlla
2317 593 2434 634 011νί-

1473 652 1606 691 stiana
1632 651 1754 692 libros
1779 654 1841 694 IV.
1865 654 2068 694 Valentiae
2100 655 2215 696 4484.
2236 656 2434 697 Granatae

1477 714 1593 755 4486.
1624 716 1690 754 fol.
1719 716 1807 755 Alia
1839 717 1946 756 illius
1975 729 2090 768 opera
2113 719 2182 758 sed
2206 719 2338 771 lingua
2368 721 2433 759 Hi·

1475 779 1636 829 spanica
1660 781 1697 817 in
1720 780 1817 818 Bibl.
1840 780 2026 819 Coenobii
2045 782 2084 820 S.
2099 783 2241 821 Mariae
2265 781 2314 821 de
2338 783 2436 822 Jesu

1476 853 1597 892 prope
1627 843 1889 882 Barcinonem
1914 844 2022 883 MSS.
2040 846 2238 884 asservari
2263 849 2438 885 testatur

1477 905 1728 957 Waddingus
1758 906 1807 946 de
1834 907 2102 958 Scriptoribus
2131 907 2212 946 ord.
2242 908 2436 948 Minorum

1475 984 1513 1024 p.
1545 971 1634 1010 140.
1661 972 1764 1011 llaec
1786 969 2036 1011 Whartonus
2067 972 2103 1009 in
2130 969 2363 1021 Appendice
2387 970 2437 1010 ad

1475 1036 1668 1076 Caveum.
1698 1034 1880 1074 Oudinus
1903 1046 1952 1074 ex
1968 1035 2074 1074 Petri
2101 1034 2261 1074 Salazar
2289 1033 2437 1074 Chron.

1475 1099 1704 1138 Provinciae
1735 1098 1932 1137 Castellac
1974 1098 2022 1137 11.
2056 1098 2119 1138 93.
2164 1097 2298 1146 refert,
2343 1098 2440 1136 scri-

1475 1163 1604 1212 psisse
1634 1160 1682 1200 de
1714 1161 1807 1199 vitis
1837 1162 2074 1200 Sanctorum
2106 1161 2275 1210 copiose,
2296 1159 2372 1199 sub
2390 1161 2439 1199 ti-

1475 1224 1558 1263 tulo
1587 1223 1680 1263 Flos
1700 1224 1954 1265 Sanctorum.
1980 1227 2075 1262 tom.
2106 1223 2172 1262 Ill.
2201 1234 2242 1273 p.
2270 1221 2390 1261 2226.

1530 1286 1640 1324 Alter
1670 1286 1792 1336 hujus
1823 1285 1994 1324 nominis
2018 1289 2081 1324 est
2097 1285 2334 1325 Franciscus
2359 1284 2436 1323 Xl-

1475 1348 1678 1398 MENIUS,
1695 1348 1918 1387 Cardinalis
1941 1353 1981 1387 et
2005 1347 2341 1398 Archiepiscopus
2363 1347 2437 1385 To-

1475 1409 1645 1457 letanus‚
1684 1410 1800 1462 cujus
1829 1412 1953 1450 vitam
1998 1411 2247 1461 scripserunt
2288 1408 2435 1448 Gallice

1473 1472 1726 1512 Marsolerius
1747 1477 1786 1511 et
1807 1472 2064 1521 Flechierius‚
2093 1477 2136 1512 ut
2159 1472 2208 1511 de
2232 1472 2318 1511 aliis
2342 1471 2437 1510 scri-

1476 1534 1655 1585 ptoribus
1685 1535 1905 1584 Hispanicis
1935 1539 2104 1574 taceam.
2133 1535 2172 1574 Is
2200 1545 2273 1573 suo
2298 1537 2436 1572 sumtu

1476 1595 1585 1635 dedit
1614 1595 1750 1635 Bz‘blz‘a
1788 1595 2083 1649 Complutensz'a
2111 1597 2358 1648 Polyglotta,
2387 1595 2435 1635 de

1475 1659 1620 1709 quibus
1649 1659 1778 1698 Jacobi
1810 1659 1844 1697 le
1878 1661 1988 1711 Long
2016 1659 2257 1699 Bibliotheca
2289 1658 2436 1698 Biblica

1474 1732 1512 1771 p.
1539 1721 1600 1760 43.
1630 1720 1723 1759 edit.
1754 1722 1983 1772 Lipsiensis,
2014 1726 2053 1760 et
2073 1723 2131 1761 Jo.
2161 1721 2432 1773 Christophori

1473 1782 1619 1830 Wolfii,
1649 1780 1696 1821 r}
1718 1782 1930 1836 panormus,
1961 1784 2058 1823 Bibl.
2089 1784 2277 1824 Hebraica
2321 1788 2428 1822 tomo

1475 1845 1651 1884 secnndo
1682 1858 1716 1896 p.
1749 1846 1839 1886 338.

1527 1909 1625 1946 Tres
1654 1909 1752 1947 alios
1769 1908 2012 1947 recentiores
2039 1907 2167 1947 adfert
2195 1908 2277 1947 Nic.
2306 1906 2429 1948 Anto-

1474 1970 1565 2009 nius
1596 1971 1633 2008 in
1664 1971 1761 2010 Bibl.
1791 1972 2001 2022 Hispanica
2032 1982 2133 2010 nova
2173 1975 2279 2010 tomo
2308 1972 2337 2010 Ι.
2367 1981 2434 2022 pa-

1476 2032 1566 2082 gina
1598 2032 1688 2073 385.

1530 2094 1590 2132 Ex
1622 2095 1684 2133 his
1715 2106 1820 2135 unus
1850 2100 1925 2143 est,
1957 2094 2042 2134 ord.
2066 2095 2431 2147 Franciscanorum,

1475 2169 1582 2197 unus
1612 2170 1660 2197 ex
1691 2158 1899 2197 duodecim
1919 2186 1928 2201 .
1973 2159 2040 2208 qui
2086 2158 2200 2209 primi
2237 2158 2285 2198 ad
2315 2158 2435 2198 Indos

1478 2220 1744 2260 occidentales
1775 2222 1885 2259 missi
1916 2224 2040 2267 sunt,
2082 2225 2265 2260 mortuus
2294 2222 2434 2261 Mexici

1476 2293 1509 2321 a.
1542 2283 1658 2322 4540.
1702 2285 1768 2334 qui
1814 2284 1968 2334 proprie
2013 2283 2090 2323 huc
2135 2294 2212 2322 non
2249 2284 2437 2335 pertinet.

1475 2343 1574 2385 Vide
1606 2349 1741 2384 tamen
1773 2345 2059 2397 Waddingum.

1933 2471 1981 2510 Y.

1530 2554 1678 2645 YVO,
1703 2595 1794 2636 vide
1814 2597 1899 2636 Jvo.

1534 2657 1651 2702 Yvo,
1680 2659 1767 2698 aliis
1789 2658 1946 2698 Evenus
1966 2656 2012 2696 de
2036 2656 2273 2709 Beyaiynon,
2299 2655 2437 2697 Gallus

1478 2719 1708 2760 Armoricus
1740 2723 1776 2759 in
1809 2721 1994 2772 parochia
2027 2718 2176 2759 Plestia
2200 2719 2303 2758 dicta
2333 2718 2439 2758 dioe-

1477 2784 1580 2821 cesis
1611 2784 1894 2829 Trccoriensis‚
1926 2794 1974 2822 ex
2007 2782 2151 2822 illustri
2183 2781 2327 2821 familia
2358 2782 2452 2821 Ru-'
2532 2772 2533 2780 ¹

1477 2845 1823 2897 mem-Beqav'ynon
1844 2850 1975 2895 natus,
2001 2844 2085 2884 ord.
2115 2843 2436 2884 Praedicatorum

1475 2920 1509 2948 a.
1543 2909 1658 2948 1357.
1688 2910 1906 2948 innocentii
1951 2908 2014 2948 VI.
2045 2907 2118 2947 fuit
2170 2907 2436 2946 Poenitentia-

1474 2972 1570 3019 rius,
1601 2976 1690 3023 post
1719 2984 1753 3011 a.
1785 2972 1903 3012 4360.
1931 2969 2187 3011 Trecorensis
2214 2970 2252 3007 in
2281 2969 2438 3008 Britan·

1475 3034 1538 3072 nia
1563 3035 1783 3085 Episcopus
1807 3038 1847 3073 et
1870 3032 2103 3074 Cardinalis.
2125 3030 2293 3082 Scripsit
2311 3040 2433 3082 super

1475 3095 1670 3147 psalmum
1702 3097 1913 3142 Miserere,
1942 3097 1980 3134 et
2005 3095 2166 3135 Statura
2193 3089 2421 3145 Synodalz'a.

1477 3159 1555 3197 Jac.
1587 3159 1723 3205 Ouetif
1747 3159 1795 3198 de
1825 3157 2091 3209 Scriptoribus
2135 3155 2226 3197 Ord.
2274 3152 2435 3194 Praedi-

1479 3225 1656 3261 catorum
1689 3226 1784 3260 torn.
1814 3221 1841 3260 I.
1874 3233 1910 3272 p.
1940 3220 2032 3259 667.
2061 3218 2215 3259 01ὀοἰηί
2261 3215 2435 3257 Athena-

1480 3293 1570 3322 eum
1602 3284 1820 3322 Romanum
1854 3294 1890 3334 p.
1919 3279 2009 3321 644.

1532 3343 1637 3384 YVO
1665 3346 1776 3383 Braeto
1802 3344 1825 3383 f.
1855 3343 2098 3394 Armoricus,
2127 3353 2175 3382 ex
2205 3338 2343 3392 primis
2372 3349 2432 3378 so-
