2533 4009
439 286 642 336 burgensi,
667 282 815 332 reliqua
840 281 991 331 propria
1025 278 1225 330 diligentia
1264 277 1371 328 adje-

439 350 556 386 cisse.-
579 348 613 383 in
633 346 743 383 novis
766 354 858 381 vero
879 342 1158 381 additamentis
1180 340 1373 391 quaedam

434 410 518 446 Viro
543 407 670 446 Celeb.
694 408 751 444 Jo.
788 405 1075 444 Bac-kineistero
1108 403 1271 452 debere,
1307 404 1375 454 qui

435 472 468 507 in
515 468 926 507 Animadversionibus
967 467 1012 506 ad
1061 466 1236 505 Annales
1280 468 1378 505 Mar—

433 531 574 569 schalci
602 531 721 569 nostri
748 531 940 581 quaedam
964 530 1012 569 dc
1038 530 1117 568 vita
1143 529 1250 568 illius
1285 539 1377 568 con-

435 598 621 645 gesserat.

850 655 886 706 ἓ.
912 657 946 694 l.

569 717 709 756 Patria
732 717 974 758 Jsa⁷·scha.lci
996 720 1033 757 et
1057 716 1232 758 Natales.

481 781 658 820 Nicolaus
697 782 814 831 igitur
851 781 1093 821 Marchalcus
1123 782 1249 832 patria
1272 779 1376 819 Thu-

428 844 590 894 ringbus
606 849 679 891 est,
695 844 729 882 id
748 843 849 895 quod
869 845 1072 895 expressis
1088 844 1221 884 verbis
1239 843 1376 895 probat

431 907 619 956 Equitum
647 918 717 945 suo
739 912 914 958 tempore
934 908 1200 956 doctissimuS,
1222 908 1376 947 Ulricus

429 970 649 1018 lluttenus,
685 972 750 1021 qui
787 971 960 1021 Elegiam
1002 971 1049 1010 ad
1090 970 1374 1010 Marschalcum

428 1038 604 1071 nostrum
628 1034 814 1080 scribens,
841 1035 990 1073 Musam
1017 1045 1129 1073 suam
1156 1033 1230 1072 sub
1256 1032 1374 1072 finem

427 1096 481 1133 sic
501 1095 731 1145 alloquitur:
759 1096 771 1112 ³

428 1228 533 1268 Haec
568 1227 639 1268 ube·
672 1229 889 1272 tradideris
922 1232 1024 1283 vati,
1062 1243 1150 1272 mea
1185 1232 1321 1282 Musa,

614 1292 691 1332 Thu
698 1294 807 1346 rinqo
819 1325 828 1340 ,

431 1353 493 1393 Ad
515 1367 619 1407 mea,
641 1357 833 1410 rescripto
857 1358 1053 1408 carmine,
1080 1361 1178 1398 tecta
1202 1355 1302 1396 redi.

426 1479 535 1526 Quod
550 1493 642 1520 vero
654 1485 835 1534 perpauci
852 1483 886 1523 id
901 1485 976 1526 huc
992 1497 1116 1537 usque
1125 1487 1374 1536 perspectum

431 1541 680 1594 habuerunt,
717 1557 856 1586 caussa
894 1548 988 1587 haec
1026 1554 1111 1596 est,
1148 1547 1250 1599 quod
1292 1549 1374 1596 ipsc

425 1604 690 1646 Marschalcus
713 1619 755 1646 se
786 1620 860 1647 non
893 1610 1151 1663 leurinyum,
1178 1609 1245 1648 sed
1276 1606 1374 1646 Thu-

427 1666 533 1704 rium
579 1671 746 1720 scripsit.
793 1673 985 1712 Nimirum
1033 1685 1077 1712 ea
1126 1673 1232 1711 labes
1278 1676 1372 1710 tunc

423 1731 611 1780 temporis
633 1734 738 1771 viros
757 1734 934 1773 eruditos
962 1736 1174 1783 invaserat,
1196 1739 1250 1782 ut,
1270 1743 1372 1784 quae

424 1792 634 1832 Teutonica
654 1802 801 1843 essent,
823 1802 1136 1844 contemnerent,
1153 1803 1192 1835 et
1214 1798 1371 1836 nomina

425 1857 627 1905 peregrina
668 1859 797 1908 potius
836 1860 1039 1911 eligerent.
1065 1862 1127 1899 Sic
1152 1862 1372 1899 Misnenses

425 1917 649 1956 maluerunt
673 1930 762 1958 esse
787 1921 904 1972 Mysi,
933 1922 1111 1960 Saxones
1135 1923 1271 1961 Sacae.
1298 1921 1373 1959 Eo-

423 1978 512 2017 dem
550 1980 662 2018 modo
705 1989 838 2021 noster
879 1982 1064 2022 Thorium
1109 1995 1151 2023 se
1190 1984 1370 2032 vocavit,

425 2041 526 2090 quod
546 2053 689 2081 nomen
710 2045 877 2095 populus
893 2046 986 2085 olim
1007 2058 1170 2097 magnac
1188 2045 1372 2085 Graeciae

431 2102 590 2151 habuit,
617 2112 659 2144 ut
696 2109 942 2158 antiquitatis
966 2120 1008 2148 se
1044 2121 1209 2161 gnarum
1242 2113 1373 2147 osten-

429 2163 760 2213 deret.Quaenam
781 2182 872 2210 vero
889 2172 1090 2222 speciatim
1109 2173 1231 2223 patria
1251 2172 1374 2222 ipsius

487 2305 498 2320 ¹
523 2308 632 2339 Edidit
654 2310 816 2341 liuttenus
836 2312 922 2343 inter
939 2311 1002 2344 alia
1018 2312 1053 2343 in
1075 2313 1261 2353 Werleyum
1276 2314 1380 2345 Loec:

426 2362 458 2388 et
498 2359 610 2398 silium
643 2358 719 2396 ejus
742 2361 968 2402 Ilenuiuywn
998 2363 1029 2394 Γ.
1065 2364 1164 2394 Juris
1194 2364 1381 2395 Ductorem

428 2408 654 2448 Gripesi-alcle'
693 2410 727 2440 in
763 2412 977 2443 I’omeruuia
1014 2414 1241 2453 Querelarum
1269 2414 1379 2445 libros

423 2457 520 2488 duos.
555 2459 844 2500 fruneophordic
875 2463 926 2493 εἰς
959 2464 1130 2502 Oderam,
1162 2465 1251 2496 1510.
1273 2464 1291 2495 4
1334 2466 1375 2504 pl.

426 2507 472 2538 15.
508 2508 575 2548 1[·’.).
608 2512 699 2547 Quod
725 2513 919 2551 opusculum
952 2522 1054 2553 quum
1085 2515 1128 2546 Cl.
1147 2516 1378 2554 Burkltardus,

426 2561 567 2598 scriptor
606 2562 698 2592 Vitae
724 2565 963 2602 liuttenianae,
988 2574 1120 2605 prorsus
1151 2574 1216 2597 non
1241 2565 1378 2604 viderit,

431 2616 537 2647 pauca
561 2608 600 2639 dc
624 2609 681 2640 illo
718 2614 880 2644 monenda
916 2618 1005 2644 sunt.
1030 2616 1192 2646 lluttenus
1215 2623 1254 2647 cx
1285 2614 1379 2646 ltalia

427 2660 528 2691 redux
554 2668 585 2692 3.
620 2659 697 2691 1509
732 2663 764 2692 in
801 2664 1030 2695 pomeraniam
1064 2666 1174 2702 venit,
1202 2665 1258 2696 ubi
1296 2674 1372 2697 cum

426 2710 540 2742 morbo
559 2716 590 2742 et
610 2718 801 2753 paupertate
833 2713 1100 2745 conflictabatur.
1123 2714 1280 2754 Wedegus
1304 2717 1377 2746 Los-

423 2760 490 2789 5105
515 2761 581 2792 (jot.
618 2763 931 2803 (jrspbiswaldcnsis
967 2765 1074 2803 ipsum
1110 2765 1307 2803 recipiebat,
1344 2769 1376 2795 et

421 2811 582 2847 quasdam
618 2815 775 2851 pecunias
810 2814 1099 2853 subministrabat,
1135 2814 1190 2846 sed
1228 2814 1374 2853 indignis

423 2864 589 2897 praeterea
614 2864 717 2894 modis
741 2865 849 2903 ipsum
872 2865 1043 2895 tractabat.
1094 2867 1256 2896 1101101105
1278 2865 1374 2906 hujus

424 2911 467 2939 rei
495 2912 669 2950 impatiens
694 2913 832 2952 pedibus
868 2915 928 2945 iter
963 2916 1175 2947 ltostochium
1209 2918 1374 2956 suscipit,

421 2958 475 2988 sed
521 2969 583 2991 non
612 2964 726 3002 procul
751 2964 791 2994 311
816 2964 895 2995 urbe
917 2965 1029 2996 aberat
1050 2990 1054 2997 .
1080 2974 1182 3004 quum
1205 2968 1371 3005 Lossiani,

425 3010 579 3042 satellites
617 3021 722 3052 ipsum
761 3014 904 3054 adgressi
942 3016 1117 3056 01111ιί11115,
1141 3025 1225 3056 quac
1259 3025 1371 3049 secum

427 3058 587 3098 1131111131,
611 3063 806 3102 spoliarunt.
844 3068 916 3106 lpse
940 3072 1048 3098 autem
1072 3069 1119 3099 sic
1153 3068 1287 3099 all'ectus
1309 3070 1369 3098 lto·

424 3109 585 3141 §tm-bium
621 3116 733 3152 venit,
776 3116 886 3155 ibique
924 3125 1041 3155 magno
1094 3126 1168 3148 00111
1207 3117 1367 3157 applausu

428 3155 547 3189 docuit.
587 3162 698 3193 Postea
732 3173 808 3195 vero
837 3166 893 3196 1135
941 3167 1094 3204 Qui-relas
1128 3167 1251 3207 edidit,
1285 3176 1369 3208 quae

427 3206 505 3236 1111111
528 3210 616 3240 aliud
642 3219 736 3250 sunt,
760 3224 859 3253 quarn
882 3219 1020 3255 Farrago
1045 3220 1212 3249 variorum
1236 3220 1366 3250 Carmi-

429 3262 526 3294 110111,
547 3263 585 3292 :id
618 3265 772 3294 Patronus
790 3269 819 3295 01
838 3267 959 3297 anticos
983 3269 1169 3307 missorum,
1195 3271 1226 3299 in
1247 3270 1368 3308 quibus

433 3312 495 3340 11113
520 3320 649 3352 quoquc
685 3316 798 3352 varia,
825 3324 909 3354 quae
933 3316 977 3348 ibi
1002 3325 1067 3348 11011
1092 3326 1253 3358 quaeras,
1277 3321 1370 3352 inve-

431 3361 578 3391 niuntur.
934 3366 935 3369 ’

1237 202 1566 244 THURIUS

1450 268 1587 323 fuerit,
1605 272 1681 313 buc
1704 283 1830 326 usque
1856 275 2033 317 nondum
2055 277 2252 329 expiscari
2278 278 2400 329 potui.

1452 336 1582 375 Celeb.
1618 336 1787 375 Hornius
1810 330 1826 354 ¹'
1848 349 1939 378 eum
1981 350 2029 379 ex
2069 345 2185 390 gente
2208 339 2401 380 Nobilium

1449 398 1785 446 Marschallorum,
1803 401 1867 451 qui
1894 401 1985 440 olim
2008 402 2111 454 apud
2134 402 2400 454 Landgravios

1449 460 1688 511 Thuringiae
1728 461 1799 500 boc
1834 461 2040 514 dignitatis
2074 476 2200 516 genus
2222 464 2402 505 obtinue-

1450 527 1563 571 runt,
1585 527 1624 561 et
1647 523 1970 564 Gosserstadium
2001 528 2231 580 vicinasque
2251 527 2401 579 aliquot

1448 584 1563 624 villas
1599 584 1748 624 dudum
1793 587 2026 637 possident,
2061 589 2275 630 oriundum
2309 599 2400 629 esse

1448 646 1604 686 tradere
1641 647 1813 687 videtur.
1846 649 1979 696 Quum
2019 651 2138 702 igitur
2166 652 2306 691 asserti
2331 652 2392 692 sui

1449 710 1640 748 rationem
1680 711 1829 750 nullam
1854 712 2059 764 adtulerit,
2081 725 2165 753 rem
2188 715 2340 754 interea
2360 715 2398 753 in

1449 771 1577 810 medio
1601 772 1902 824 relinquendam
1927 785 2016 814 esse
2037 780 2149 828 puto,
2169 776 2294 816 donec
2316 787 2402 817 cer-

1449 837 1545 873 tiora
1567 833 1650 873 dies
1685 835 1833 875 doceat.
1855 838 1934 877 1100
1964 837 2084 888 addo,
2105 837 2402 879 Nobilissimum

1454 896 1648 936 Thurium
1671 900 1802 938 vocari
1822 911 1842 939 3
1865 900 2046 941 Conrado
2065 903 2239 942 Mutiano
2260 903 2371 952 Rufo,
2386 903 2401 920 ⁰

1449 973 1653 1013 quumque
1678 962 1753 1000 illis
1773 964 2019 1014 temporibus
2036 965 2139 1004 tituli
2163 977 2238 1005 non
2261 969 2401 1005 essent

1450 1031 1529 1064 tam
1568 1026 1736 1077 vulgati,
1769 1038 1814 1065 ac
1853 1029 2012 1078 nostris,
2039 1027 2227 1068 credibile
2262 1028 2401 1080 utique

1449 1093 1527 1136 est,
1554 1090 1682 1141 ipsum
1707 1094 1797 1129 ortu
1819 1089 1942 1130 fuisse
1968 1090 2154 1146 nobilem.

1552 1214 1717 1269 Erfurti
1736 1219 1772 1255 et
1801 1214 2063 1268 Witteberqae
2086 1219 2292 1257 versatur.

1499 1278 1559 1318 Ad
1584 1280 1806 1319 litterarum
1846 1278 1976 1319 studia
2001 1291 2092 1320 cum
2117 1281 2296 1321 animum
2332 1291 2402 1333 ap-

1449 1341 1675 1392 plicuisset,
1703 1343 1740 1380 in
1762 1341 1986 1381 Erfurtensi
2011 1342 2224 1383 Academia
2258 1343 2401 1384 iisdem

1449 1404 1712 1453 incubuit,ubi
1731 1405 1978 1455 Spalatinum
1996 1405 2132 1445 habuit
2149 1405 2401 1458 discipulum,

1447 1463 1683 1517 Artc'umque
1724 1464 1909 1517 Mayistri
1951 1469 1991 1504 et
2029 1466 2143 1507 Juris
2190 1467 2404 1520 Utriusque

1447 1526 1712 1566 Bacealaurei
1745 1527 1980 1578 dignitatem
2005 1529 2187 1568 obtinuit.
2217 1530 2274 1569 Eo
2302 1534 2404 1568 tern-

1447 1601 1539 1640 pore
1560 1590 1781 1630 Fridericus
1807 1591 1986 1642 Sapiens,
2010 1591 2169 1631 Elector
2188 1591 2397 1642 saxoniae,

1445 1651 1697 1692 Aeademiam
1724 1665 1866 1692 novam
1894 1653 2161 1705 Wittebergae
2181 1653 2396 1704 condebat,

1445 1725 1561 1764 quam
1582 1714 1642 1753 ille
1664 1716 1765 1753 inter
1790 1716 1936 1767 primos
1960 1715 2175 1764 decoravit,
2198 1717 2267 1763 sic,
2292 1720 2334 1755 ut
2359 1717 2397 1754 in

1443 1776 1528 1815 albo
1557 1779 1836 1828 inscriptorum
1865 1790 2007 1817 nomen
2036 1779 2161 1830 ipsius
2193 1777 2401 1818 undecimo

1445 1838 1528 1877 1000
1553 1839 1753 1880 habeatur.
1774 1834 1791 1857 ‘¹
1815 1842 1874 1880 An
1898 1841 1946 1880 ibi
1980 1841 2073 1881 Jura
2098 1840 2296 1889 docuerit,
2321 1851 2398 1880 non

1445 1904 1541 1940 satis
1577 1903 1701 1943 audeo
1723 1903 1979 1952 confirmare,
1999 1915 2122 1955 quum
2153 1915 2225 1944 nec
2249 1915 2397 1944 nomen

1445 1964 1547 2003 illius
1568 1966 1668 2004 inter
1692 1977 1759 2005 eos
1780 1967 1943 2018 legatur,
1965 1970 2031 2019 qui
2052 1968 2159 2007 Juris
2181 1968 2394 2018 utriusque

1445 2027 1633 2067 Doctores
1672 2028 1810 2068 ibidem
1854 2032 2072 2070 renunciati
2111 2035 2220 2070 sunt.
2257 2028 2343 2069 Hoc
2375 2040 2397 2069 3

1445 2091 1684 2130 Marscbalco
1715 2097 1849 2131 nostro
1881 2093 2117 2142 edocemur,
2154 2092 2396 2132 Fridericum

1445 2150 1667 2191 Electorem
1692 2163 1782 2192 cum
1807 2153 1926 2192 fratre
1959 2154 2111 2193 Joanne
2135 2154 2294 2204 saepius
2327 2163 2397 2193 au-

1446 2213 1584 2254 ditoria
1611 2216 1906 2266 frequentasse:
1931 2216 1944 2233 ⁶
1972 2217 2008 2256 id
2042 2215 2147 2268 quod
2172 2227 2304 2256 rarum
2337 2219 2400 2256 est

1447 2277 1484 2315 in
1522 2278 1784 2329 Principibus,
1807 2282 1848 2318 et
1877 2279 1950 2319 hac
1981 2279 2187 2320 occasione
2210 2280 2397 2320 omitten-

1446 2339 1540 2379 dum
1564 2351 1639 2380 non
1664 2346 1760 2381 erat.

1629 2466 1826 2508 Rostochz'z‘
1850 2467 2015 2509 honores
2036 2466 2200 2521 publici.

1498 2530 1624 2569 Patria
1641 2541 1733 2570 vero
1747 2532 1820 2583 ipsi
1842 2542 1917 2571 non
1942 2533 2039 2571 satis
2057 2532 2199 2572 favisse
2216 2529 2392 2580 videtur,

1445 2597 1682 2644 quapropter
1733 2596 1879 2634 exteris
1922 2596 2052 2647 potius
2102 2605 2221 2646 quam
2270 2593 2393 2646 patria

1445 2654 1573 2693 studia
1603 2667 1675 2695 sua
1697 2657 1834 2696 offerre
1857 2662 2017 2698 coactus
2035 2661 2109 2697 est.
2133 2658 2282 2697 Docent
2309 2655 2395 2699 hoc.

1442 2716 1561 2756 verba
1592 2717 1771 2765 Hutteni,
1799 2721 1865 2771 qui
1896 2721 1962 2772 ait,
1992 2722 2120 2772 ipsum
2150 2719 2276 2760 multa
2300 2717 2390 2758 alibi

1445 2779 1543 2818 mala
1592 2783 1857 2823 sustinuisse:
1898 2788 1939 2822 et
1986 2783 2148 2824 demum
2189 2783 2227 2822 in
2273 2781 2390 2821 terris

1491 2914 1508 2932 '¹
1531 2922 1632 2953 Jrorn
1657 2921 1773 2963 sectas.
1797 2923 2023 2957 Hand-Biha.
2047 2922 2063 2954 1
2086 2922 2182 2956 Zkeil
2202 2932 2234 2965 p.
2256 2921 2313 2956 99.

1494 2972 1505 2988 0
1532 2974 1636 3012 Epist.
1663 2975 1754 3005 xm.
1780 2975 1813 3006 in
1837 2975 1994 3007 Tentzelii
2018 2974 2134 3015 suppl.
2159 2975 2199 3005 ΙΙ.
2222 2973 2298 3005 hist.
2317 2973 2388 3005 Go-

1441 3019 1561 3052 tlianae
1585 3032 1616 3062 p.
1641 3022 1692 3059 41,

1491 3065 1505 3086 '¹
1528 3074 1679 3103 sentierti
1706 3073 1855 3106 Athenae
1884 3074 2078 3115 Witteberg.
2099 3083 2131 3114 p.
2156 3072 2209 3105 59.

1491 3122 1504 3138 ⁰
1529 3123 1752 3155 Marschalcus
1782 3125 1813 3154 in
1839 3124 2047 3163 praefatione
2073 3122 2114 3155 ad
2151 3123 2236 3154 Petri
2260 3123 2388 3155 Raven-

1438 3173 1523 3201 natis
1551 3172 1793 3212 Compendium
1816 3175 1903 3204 Juris
1924 3174 2052 3206 civilis:
2073 3172 2231 3205 Andium
2252 3175 2285 3204 te
2309 3174 2384 3213 (Ra-

1437 3223 1628 3260 vennatem)
1653 3226 1685 3253 et
1728 3223 1772 3254 D.
1811 3223 2001 3254 Federicus
2039 3224 2102 3256 Ro.
2136 3223 2226 3263 Imp.
2257 3222 2380 3254 Archi-

1435 3272 1690 3304 manchaleus.-
1729 3277 1760 3304 ει
1798 3274 1840 3305 D.
1870 3275 2029 3305 Joannes
2061 3280 2250 3314 qermanus
2280 3271 2380 3312 ejus,

1437 3322 1619 3363 principes
1654 3324 1772 3354 nostri
1810 3323 2004 3356 Sassom'ae
2042 3322 2305 3356 illustrissimi.-
2346 3323 2380 3355 si

1435 3372 1575 3410 quando
1597 3381 1659 3412 per
1681 3373 1796 3405 ocium
1815 3373 1871 3405 rei
1892 3381 1978 3405 suae
2001 3371 2162 3414 publicae
2184 3370 2303 3407 liceat.
