2517 4009
922 213 1204 254 PETRUS

141 284 332 325 PETRUS
351 281 610 323 Caelestinus.
628 283 724 321 Vide
742 295 859 336 supra
884 287 920 323 in
941 285 1038 326 Cac-

86 348 223 389 lestino
252 348 288 387 V.
311 348 412 397 Papa
436 350 464 384 t.
491 347 529 385 4.
551 357 636 397 pag.
671 347 762 387 294.
789 353 910 399 atque
938 348 1036 388 Acta

87 413 264 451 Sanctor.
302 413 393 447 tom.
419 409 481 446 IV.
504 409 592 461 Maji
618 410 678 448 49.

139 470 330 512 PETRUS
374 468 470 510 Calo
506 472 591 510 sive
631 471 809 512 Calotius
845 472 894 512 de
934 474 1035 512 fossa

85 535 218 575 Clodia
237 531 448 584 (Chioggia)
475 534 559 573 sive
585 535 806 575 Clodiensis
827 537 863 574 in
887 537 1036 575 Veneta

84 597 233 636 ditione
248 625 259 642 ‚
281 594 373 634 Ord.
399 595 532 634 Praed.
559 598 718 648 scripsit
742 599 851 637 Vitas
875 598 1037 637 Sancto-

85 658 504 711 rumkpraetermissas
527 659 549 697 a
572 659 715 698 Jacobo
740 659 788 698 de
826 659 1010 711 Viragine
1027 691 1037 708 ,

84 719 133 759 de
152 729 231 771 quo
251 728 370 770 supra
389 724 483 758 tom.
506 722 539 759 4.
560 731 644 772 pag.
671 720 761 761 304.
787 722 920 760 clarus
934 722 1038 761 circa

84 782 159 821 An.
183 783 297 822 4340.
318 783 457 821 Mirum
482 787 545 822 est
569 784 840 823 Franciscanis
870 784 1037 823 adscribi

84 846 108 884 a
122 846 337 884 Possevino
353 876 365 894 ,
389 845 599 896 Georgium
620 846 828 885 Wicelium
852 846 1038 890 laudante

83 912 314 957 auctorem,
338 919 430 947 cum
458 907 611 948 Wicelii
635 908 755 948 verba
784 909 922 948 Vossio
953 921 1037 961 pag.

86 970 175 1008 499.
199 972 318 1010 etiam
344 971 503 1010 laudata
539 972 783 1010 contrarium
825 976 1037 1011 testentur.

85 1034 228 1072 Petrus
267 1031 470 1080 Calotius,
504 1032 664 1072 Ordinis
702 1033 1040 1074 Pracdz‘catorum

84 1094 298 1135 Monachus
321 1094 532 1134 admodum
570 1099 713 1134 emacte
752 1096 923 1147 inqenti'a
961 1097 1037 1135 (luo

88 1156 291 1197 Volumina
319 1157 364 1196 de
383 1157 476 1197 vitis
501 1158 691 1197 Divorum
720 1159 907 1209 scripsit,
933 1170 1036 1210 quae

84 1219 126 1258 in
153 1218 254 1258 Bibl.
272 1220 533 1258 Dominicana
556 1221 753 1258 Bononiae
776 1225 1011 1260 servantur.

140 1281 333 1321 PETRUS
354 1280 493 1321 Caroli
515 1280 590 1320 loci
605 1282 737 1320 Abbas
758 1282 850 1321 Ord.
871 1283 1038 1322 Cisterc.

84 1344 173 1383 Sec.
193 1343 299 1383 XIII.
337 1344 399 1382 cui
437 1344 627 1383 tribuitur
664 1344 751 1382 Vita
773 1344 813 1383 S.
855 1343 1042 1383 Guz'lelmi

83 1405 378 1457 Archiepisc-opi
401 1407 687 1455 Bituricensis‚
714 1406 892 1445 defuncti
922 1409 1038 1446 Anno

86 1469 201 1508 ⁴209.
218 1469 316 1507 Eam
339 1472 473 1507 tamen
493 1468 568 1508 sub
587 1469 702 1508 titulo
719 1468 906 1508 Auctoris
926 1480 1039 1509 coae-

85 1531 189 1570 tanei
216 1531 445 1571 ANONYMI
478 1530 601 1570 edidit·
630 1531 845 1570 Bollandus
881 1536 974 1570 tom.
1003 1535 1036 1572 4.

84 1595 245 1633 Januar.
270 1595 322 1632 X.
342 1604 429 1646 pag.
455 1594 545 1634 628.
565 1594 654 1633 638.

138 1656 332 1696 PETRUS
357 1655 672 1696 Cameracensis.
695 1657 823 1708 Supra
840 1658 1039 1698 PETRUS

85 1718 132 1758 de
149 1716 326 1767 Alliaco,
355 1723 397 1758 et
425 1719 622 1759 PETRUS
645 1721 684 1759 S.
709 1718 904 1759 Autberti.

138 1781 331 1822 PETRUS
358 1781 406 1821 de
430 1781 597 1822 Candia.
627 1782 781 1833 Supra,
813 1783 1041 1824 ALEXAN-

86 1845 188 1883 DER
210 1845 255 1883 V.
281 1846 399 1895 Papa.

139 1907 332 1946 PETRUS
357 1905 562 1947 Candidus
599 1906 840 1955 December,
865 1921 987 1961 supra
1014 1914 1042 1949 t.

88 1968 125 2007 2.
149 1980 236 2020 pag.
263 1967 353 2009 [434.

139 2031 334 2071 PETRUS
360 2031 583 2073 Canonz'cus
608 2035 647 2073 S.
684 2034 867 2074 Autbcrti
903 2036 1045 2076 Came-

89 2095 293 2140 racensis,
329 2096 499 2146 scriptor
531 2099 710 2148 martyrii
736 2099 775 2138 S.
815 2100 1045 2151 Dympnae,

91 2156 194 2197 filiae
206 2158 324 2210 Regis
343 2159 564 2199 Hiberniae.
581 2159 678 2199 Vide
699 2171 837 2211 supra,
852 2152 1047 2202 PETRUS

87 2220 127 2259 S.
153 2219 350 2261 Autberti.

143 2284 338 2325 PETRUS
384 2284 609 2325 Canonicus
649 2291 689 2325 et
731 2285 1046 2327 Archidiaconus

91 2347 374 2395 Londinensis,
399 2347 532 2386 clarus
555 2347 656 2386 circa
683 2348 727 2386 A.
754 2349 860 2388 4230
879 2351 1048 2400 scriptor

89 2407 334 2459 dialogorum
371 2409 474 2447 Petri
506 2413 546 2448 et
571 2410 744 2449 Simonis
769 2411 882 2450 libris
907 2413 972 2450 111.
998 2412 1046 2451 ad

97 2470 297 2509 Simonem
308 2469 580 2521 Logodunum‚
597 2471 928 2512 Archidiaconum
945 2474 1049 2512 Can-

93 2534 338 2572 tuariensem
359 2562 368 2578 ‚
391 2531 438 2571 de
470 2534 726 2584 reparatione
761 2533 864 2587 lapsi
893 2537 978 2574 sive
1003 2535 1048 2575 de

89 2593 257 2634 Mes-siae
299 2593 498 2644 adventu,
537 2600 674 2635 contra
716 2597 903 2636 ludaeos.
939 2598 1046 2637 idem

89 2660 192 2695 teste
217 2656 390 2696 Lelando
411 2668 495 2709 cap.
522 2657 599 2697 225
624 2663 763 2697 auctor
784 2659 1048 2711 Pantheoloqz}

91 2720 177 2758 sive
203 2720 335 2758 Lexici
360 2719 398 2758 S.
430 2720 660 2771 Scripturas
685 2725 724 2760 et
761 2733 895 2761 rerum
926 2723 1050 2762 Theo-

90 2781 305 2832 logicarum
329 2781 379 2821 ad
402 2780 660 2822 Godefridum
694 2785 855 2823 Lucium
888 2785 1049 2836 Episco-

91 2855 187 2895 pum
213 2844 465 2883 Simenorum
486 2847 571 2884 sive
595 2845 916 2886 wintoniensem
938 2848 1048 2887 libris

92 2906 158 2946 52.
179 2907 235 2945 De
257 2907 540 2957 Manuscriptis
564 2909 776 2948 Codicibus
801 2909 921 2960 hujus
945 2911 1048 2961 Ope-

92 2970 148 3007 ris
176 2967 268 3007 vide
301 2968 501 3008 Oudinum
527 2974 620 3008 tom.
653 2972 688 3010 3.
729 2983 814 3022 pag.
851 2974 938 3011 445.
980 2974 1047 3012 llis

92 3031 236 3071 Baleus
259 3031 324 3069 111.
349 3018 465 3070 90‘et
489 3033 646 3071 Pitseus
666 3045 750 3085 pag.
779 3035 867 3074 306.
893 3035 1047 3075 addunt

93 3093 215 3133 libros
237 3093 300 3133 Vl.
325 3091 371 3132 de
399 3091 619 3132 Virtutibus
638 3126 648 3142 ,
673 3101 711 3134 et
729 3097 891 3136 totidem
910 3101 1047 3136 contra

89 3159 270 3208 peccata,
295 3159 379 3194 tum
409 3154 702 3194 Remediarium
726 3157 912 3197 vitiorum
938 3160 1047 3198 libris

95 3219 144 3258 11.
157 3223 198 3258 et
214 3216 509 3257 Remecliarium
525 3229 804 3258 conversorum
821 3221 868 3259 ad
888 3222 1048 3261 Richar-

97 3280 194 3320 dum
213 3279 504 3319 Londinenscm
531 3280 816 3334 Sei-monesque
840 3289 880 3321 et
903 3284 1045 3323 librum

97 3344 229 3382 nescio
253 3345 367 3384 cuius
391 3342 437 3383 de
461 3345 570 3381 terra
598 3342 872 3387 Palaestinae.
891 3356 938 3384 ex
957 3348 1045 3385 Gal-

1964 213 2042 252 237

1112 285 1186 324 lica
1213 285 1446 324 translatum
1474 287 1510 323 in
1538 284 1732 337 Linguam
1759 284 1953 324 Latinam.

1165 347 1356 386 PETRUS
1399 346 1621 386 Canonz'cus
1651 348 1691 386 S.
1738 347 1907 386 Victoris
1943 347 2061 385 Paris.
2093 395 2098 400 ι

1111 409 1210 447 infra
1243 420 1331 447 mox
1359 409 1500 448 Petrus
1523 409 1683 449 Cantor.

1163 469 1254 520 (258
1270 471 1461 510 PETRUS
1472 470 1714 511 Cantinellus
1728 477 1865 512 auctor
1878 472 2061 512 Chronici

1109 531 1203 570 editi
1249 544 1284 570 in
1311 533 1385 572 vol.
1415 533 1461 571 ad
1489 544 1620 573 rerum
1648 535 1816 574 italicar.
1842 536 2062 586 Scriptores

1111 594 1334 633 additiones
1376 597 1618 635 Faventinac
1660 609 1733 636 cur
1778 599 1835 636 Jo.
1873 600 1915 637 B.
1940 599 2066 637 Mitta-

1116 656 1199 694 relli
1222 657 1318 694 Ven.
1346 656 1441 695 4774
1475 657 1551 706 fol.)

1166 719 1358 757 PETRUS
1379 720 1649 767 pictaviensis,
1670 732 1760 760 cum
1785 723 1968 760 lli-mensi
1989 733 2064 759 non

1113 779 1422 820 confundendus
1464 781 1688 820 Canonicus
1730 784 1770 822 S.
1818 785 1985 822 Victoris
2027 788 2067 820 et

1114 841 1280 881 Scholae
1310 842 1567 894 Theologicae
1586 844 1729 883 Rector
1750 845 1974 897 Cantorque
1999 847 2067 884 Pa-

1115 904 1294 943 risicnsis
1323 916 1395 944 sua
1432 910 1562 945 aetate
1597 909 1801 958 egregius,
1833 909 1993 958 vitaque
2022 920 2067 947 ac

1114 968 1280 1006 scientia
1309 967 1453 1016 clarus,
1474 968 1647 1020 denique
1679 971 1957 1021 Episcopatum
1977 972 2069 1009 Tor-

1115 1040 1329 1068 nacensem
1361 1030 1516 1082 fugiens
1547 1033 1584 1070 in
1616 1033 1814 1072 Coenobio
1844 1033 1949 1084 quod
1968 1036 2067 1072 Lon-

1113 1104 1188 1142 gus
1217 1104 1316 1144 pons
1340 1093 1512 1143 dicitur,
1535 1095 1626 1134 Ord.
1645 1096 1810 1135 Cisterc.
1837 1101 1874 1134 in
1899 1097 2069 1135 dioecesi

1114 1156 1395 1194 Svessionensi
1428 1157 1531 1196 diem
1563 1158 1657 1197 obiit
1699 1159 1773 1197 An.
1818 1160 1933 1198 4497.
1973 1159 2068 1198 Vide

1114 1219 1273 1268 Pagium
1305 1218 1352 1256 ad
1386 1219 1494 1258 illum
1525 1232 1676 1260 annum
1721 1233 1828 1260 num.
1861 1224 1922 1261 Vl.
1953 1230 1994 1261 et
2020 1223 2069 1261 de

1115 1281 1277 1330 scriptis
1309 1281 1441 1330 Petri,
1472 1283 1654 1321 Carolum
1688 1284 1893 1323 Yischium
1920 1298 1956 1337 p.
1978 1287 2070 1325 263.

1111 1353 1192 1391 seq.
1226 1342 1320 1380 Bibl.
1353 1343 1520 1382 Cisterc.
1551 1347 1899 1395 atqueOudinum
1925 1353 2019 1387 tom.
2046 1350 2068 1387 ‘2

1113 1415 1202 1454 pag.
1243 1405 1358 1444 4662.
1389 1417 1473 1456 seq.
1504 1409 1563 1446 Ex
1605 1408 1948 1449 lucubrationibus
1984 1413 2071 1450 eius

1116 1466 1218 1505 vidit
1242 1467 1371 1506 lucem
1407 1470 1575 1508 Summa
1602 1469 1650 1508 de
1681 1472 1930 1521 sugillatione
1960 1475 2074 1511 vitio-

1114 1540 1204 1567 rum
1242 1533 1283 1567 et
1320 1531 1669 1571 commendatione
1713 1535 1933 1583 virtutum,
1971 1547 2072 1585 quae

1118 1589 1289 1630 Verbum
1324 1590 1607 1633 abbreviatum
1641 1597 1760 1634 etiam
1791 1597 1892 1635 solet
1922 1609 2073 1636 nuncu-

1117 1655 1227 1704 pari,
1256 1660 1348 1705 quia
1390 1657 1527 1707 incipit
1557 1659 1579 1696 a
1611 1659 1745 1697 verbis
1771 1660 1881 1698 Rom.
1912 1661 1979 1699 lx.
2008 1661 2071 1698 28.

1121 1715 1289 1756 Verbum
1309 1716 1586 1758 abbreviatum
1605 1719 1727 1773 faciet
1745 1722 1938 1761 Dominus
1954 1733 2074 1775 super

1118 1781 1283 1818 terram.
1308 1781 1455 1820 Prodiit
1478 1784 1676 1822 Montibus
1702 1785 1956 1832 Hannoniae‚
1981 1796 2072 1823 cum

1115 1843 1222 1881 notis
1251 1843 1428 1895 Gregorii
1459 1845 1638 1897 Galopini
1671 1847 1772 1886 4639
1794 1846 1817 1886 [ι
1852 1849 1912 1886 Ex
1934 1847 2073 1886 eodem

1119 1906 1288 1955 petitum
1325 1909 1562 1958 opusculum
1587 1911 1727 1947 contra
1750 1909 1961 1949 Monacbos
1981 1922 2076 1962 pro-

1113 1968 1362 2019 prietarios,
1393 1970 1544 2010 editum
1576 1973 1734 2010 Parisiis
1764 1984 1842 2012 una
1871 1983 1963 2012 cum
1988 1974 2075 2012 aliis

1119 2031 1301 2080 ejusdem
1332 2035 1573 2084 argumenti.
1595 2036 1694 2073 Loca
1716 2035 1911 2086 quaedam
1937 2047 1984 2075 ex
2005 2038 2075 2075 Pe-

1120 2095 1170 2132 tri
1201 2095 1499 2144 Poenz'tentialt',
1530 2097 1635 2147 quod
1666 2097 1923 2138 emendatum
1953 2101 1976 2138 a
1999 2100 2076 2138 Ma—

1119 2157 1243 2207 gistro
1271 2159 1465 2199 JACOBO
1496 2160 1535 2199 S.
1568 2161 1736 2199 Victoris
1775 2162 1973 2201 Canonico
2004 2163 2074 2200 fuit

1119 2219 1224 2269 apud
1266 2220 1378 2259 Alex.
1410 2223 1616 2261 Patavium
1642 2253 1650 2271 ,
1682 2223 1862 2273 vulgavit
1904 2225 2075 2263 Jacobus

1120 2283 1273 2320 Petitus
1296 2283 1342 2321 ad
1375 2284 1523 2322 calcem
1554 2285 1852 2324 Poenitentialis
1882 2286 2076 2325 Theodori

1120 2344 1302 2396 Arcbiep.
1335 2346 1661 2394 Cantuariensis‚
1687 2349 1808 2386 Paris.
1839 2348 1952 2386 4679.
1977 2350 2011 2386 t.
2037 2361 2072 2399 p.

1122 2407 1211 2446 344.
1238 2407 1327 2446 3lt2.
1345 2408 1509 2448 Caetera
1531 2409 1674 2447 inedita
1694 2414 1812 2448 sunt:
1835 2408 2072 2459 Alleyoriue.

1123 2471 1395 2509 annotationes
1419 2474 1456 2509 et
1480 2468 1620 2510 brevia
1641 2471 1936 2510 Commentaria
1959 2472 1999 2509 in
2023 2477 2076 2509 to-

1125 2536 1206 2571 tum
1230 2535 1345 2571 Vetus
1369 2537 1408 2571 et
1429 2533 1582 2572 Novum
1606 2534 2075 2574 Testamentum.Tracta-

1124 2600 1190 2634 tus
1218 2595 1266 2634 cle
1307 2596 1589 2635 contrarietate
1626 2597 1889 2647 Scripturae,
1929 2608 1999 2636 seu
2029 2597 2075 2636 (le

1122 2656 1476 2696 contrarietatibus
1504 2657 1761 2709 Tlieoloyi'cis.
1787 2658 1832 2697 ‹lc
1857 2659 2075 2698 contrarie-

1123 2723 1244 2758 tatum
1270 2719 1539 2766 solutionibus.
1558 2721 1709 2773 tropiet
1721 2720 1891 2772 phrases
1907 2723 1944 2761 S.
1963 2723 2074 2761 Scri-

1120 2787 1294 2834 ptume,
1320 2785 1404 2822 sive
1437 2789 1480 2821 ut
1510 2785 1674 2822 ilenrico
1706 2784 1957 2823 fland-avonsi
1989 2796 2072 2835 cap.

1124 2847 1185 2885 46.
1207 2846 1482 2885 Grammati'ca
1503 2845 1964 2897 leeol0907·um.Sunnna
1979 2847 2077 2886 „ibet

1123 2911 1207 2947 s'vo
1252 2909 1527 2948 Di'stinctiones
1557 2910 1776 2948 secundum
1808 2909 1985 2948 ordinem
2020 2912 2073 2949 al-

1123 2972 1305 3023 phabeti,
1352 2984 1519 3022 quarum
1569 2974 1746 3009 initium:
1791 2970 1888 3009 Abel
1927 2971 2074 3011 (licitur

1120 3033 1361 3086 principium
1412 3034 1620 3073 Ecclesiae.
1660 3036 1804 3084 Mayna
1834 3036 1998 3073 Summa
2027 3034 2073 3073 dc

1122 3098 1394 3135 Sacramentis
1423 3104 1458 3134 et
1483 3096 1639 3134 animae
1667 3096 1861 3136 Consulis.
1886 3099 1951 3135 llis
1972 3098 2070 3135 addc

1122 3170 1169 3197 ex
1210 3159 1378 3196 Albcrici
1427 3159 1620 3197 Chronico
1651 3171 1734 3210 pag.
1768 3160 1856 3198 tit.
1889 3171 2071 3209 moytiam

1122 3232 1314 3259 summam
1358 3220 1404 3259 <le
1435 3220 1618 3260 Conciliis
1648 3225 1683 3260 et
1726 3220 1844 3261 rebus
1877 3222 2071 3262 Ecclesia-

1122 3283 1255 3322 sti'cis:
1289 3285 1411 3321 (snum
1438 3295 1492 3321 er
1521 3288 1694 3336 quatuor
1725 3285 1961 3325 iimovatnm.

1176 3345 1193 3366 *⁵
1224 3347 1439 3385 Praeti-rire
1472 3346 1532 3386 bic
1557 3350 1705 3399 pigeret
1736 3348 1980 3400 epitaphium
2015 3351 2069 3386 vi-
