<?xml version="1.0" encoding="UTF-8"?>
<!DOCTYPE html PUBLIC "-//W3C//DTD XHTML 1.0 Transitional//EN"
    "http://www.w3.org/TR/xhtml1/DTD/xhtml1-transitional.dtd">
<html xmlns="http://www.w3.org/1999/xhtml" xml:lang="en" lang="en">
 <head>
  <title>
</title>
<meta http-equiv="Content-Type" content="text/html;charset=utf-8" />
  <meta name='ocr-system' content='tesseract 3.04.00' />
  <meta name='ocr-capabilities' content='ocr_page ocr_carea ocr_par ocr_line ocrx_word'/>
</head>
<body>
  <div class='ocr_page' id='page_1' title='image "./bibliothecalatin05fabruoft/bibliothecalatin05fabruoft_0490.png"; bbox 0 0 2533 4009; ppageno 0'>
   <div class='ocr_carea' id='block_1_1' title="bbox 465 170 1567 233">
    <p class='ocr_par' dir='ltr' id='par_1_1' title="bbox 465 170 1567 233">
     <span class='ocr_line' id='line_1_1' title="bbox 465 170 1567 233; baseline -0.001 -17"><span class='ocrx_word' id='word_1_1' title='bbox 465 198 539 233; x_wconf 60' lang='lat'>434</span> <span class='ocrx_word' id='word_1_2' title='bbox 1003 170 1011 175; x_wconf 72' lang='grc'><strong>“</strong></span> <span class='ocrx_word' id='word_1_3' title='bbox 1342 180 1567 218; x_wconf 80' lang='lat' dir='ltr'>s1MoN</span> 
     </span>
    </p>
   </div>
   <div class='ocr_carea' id='block_1_2' title="bbox 454 250 1419 3270">
    <p class='ocr_par' dir='ltr' id='par_1_2' title="bbox 459 250 1407 488">
     <span class='ocr_line' id='line_1_2' title="bbox 459 250 1407 301; baseline -0.011 -3"><span class='ocrx_word' id='word_1_4' title='bbox 459 264 600 298; x_wconf 80' lang='lat' dir='ltr'>contra</span> <span class='ocrx_word' id='word_1_5' title='bbox 630 259 865 295; x_wconf 74' lang='lat' dir='ltr'>Mattliaeum</span> <span class='ocrx_word' id='word_1_6' title='bbox 896 250 1137 290; x_wconf 72' lang='lat' dir='ltr'>Silvati&#39;cum</span> <span class='ocrx_word' id='word_1_7' title='bbox 1166 253 1272 301; x_wconf 76' lang='lat' dir='ltr'>Opus</span> <span class='ocrx_word' id='word_1_8' title='bbox 1295 253 1407 289; x_wconf 74' lang='lat' dir='ltr'><em>Pan-</em></span> 
     </span>
     <span class='ocr_line' id='line_1_3' title="bbox 460 315 1406 362; baseline -0.012 0"><span class='ocrx_word' id='word_1_9' title='bbox 460 325 671 362; x_wconf 68' lang='lat' dir='ltr'>(tectarum</span> <span class='ocrx_word' id='word_1_10' title='bbox 700 319 925 356; x_wconf 68' lang='lat' dir='ltr'>Medicina.</span> <span class='ocrx_word' id='word_1_11' title='bbox 960 317 1169 362; x_wconf 79' lang='lat' dir='ltr'>Sopranus</span> <span class='ocrx_word' id='word_1_12' title='bbox 1206 316 1256 352; x_wconf 89' lang='lat' dir='ltr'>de</span> <span class='ocrx_word' id='word_1_13' title='bbox 1297 315 1406 351; x_wconf 85' lang='lat' dir='ltr'>Scri-</span> 
     </span>
     <span class='ocr_line' id='line_1_4' title="bbox 460 378 1406 432; baseline -0.008 -10"><span class='ocrx_word' id='word_1_14' title='bbox 460 387 639 432; x_wconf 84' lang='lat' dir='ltr'>ptoribus</span> <span class='ocrx_word' id='word_1_15' title='bbox 670 382 848 427; x_wconf 68' lang='lat' dir='ltr'>Liguriae</span> <span class='ocrx_word' id='word_1_16' title='bbox 879 391 916 426; x_wconf 90' lang='lat' dir='ltr'>p.</span> <span class='ocrx_word' id='word_1_17' title='bbox 948 379 1039 415; x_wconf 82' lang='lat'>247.</span> <span class='ocrx_word' id='word_1_18' title='bbox 1072 378 1236 415; x_wconf 86' lang='lat' dir='ltr'>Oldoini</span> <span class='ocrx_word' id='word_1_19' title='bbox 1276 378 1406 414; x_wconf 85' lang='lat' dir='ltr'>Athe-</span> 
     </span>
     <span class='ocr_line' id='line_1_5' title="bbox 459 440 1049 488; baseline -0.01 -7"><span class='ocrx_word' id='word_1_20' title='bbox 459 456 565 482; x_wconf 81' lang='lat' dir='ltr'>naem</span> <span class='ocrx_word' id='word_1_21' title='bbox 594 443 853 488; x_wconf 76' lang='lat' dir='ltr'><strong>Ligusticum</strong></span> <span class='ocrx_word' id='word_1_22' title='bbox 886 451 923 486; x_wconf 89' lang='lat' dir='ltr'>p.</span> <span class='ocrx_word' id='word_1_23' title='bbox 958 440 1049 476; x_wconf 87' lang='lat'>500.</span> 
     </span>
    </p>

    <p class='ocr_par' dir='ltr' id='par_1_3' title="bbox 461 499 1408 604">
     <span class='ocr_line' id='line_1_6' title="bbox 514 499 1408 548; baseline -0.007 -7"><span class='ocrx_word' id='word_1_24' title='bbox 514 504 667 541; x_wconf 75' lang='lat' dir='ltr'><strong>SIMON</strong></span> <span class='ocrx_word' id='word_1_25' title='bbox 687 503 970 548; x_wconf 74' lang='lat' dir='ltr'>Gramaadecs,</span> <span class='ocrx_word' id='word_1_26' title='bbox 993 501 1087 539; x_wconf 69' lang='lat' dir='ltr'>vide</span> <span class='ocrx_word' id='word_1_27' title='bbox 1108 509 1231 547; x_wconf 81' lang='lat' dir='ltr'>supra</span> <span class='ocrx_word' id='word_1_28' title='bbox 1253 499 1408 536; x_wconf 78' lang='lat' dir='ltr'><strong>SIMON</strong></span> 
     </span>
     <span class='ocr_line' id='line_1_7' title="bbox 461 565 757 604; baseline -0.014 -1"><span class='ocrx_word' id='word_1_29' title='bbox 461 567 506 604; x_wconf 80' lang='lat' dir='ltr'>cle</span> <span class='ocrx_word' id='word_1_30' title='bbox 542 565 757 603; x_wconf 73' lang='lat' dir='ltr'>Grani-ado.</span> 
     </span>
    </p>

    <p class='ocr_par' dir='ltr' id='par_1_4' title="bbox 455 626 1412 1235">
     <span class='ocr_line' id='line_1_8' title="bbox 513 626 1408 681; baseline -0.002 -17"><span class='ocrx_word' id='word_1_31' title='bbox 513 626 666 664; x_wconf 79' lang='lat' dir='ltr'><strong>SIMON</strong></span> <span class='ocrx_word' id='word_1_32' title='bbox 679 628 905 673; x_wconf 77' lang='lat' dir='ltr'>Hentonas,</span> <span class='ocrx_word' id='word_1_33' title='bbox 919 628 1014 663; x_wconf 80' lang='lat' dir='ltr'>aliis</span> <span class='ocrx_word' id='word_1_34' title='bbox 1035 628 1285 681; x_wconf 72' lang='lat' dir='ltr'>Wintom&#39;zcs,</span> <span class='ocrx_word' id='word_1_35' title='bbox 1304 627 1408 673; x_wconf 89' lang='lat' dir='ltr'>quod</span> 
     </span>
     <span class='ocr_line' id='line_1_9' title="bbox 460 691 1405 736; baseline -0.001 -9"><span class='ocrx_word' id='word_1_36' title='bbox 460 693 619 728; x_wconf 87' lang='lat' dir='ltr'>Pitseus</span> <span class='ocrx_word' id='word_1_37' title='bbox 650 692 708 726; x_wconf 83' lang='lat' dir='ltr'>ita</span> <span class='ocrx_word' id='word_1_38' title='bbox 737 691 946 736; x_wconf 76' lang='lat' dir='ltr'>concinat,</span> <span class='ocrx_word' id='word_1_39' title='bbox 968 691 1074 736; x_wconf 91' lang='lat' dir='ltr'>quod</span> <span class='ocrx_word' id='word_1_40' title='bbox 1099 692 1169 727; x_wconf 87' lang='lat' dir='ltr'>ille</span> <span class='ocrx_word' id='word_1_41' title='bbox 1191 691 1405 727; x_wconf 80' lang='lat' dir='ltr'>Hentoniae</span> 
     </span>
     <span class='ocr_line' id='line_1_10' title="bbox 458 751 1407 798; baseline -0.002 -10"><span class='ocrx_word' id='word_1_42' title='bbox 458 755 499 788; x_wconf 91' lang='lat' dir='ltr'>iu</span> <span class='ocrx_word' id='word_1_43' title='bbox 530 753 628 788; x_wconf 73' lang='lat' dir='ltr'>villa</span> <span class='ocrx_word' id='word_1_44' title='bbox 656 760 778 798; x_wconf 83' lang='lat' dir='ltr'>prope</span> <span class='ocrx_word' id='word_1_45' title='bbox 809 751 1069 787; x_wconf 85' lang='lat' dir='ltr'>Wintonium</span> <span class='ocrx_word' id='word_1_46' title='bbox 1097 751 1236 796; x_wconf 82' lang='lat' dir='ltr'>natus,</span> <span class='ocrx_word' id='word_1_47' title='bbox 1259 752 1303 787; x_wconf 88' lang='lat' dir='ltr'>in</span> <span class='ocrx_word' id='word_1_48' title='bbox 1333 751 1407 786; x_wconf 79' lang='lat' dir='ltr'>hac</span> 
     </span>
     <span class='ocr_line' id='line_1_11' title="bbox 455 813 1409 850; baseline -0.005 0"><span class='ocrx_word' id='word_1_49' title='bbox 455 813 594 850; x_wconf 77' lang='lat' dir='ltr'>autem</span> <span class='ocrx_word' id='word_1_50' title='bbox 622 813 722 849; x_wconf 88' lang='lat' dir='ltr'>urbe</span> <span class='ocrx_word' id='word_1_51' title='bbox 751 813 949 850; x_wconf 80' lang='lat' dir='ltr'><strong>educatus</strong></span> <span class='ocrx_word' id='word_1_52' title='bbox 981 814 1023 849; x_wconf 88' lang='lat' dir='ltr'>et</span> <span class='ocrx_word' id='word_1_53' title='bbox 1065 813 1294 850; x_wconf 84' lang='lat' dir='ltr'>monachus</span> <span class='ocrx_word' id='word_1_54' title='bbox 1327 813 1409 848; x_wconf 59' lang='lat' dir='ltr'>Do„</span> 
     </span>
     <span class='ocr_line' id='line_1_12' title="bbox 456 874 1406 912; baseline -0.001 -1"><span class='ocrx_word' id='word_1_55' title='bbox 456 876 689 911; x_wconf 77' lang='lat' dir='ltr'>minicanus</span> <span class='ocrx_word' id='word_1_56' title='bbox 711 874 803 910; x_wconf 85' lang='lat' dir='ltr'>fuit.</span> <span class='ocrx_word' id='word_1_57' title='bbox 819 874 978 911; x_wconf 89' lang='lat' dir='ltr'>Floruit</span> <span class='ocrx_word' id='word_1_58' title='bbox 998 876 1106 912; x_wconf 82' lang='lat' dir='ltr'>circa</span> <span class='ocrx_word' id='word_1_59' title='bbox 1120 885 1274 912; x_wconf 85' lang='lat' dir='ltr'>aunum</span> <span class='ocrx_word' id='word_1_60' title='bbox 1291 874 1406 911; x_wconf 82' lang='grc'><strong>1360.</strong></span> 
     </span>
     <span class='ocr_line' id='line_1_13' title="bbox 455 937 1409 975; baseline 0.003 -3"><span class='ocrx_word' id='word_1_61' title='bbox 455 937 764 973; x_wconf 80' lang='lat' dir='ltr'>commentatus</span> <span class='ocrx_word' id='word_1_62' title='bbox 793 938 858 972; x_wconf 87' lang='lat' dir='ltr'>est</span> <span class='ocrx_word' id='word_1_63' title='bbox 888 938 933 974; x_wconf 71' lang='lat' dir='ltr'>in</span> <span class='ocrx_word' id='word_1_64' title='bbox 961 937 1101 974; x_wconf 74' lang='lat' dir='ltr'>varios</span> <span class='ocrx_word' id='word_1_65' title='bbox 1126 937 1253 973; x_wconf 72' lang='lat' dir='ltr'>libros</span> <span class='ocrx_word' id='word_1_66' title='bbox 1275 937 1409 975; x_wconf 77' lang='lat' dir='ltr'>Bibli-</span> 
     </span>
     <span class='ocr_line' id='line_1_14' title="bbox 455 998 1410 1047; baseline 0.002 -12"><span class='ocrx_word' id='word_1_67' title='bbox 455 1007 536 1044; x_wconf 82' lang='lat' dir='ltr'>cos,</span> <span class='ocrx_word' id='word_1_68' title='bbox 566 999 734 1044; x_wconf 84' lang='lat' dir='ltr'>scripsit</span> <span class='ocrx_word' id='word_1_69' title='bbox 762 998 963 1044; x_wconf 80' lang='lat' dir='ltr'>praeterea</span> <span class='ocrx_word' id='word_1_70' title='bbox 995 999 1043 1035; x_wconf 77' lang='lat' dir='ltr'>de</span> <span class='ocrx_word' id='word_1_71' title='bbox 1066 999 1266 1036; x_wconf 73' lang='lat' dir='ltr'><em>articulis</em></span> <span class='ocrx_word' id='word_1_72' title='bbox 1288 999 1410 1047; x_wconf 71' lang='lat' dir='ltr'>fidei,</span> 
     </span>
     <span class='ocr_line' id='line_1_15' title="bbox 457 1061 1410 1108; baseline 0 -10"><span class='ocrx_word' id='word_1_73' title='bbox 457 1063 496 1098; x_wconf 83' lang='lat' dir='ltr'>et</span> <span class='ocrx_word' id='word_1_74' title='bbox 526 1062 573 1098; x_wconf 82' lang='lat' dir='ltr'>de</span> <span class='ocrx_word' id='word_1_75' title='bbox 604 1062 742 1098; x_wconf 81' lang='lat' dir='ltr'>decem</span> <span class='ocrx_word' id='word_1_76' title='bbox 769 1061 1191 1108; x_wconf 68' lang='lat' dir='ltr'>prceceptis.13aiaeus</span> <span class='ocrx_word' id='word_1_77' title='bbox 1213 1062 1328 1098; x_wconf 89' lang='lat' dir='ltr'>Cent.</span> <span class='ocrx_word' id='word_1_78' title='bbox 1359 1064 1410 1108; x_wconf 88' lang='lat' dir='ltr'>V,</span> 
     </span>
     <span class='ocr_line' id='line_1_16' title="bbox 462 1123 1412 1176; baseline 0.005 -18"><span class='ocrx_word' id='word_1_79' title='bbox 462 1123 526 1160; x_wconf 84' lang='lat'>99.</span> <span class='ocrx_word' id='word_1_80' title='bbox 558 1124 719 1176; x_wconf 85' lang='lat' dir='ltr'>Pitseus</span> <span class='ocrx_word' id='word_1_81' title='bbox 748 1133 781 1160; x_wconf 90' lang='lat' dir='ltr'>c.</span> <span class='ocrx_word' id='word_1_82' title='bbox 813 1125 903 1161; x_wconf 87' lang='grc'><strong>591.</strong></span> <span class='ocrx_word' id='word_1_83' title='bbox 933 1125 1016 1160; x_wconf 81' lang='lat' dir='ltr'>Jac.</span> <span class='ocrx_word' id='word_1_84' title='bbox 1049 1125 1192 1168; x_wconf 88' lang='lat' dir='ltr'>Quetif</span> <span class='ocrx_word' id='word_1_85' title='bbox 1222 1126 1271 1162; x_wconf 90' lang='lat' dir='ltr'>de</span> <span class='ocrx_word' id='word_1_86' title='bbox 1303 1126 1412 1163; x_wconf 85' lang='lat' dir='ltr'>Scri—</span> 
     </span>
     <span class='ocr_line' id='line_1_17' title="bbox 457 1186 1410 1235; baseline 0.003 -13"><span class='ocrx_word' id='word_1_87' title='bbox 457 1187 642 1233; x_wconf 87' lang='lat' dir='ltr'>ptoribus</span> <span class='ocrx_word' id='word_1_88' title='bbox 657 1186 752 1223; x_wconf 83' lang='lat' dir='ltr'>Ord.</span> <span class='ocrx_word' id='word_1_89' title='bbox 767 1188 1087 1224; x_wconf 72' lang='lat' dir='ltr'>Praedicatorum</span> <span class='ocrx_word' id='word_1_90' title='bbox 1107 1189 1206 1224; x_wconf 84' lang='lat' dir='ltr'>tom.</span> <span class='ocrx_word' id='word_1_91' title='bbox 1231 1189 1246 1223; x_wconf 95' lang='grc'>1</span> <span class='ocrx_word' id='word_1_92' title='bbox 1268 1199 1303 1235; x_wconf 92' lang='lat' dir='ltr'>p.</span> <span class='ocrx_word' id='word_1_93' title='bbox 1320 1189 1410 1225; x_wconf 82' lang='grc'><strong>648.</strong></span> 
     </span>
    </p>

    <p class='ocr_par' dir='ltr' id='par_1_5' title="bbox 454 1250 1412 1539">
     <span class='ocr_line' id='line_1_18' title="bbox 513 1250 1409 1298; baseline 0.003 -13"><span class='ocrx_word' id='word_1_94' title='bbox 513 1250 668 1286; x_wconf 77' lang='lat' dir='ltr'><strong>SIMON</strong></span> <span class='ocrx_word' id='word_1_95' title='bbox 696 1252 974 1296; x_wconf 76' lang='lat' dir='ltr'>Hermanuas‚</span> <span class='ocrx_word' id='word_1_96' title='bbox 996 1253 1294 1298; x_wconf 85' lang='lat' dir='ltr'>Harlemeusis,</span> <span class='ocrx_word' id='word_1_97' title='bbox 1318 1252 1409 1289; x_wconf 89' lang='lat' dir='ltr'>Ord.</span> 
     </span>
     <span class='ocr_line' id='line_1_19' title="bbox 463 1309 1412 1356; baseline 0.004 -12"><span class='ocrx_word' id='word_1_98' title='bbox 463 1309 779 1345; x_wconf 76' lang='lat' dir='ltr'>carmelitarum</span> <span class='ocrx_word' id='word_1_99' title='bbox 807 1310 914 1346; x_wconf 87' lang='lat' dir='ltr'>circa</span> <span class='ocrx_word' id='word_1_100' title='bbox 943 1319 966 1345; x_wconf 85' lang='lat' dir='ltr'>a</span> <span class='ocrx_word' id='word_1_101' title='bbox 998 1310 1102 1347; x_wconf 79' lang='lat'>1460</span> <span class='ocrx_word' id='word_1_102' title='bbox 1138 1311 1305 1356; x_wconf 79' lang='lat' dir='ltr'>scripsit</span> <span class='ocrx_word' id='word_1_103' title='bbox 1340 1311 1412 1348; x_wconf 89' lang='lat' dir='ltr'>Co—</span> 
     </span>
     <span class='ocr_line' id='line_1_20' title="bbox 454 1371 1412 1419; baseline 0.002 -12"><span class='ocrx_word' id='word_1_104' title='bbox 454 1372 604 1417; x_wconf 73' lang='lat' dir='ltr'>putata</span> <span class='ocrx_word' id='word_1_105' title='bbox 631 1371 879 1408; x_wconf 74' lang='lat' dir='ltr'>Sermonum</span> <span class='ocrx_word' id='word_1_106' title='bbox 901 1373 938 1408; x_wconf 76' lang='lat' dir='ltr'>et</span> <span class='ocrx_word' id='word_1_107' title='bbox 960 1372 1007 1408; x_wconf 82' lang='lat' dir='ltr'>de</span> <span class='ocrx_word' id='word_1_108' title='bbox 1028 1373 1134 1409; x_wconf 70' lang='lat' dir='ltr'>votis</span> <span class='ocrx_word' id='word_1_109' title='bbox 1155 1373 1412 1419; x_wconf 73' lang='lat' dir='ltr'>monasticis,</span> 
     </span>
     <span class='ocr_line' id='line_1_21' title="bbox 460 1432 1412 1478; baseline 0.005 -13"><span class='ocrx_word' id='word_1_110' title='bbox 460 1433 550 1468; x_wconf 75' lang='lat' dir='ltr'>val.</span> <span class='ocrx_word' id='word_1_111' title='bbox 582 1433 759 1468; x_wconf 78' lang='lat' dir='ltr'>Andreae</span> <span class='ocrx_word' id='word_1_112' title='bbox 787 1432 889 1468; x_wconf 92' lang='lat' dir='ltr'>Bibl.</span> <span class='ocrx_word' id='word_1_113' title='bbox 919 1432 1084 1478; x_wconf 84' lang='lat' dir='ltr'>Belgica</span> <span class='ocrx_word' id='word_1_114' title='bbox 1114 1443 1151 1478; x_wconf 89' lang='lat' dir='ltr'>p.</span> <span class='ocrx_word' id='word_1_115' title='bbox 1174 1433 1248 1469; x_wconf 87' lang='grc'>811</span> <span class='ocrx_word' id='word_1_116' title='bbox 1277 1433 1412 1470; x_wconf 86' lang='lat' dir='ltr'>Swer-</span> 
     </span>
     <span class='ocr_line' id='line_1_22' title="bbox 461 1494 1109 1539; baseline 0.002 -10"><span class='ocrx_word' id='word_1_117' title='bbox 461 1495 509 1530; x_wconf 80' lang='lat' dir='ltr'>tii</span> <span class='ocrx_word' id='word_1_118' title='bbox 537 1494 709 1530; x_wconf 72' lang='lat' dir='ltr'>Athenze</span> <span class='ocrx_word' id='word_1_119' title='bbox 741 1494 918 1538; x_wconf 66' lang='lat' dir='ltr'>Belgicae</span> <span class='ocrx_word' id='word_1_120' title='bbox 950 1505 987 1539; x_wconf 89' lang='lat' dir='ltr'>p.</span> <span class='ocrx_word' id='word_1_121' title='bbox 1019 1494 1109 1530; x_wconf 79' lang='grc'><strong>675.</strong></span> 
     </span>
    </p>

    <p class='ocr_par' dir='ltr' id='par_1_6' title="bbox 460 1553 1417 1907">
     <span class='ocr_line' id='line_1_23' title="bbox 517 1553 1409 1602; baseline 0.003 -13"><span class='ocrx_word' id='word_1_122' title='bbox 517 1553 671 1589; x_wconf 76' lang='lat' dir='ltr'><strong>SIMON</strong></span> <span class='ocrx_word' id='word_1_123' title='bbox 689 1554 735 1591; x_wconf 81' lang='lat' dir='ltr'>de</span> <span class='ocrx_word' id='word_1_124' title='bbox 750 1554 989 1601; x_wconf 65' lang='grc' dir='ltr'>Ηῑιπῃανῑα,</span> <span class='ocrx_word' id='word_1_125' title='bbox 1005 1554 1097 1591; x_wconf 90' lang='lat' dir='ltr'>Ord.</span> <span class='ocrx_word' id='word_1_126' title='bbox 1113 1556 1150 1591; x_wconf 82' lang='lat' dir='ltr'>S.</span> <span class='ocrx_word' id='word_1_127' title='bbox 1167 1556 1409 1602; x_wconf 80' lang='lat' dir='ltr'>Augustini,</span> 
     </span>
     <span class='ocr_line' id='line_1_24' title="bbox 460 1616 1411 1662; baseline 0.002 -10"><span class='ocrx_word' id='word_1_128' title='bbox 460 1617 623 1662; x_wconf 64' lang='lat' dir='ltr'>AEqldc&#39;z‘</span> <span class='ocrx_word' id='word_1_129' title='bbox 666 1616 837 1652; x_wconf 73' lang='lat' dir='ltr'>Romani</span> <span class='ocrx_word' id='word_1_130' title='bbox 886 1616 1122 1657; x_wconf 71' lang='lat' dir='ltr'>Quodlibeta</span> <span class='ocrx_word' id='word_1_131' title='bbox 1167 1627 1241 1654; x_wconf 67' lang='lat' dir='ltr'>sea:</span> <span class='ocrx_word' id='word_1_132' title='bbox 1281 1618 1411 1654; x_wconf 85' lang='lat' dir='ltr'>edidit</span> 
     </span>
     <span class='ocr_line' id='line_1_25' title="bbox 468 1677 1417 1725; baseline 0.005 -14"><span class='ocrx_word' id='word_1_133' title='bbox 468 1677 607 1712; x_wconf 89' lang='lat' dir='ltr'>Bonon</span> <span class='ocrx_word' id='word_1_134' title='bbox 658 1677 759 1713; x_wconf 85' lang='lat'>1482</span> <span class='ocrx_word' id='word_1_135' title='bbox 811 1679 849 1714; x_wconf 79' lang='lat' dir='ltr'>et</span> <span class='ocrx_word' id='word_1_136' title='bbox 901 1677 1094 1725; x_wconf 27' lang='lat' dir='ltr'>ejusdem·</span> <span class='ocrx_word' id='word_1_137' title='bbox 1146 1679 1417 1717; x_wconf 74' lang='lat' dir='ltr'>Tlceorematcc</span> 
     </span>
     <span class='ocr_line' id='line_1_26' title="bbox 462 1740 1411 1788; baseline 0.003 -13"><span class='ocrx_word' id='word_1_138' title='bbox 462 1740 640 1785; x_wconf 86' lang='lat' dir='ltr'>ibidem,</span> <span class='ocrx_word' id='word_1_139' title='bbox 679 1749 759 1775; x_wconf 89' lang='lat' dir='ltr'>non</span> <span class='ocrx_word' id='word_1_140' title='bbox 789 1740 927 1776; x_wconf 85' lang='lat' dir='ltr'>addito</span> <span class='ocrx_word' id='word_1_141' title='bbox 969 1749 1074 1777; x_wconf 85' lang='lat' dir='ltr'>anno</span> <span class='ocrx_word' id='word_1_142' title='bbox 1116 1742 1411 1788; x_wconf 87' lang='lat' dir='ltr'>impressionis.</span> 
     </span>
     <span class='ocr_line' id='line_1_27' title="bbox 461 1799 1413 1849; baseline 0.005 -14"><span class='ocrx_word' id='word_1_143' title='bbox 461 1799 564 1836; x_wconf 89' lang='lat' dir='ltr'>Phil.</span> <span class='ocrx_word' id='word_1_144' title='bbox 600 1801 724 1837; x_wconf 90' lang='lat' dir='ltr'>Elssii</span> <span class='ocrx_word' id='word_1_145' title='bbox 768 1801 1100 1839; x_wconf 81' lang='lat' dir='ltr'>Encomiasticon</span> <span class='ocrx_word' id='word_1_146' title='bbox 1140 1804 1413 1849; x_wconf 83' lang='lat' dir='ltr'>Augustinia-</span> 
     </span>
     <span class='ocr_line' id='line_1_28' title="bbox 461 1861 748 1907; baseline 0 -11"><span class='ocrx_word' id='word_1_147' title='bbox 461 1870 560 1896; x_wconf 92' lang='lat' dir='ltr'>num</span> <span class='ocrx_word' id='word_1_148' title='bbox 591 1871 627 1907; x_wconf 89' lang='lat' dir='ltr'>p.</span> <span class='ocrx_word' id='word_1_149' title='bbox 658 1861 748 1898; x_wconf 88' lang='grc'><strong>627.</strong></span> 
     </span>
    </p>

    <p class='ocr_par' dir='ltr' id='par_1_7' title="bbox 463 1922 1419 3270">
     <span class='ocr_line' id='line_1_29' title="bbox 516 1922 1415 1969; baseline 0.007 -12"><span class='ocrx_word' id='word_1_150' title='bbox 516 1922 672 1957; x_wconf 77' lang='lat' dir='ltr'><strong>SIMON</strong></span> <span class='ocrx_word' id='word_1_151' title='bbox 704 1923 751 1959; x_wconf 83' lang='lat' dir='ltr'>de</span> <span class='ocrx_word' id='word_1_152' title='bbox 781 1923 935 1969; x_wconf 74' lang='lat' dir='ltr'>Janua,</span> <span class='ocrx_word' id='word_1_153' title='bbox 966 1934 1059 1960; x_wconf 86' lang='lat' dir='ltr'>vero</span> <span class='ocrx_word' id='word_1_154' title='bbox 1085 1926 1248 1962; x_wconf 89' lang='lat' dir='ltr'>nomine</span> <span class='ocrx_word' id='word_1_155' title='bbox 1272 1926 1415 1964; x_wconf 74' lang='lat' dir='ltr'>Simon</span> 
     </span>
     <span class='ocr_line' id='line_1_30' title="bbox 463 1984 1414 2034; baseline 0.004 -13"><span class='ocrx_word' id='word_1_156' title='bbox 463 1994 486 2021; x_wconf 80' lang='grc' dir='ltr'>(ι</span> <span class='ocrx_word' id='word_1_157' title='bbox 522 1984 677 2031; x_wconf 82' lang='lat' dir='ltr'>Cordo,</span> <span class='ocrx_word' id='word_1_158' title='bbox 709 1987 841 2030; x_wconf 72' lang='lat' dir='ltr'>patria</span> <span class='ocrx_word' id='word_1_159' title='bbox 875 1987 1132 2032; x_wconf 88' lang='lat' dir='ltr'>Genuensis,</span> <span class='ocrx_word' id='word_1_160' title='bbox 1164 1989 1414 2034; x_wconf 84' lang='lat' dir='ltr'>professione</span> 
     </span>
     <span class='ocr_line' id='line_1_31' title="bbox 467 2047 1416 2092; baseline 0.006 -11"><span class='ocrx_word' id='word_1_161' title='bbox 467 2047 662 2092; x_wconf 78' lang='lat' dir='ltr'>Medicus,</span> <span class='ocrx_word' id='word_1_162' title='bbox 693 2048 783 2092; x_wconf 85' lang='lat' dir='ltr'>post</span> <span class='ocrx_word' id='word_1_163' title='bbox 814 2048 970 2084; x_wconf 75' lang='lat' dir='ltr'>Nicolai</span> <span class='ocrx_word' id='word_1_164' title='bbox 994 2049 1042 2083; x_wconf 77' lang='lat' dir='ltr'>V.</span> <span class='ocrx_word' id='word_1_165' title='bbox 1073 2050 1282 2085; x_wconf 72' lang='lat' dir='ltr'>pontificis</span> <span class='ocrx_word' id='word_1_166' title='bbox 1314 2051 1416 2087; x_wconf 83' lang='lat' dir='ltr'>Sub-</span> 
     </span>
     <span class='ocr_line' id='line_1_32' title="bbox 463 2109 1415 2156; baseline 0.006 -13"><span class='ocrx_word' id='word_1_167' title='bbox 463 2109 657 2144; x_wconf 83' lang='lat' dir='ltr'>diaeonus</span> <span class='ocrx_word' id='word_1_168' title='bbox 688 2110 729 2145; x_wconf 87' lang='lat' dir='ltr'>et</span> <span class='ocrx_word' id='word_1_169' title='bbox 750 2110 1040 2156; x_wconf 83' lang='lat' dir='ltr'>Cappcllanus,</span> <span class='ocrx_word' id='word_1_170' title='bbox 1065 2112 1292 2148; x_wconf 85' lang='lat' dir='ltr'>Canonicus</span> <span class='ocrx_word' id='word_1_171' title='bbox 1312 2114 1415 2150; x_wconf 89' lang='lat' dir='ltr'>item</span> 
     </span>
     <span class='ocr_line' id='line_1_33' title="bbox 467 2169 1418 2215; baseline 0.007 -11"><span class='ocrx_word' id='word_1_172' title='bbox 467 2169 817 2215; x_wconf 74' lang='lat' dir='ltr'>Rctliomagensis</span> <span class='ocrx_word' id='word_1_173' title='bbox 847 2172 954 2206; x_wconf 82' lang='lat' dir='ltr'>circa</span> <span class='ocrx_word' id='word_1_174' title='bbox 985 2181 1138 2208; x_wconf 84' lang='lat' dir='ltr'>annum</span> <span class='ocrx_word' id='word_1_175' title='bbox 1171 2173 1275 2209; x_wconf 89' lang='lat'>1300</span> <span class='ocrx_word' id='word_1_176' title='bbox 1316 2176 1418 2211; x_wconf 91' lang='lat' dir='ltr'>scri-</span> 
     </span>
     <span class='ocr_line' id='line_1_34' title="bbox 467 2231 1419 2277; baseline 0.008 -12"><span class='ocrx_word' id='word_1_177' title='bbox 467 2232 549 2276; x_wconf 86' lang='lat' dir='ltr'>psit</span> <span class='ocrx_word' id='word_1_178' title='bbox 582 2231 818 2277; x_wconf 72' lang='lat' dir='ltr'>Synonyma</span> <span class='ocrx_word' id='word_1_179' title='bbox 837 2233 1062 2269; x_wconf 72' lang='lat' dir='ltr'>Aleliz&#39;mz&#39;ae</span> <span class='ocrx_word' id='word_1_180' title='bbox 1087 2233 1135 2270; x_wconf 91' lang='lat' dir='ltr'>de</span> <span class='ocrx_word' id='word_1_181' title='bbox 1160 2235 1336 2272; x_wconf 86' lang='lat' dir='ltr'>diversis</span> <span class='ocrx_word' id='word_1_182' title='bbox 1367 2238 1419 2273; x_wconf 91' lang='grc'>11-</span> 
     </span>
     <span class='ocr_line' id='line_1_35' title="bbox 469 2293 1418 2341; baseline 0.009 -14"><span class='ocrx_word' id='word_1_183' title='bbox 469 2293 551 2328; x_wconf 88' lang='lat' dir='ltr'>bris</span> <span class='ocrx_word' id='word_1_184' title='bbox 590 2294 630 2328; x_wconf 87' lang='lat' dir='ltr'>et</span> <span class='ocrx_word' id='word_1_185' title='bbox 671 2295 943 2341; x_wconf 86' lang='lat' dir='ltr'>ponderibus,</span> <span class='ocrx_word' id='word_1_186' title='bbox 986 2298 1191 2333; x_wconf 86' lang='lat' dir='ltr'>mensuris</span> <span class='ocrx_word' id='word_1_187' title='bbox 1233 2299 1332 2334; x_wconf 83' lang='lat' dir='ltr'>item</span> <span class='ocrx_word' id='word_1_188' title='bbox 1376 2300 1418 2336; x_wconf 92' lang='lat' dir='ltr'>et</span> 
     </span>
     <span class='ocr_line' id='line_1_36' title="bbox 467 2354 1418 2403; baseline 0.011 -15"><span class='ocrx_word' id='word_1_189' title='bbox 467 2354 602 2398; x_wconf 88' lang='lat' dir='ltr'>signis</span> <span class='ocrx_word' id='word_1_190' title='bbox 635 2356 972 2402; x_wconf 80' lang='lat' dir='ltr'>medicinalibus,</span> <span class='ocrx_word' id='word_1_191' title='bbox 1008 2367 1096 2403; x_wconf 63' lang='lat' dir='ltr'>quit:</span> <span class='ocrx_word' id='word_1_192' title='bbox 1127 2359 1206 2394; x_wconf 84' lang='lat' dir='ltr'>MS.</span> <span class='ocrx_word' id='word_1_193' title='bbox 1239 2360 1335 2395; x_wconf 90' lang='lat' dir='ltr'>sunt</span> <span class='ocrx_word' id='word_1_194' title='bbox 1373 2363 1418 2397; x_wconf 87' lang='lat' dir='ltr'>in</span> 
     </span>
     <span class='ocr_line' id='line_1_37' title="bbox 466 2414 1413 2458; baseline 0.01 -9"><span class='ocrx_word' id='word_1_195' title='bbox 466 2414 568 2451; x_wconf 85' lang='lat' dir='ltr'>Bibl.</span> <span class='ocrx_word' id='word_1_196' title='bbox 599 2416 776 2453; x_wconf 81' lang='lat' dir='ltr'>Medicea</span> <span class='ocrx_word' id='word_1_197' title='bbox 804 2418 857 2453; x_wconf 90' lang='lat' dir='ltr'>et.</span> <span class='ocrx_word' id='word_1_198' title='bbox 891 2418 928 2454; x_wconf 82' lang='lat' dir='ltr'>S.</span> <span class='ocrx_word' id='word_1_199' title='bbox 961 2418 1130 2455; x_wconf 77' lang='lat' dir='ltr'>Gratiani</span> <span class='ocrx_word' id='word_1_200' title='bbox 1152 2421 1413 2458; x_wconf 81' lang='lat' dir='ltr'>Turonensis.</span> 
     </span>
     <span class='ocr_line' id='line_1_38' title="bbox 466 2478 1417 2521; baseline 0.008 -8"><span class='ocrx_word' id='word_1_201' title='bbox 466 2478 584 2514; x_wconf 90' lang='lat' dir='ltr'>Bern.</span> <span class='ocrx_word' id='word_1_202' title='bbox 616 2479 665 2515; x_wconf 93' lang='lat' dir='ltr'>de</span> <span class='ocrx_word' id='word_1_203' title='bbox 707 2480 965 2516; x_wconf 81' lang='lat' dir='ltr'>Montsaucon</span> <span class='ocrx_word' id='word_1_204' title='bbox 1006 2481 1108 2519; x_wconf 90' lang='lat' dir='ltr'>Bibl.</span> <span class='ocrx_word' id='word_1_205' title='bbox 1140 2482 1417 2521; x_wconf 82' lang='lat' dir='ltr'>Bibliotheca-</span> 
     </span>
     <span class='ocr_line' id='line_1_39' title="bbox 469 2541 1416 2592; baseline 0.008 -17"><span class='ocrx_word' id='word_1_206' title='bbox 469 2549 560 2575; x_wconf 90' lang='lat' dir='ltr'>rum</span> <span class='ocrx_word' id='word_1_207' title='bbox 591 2541 701 2576; x_wconf 70' lang='lat' dir='ltr'>MSS.</span> <span class='ocrx_word' id='word_1_208' title='bbox 733 2552 770 2587; x_wconf 89' lang='lat' dir='ltr'>p.</span> <span class='ocrx_word' id='word_1_209' title='bbox 803 2542 897 2588; x_wconf 83' lang='lat'>383,</span> <span class='ocrx_word' id='word_1_210' title='bbox 926 2541 1041 2579; x_wconf 88' lang='grc'><strong>1276.</strong></span> <span class='ocrx_word' id='word_1_211' title='bbox 1063 2544 1230 2580; x_wconf 89' lang='lat' dir='ltr'>Librum</span> <span class='ocrx_word' id='word_1_212' title='bbox 1261 2555 1416 2592; x_wconf 87' lang='lat' dir='ltr'>quoque</span> 
     </span>
     <span class='ocr_line' id='line_1_40' title="bbox 466 2599 1414 2648; baseline 0.009 -13"><span class='ocrx_word' id='word_1_213' title='bbox 466 2599 713 2648; x_wconf 74' lang='lat' dir='ltr'>Serapionis</span> <span class='ocrx_word' id='word_1_214' title='bbox 743 2603 790 2640; x_wconf 77' lang='lat' dir='ltr'>cle</span> <span class='ocrx_word' id='word_1_215' title='bbox 824 2604 1004 2641; x_wconf 71' lang='lat' dir='ltr'>diversis</span> <span class='ocrx_word' id='word_1_216' title='bbox 1026 2604 1252 2643; x_wconf 57' lang='lat' dir='ltr'>Medicinae</span> <span class='ocrx_word' id='word_1_217' title='bbox 1272 2608 1315 2643; x_wconf 91' lang='grc'>111</span> <span class='ocrx_word' id='word_1_218' title='bbox 1335 2608 1414 2644; x_wconf 88' lang='lat' dir='ltr'>La—</span> 
     </span>
     <span class='ocr_line' id='line_1_41' title="bbox 466 2661 1413 2715; baseline 0.01 -19"><span class='ocrx_word' id='word_1_219' title='bbox 466 2661 599 2697; x_wconf 81' lang='lat' dir='ltr'>tinum</span> <span class='ocrx_word' id='word_1_220' title='bbox 621 2672 853 2700; x_wconf 86' lang='lat' dir='ltr'>sermonem</span> <span class='ocrx_word' id='word_1_221' title='bbox 873 2666 1089 2702; x_wconf 82' lang='lat' dir='ltr'>convertit:</span> <span class='ocrx_word' id='word_1_222' title='bbox 1112 2668 1209 2703; x_wconf 90' lang='lat' dir='ltr'>ibid.</span> <span class='ocrx_word' id='word_1_223' title='bbox 1233 2679 1270 2714; x_wconf 89' lang='lat' dir='ltr'>p.</span> <span class='ocrx_word' id='word_1_224' title='bbox 1296 2669 1413 2715; x_wconf 83' lang='lat'>1197,</span> 
     </span>
     <span class='ocr_line' id='line_1_42' title="bbox 466 2721 1413 2768; baseline 0.013 -12"><span class='ocrx_word' id='word_1_225' title='bbox 466 2721 580 2758; x_wconf 83' lang='lat'>1295.</span> <span class='ocrx_word' id='word_1_226' title='bbox 609 2724 730 2760; x_wconf 75' lang='lat' dir='ltr'>Liber</span> <span class='ocrx_word' id='word_1_227' title='bbox 759 2725 935 2761; x_wconf 79' lang='lat' dir='ltr'><em>XXVIII</em></span> <span class='ocrx_word' id='word_1_228' title='bbox 952 2727 1154 2765; x_wconf 69' lang='lat' dir='ltr'>Bzclclcasz&#39;</span> <span class='ocrx_word' id='word_1_229' title='bbox 1175 2730 1413 2768; x_wconf 74' lang='lat' dir='ltr'>Banabera-</span> 
     </span>
     <span class='ocr_line' id='line_1_43' title="bbox 468 2787 1413 2840; baseline 0.011 -19"><span class='ocrx_word' id='word_1_230' title='bbox 468 2787 587 2823; x_wconf 70' lang='lat' dir='ltr'>:erin</span> <span class='ocrx_word' id='word_1_231' title='bbox 636 2787 870 2825; x_wconf 72' lang='lat' dir='ltr'>translatus</span> <span class='ocrx_word' id='word_1_232' title='bbox 917 2798 941 2825; x_wconf 88' lang='grc' dir='ltr'><em>α</em></span> <span class='ocrx_word' id='word_1_233' title='bbox 985 2789 1150 2828; x_wconf 75' lang='lat' dir='ltr'>Simone</span> <span class='ocrx_word' id='word_1_234' title='bbox 1189 2792 1413 2840; x_wconf 59' lang='lat' dir='ltr'>Manen-si,</span> 
     </span>
     <span class='ocr_line' id='line_1_44' title="bbox 467 2849 1412 2902; baseline 0.008 -18"><span class='ocrx_word' id='word_1_235' title='bbox 467 2849 698 2896; x_wconf 69' lang='lat' dir='ltr'>interprete</span> <span class='ocrx_word' id='word_1_236' title='bbox 727 2849 878 2887; x_wconf 79' lang='lat' dir='ltr'>Abram</span> <span class='ocrx_word' id='word_1_237' title='bbox 922 2850 1061 2889; x_wconf 71' lang='lat' dir='ltr'><em>Judoeo</em></span> <span class='ocrx_word' id='word_1_238' title='bbox 1104 2853 1412 2902; x_wconf 68' lang='lat' dir='ltr'>Tortzcosiensz‘,</span> 
     </span>
     <span class='ocr_line' id='line_1_45' title="bbox 467 2910 1414 2959; baseline 0.012 -16"><span class='ocrx_word' id='word_1_239' title='bbox 467 2910 693 2954; x_wconf 85' lang='lat' dir='ltr'>impressus</span> <span class='ocrx_word' id='word_1_240' title='bbox 721 2911 786 2947; x_wconf 87' lang='lat' dir='ltr'>est</span> <span class='ocrx_word' id='word_1_241' title='bbox 816 2912 1003 2949; x_wconf 86' lang='lat' dir='ltr'>Venetiis</span> <span class='ocrx_word' id='word_1_242' title='bbox 1034 2924 1103 2959; x_wconf 87' lang='lat' dir='ltr'>per</span> <span class='ocrx_word' id='word_1_243' title='bbox 1132 2915 1217 2951; x_wconf 83' lang='lat' dir='ltr'>Nic.</span> <span class='ocrx_word' id='word_1_244' title='bbox 1260 2917 1414 2954; x_wconf 88' lang='lat' dir='ltr'>Jenson</span> 
     </span>
     <span class='ocr_line' id='line_1_46' title="bbox 470 2971 1415 3025; baseline 0.01 -19"><span class='ocrx_word' id='word_1_245' title='bbox 470 2971 584 3016; x_wconf 81' lang='lat'>1471,</span> <span class='ocrx_word' id='word_1_246' title='bbox 617 2973 640 3007; x_wconf 87' lang='lat'>4</span> <span class='ocrx_word' id='word_1_247' title='bbox 669 2982 761 3008; x_wconf 87' lang='lat' dir='ltr'>cum</span> <span class='ocrx_word' id='word_1_248' title='bbox 787 2974 907 3010; x_wconf 92' lang='lat' dir='ltr'>Libro</span> <span class='ocrx_word' id='word_1_249' title='bbox 930 2974 1165 3014; x_wconf 62' lang='lat' dir='ltr'>‚servitoris</span> <span class='ocrx_word' id='word_1_250' title='bbox 1185 2977 1233 3014; x_wconf 92' lang='lat' dir='ltr'>de</span> <span class='ocrx_word' id='word_1_251' title='bbox 1255 2988 1415 3025; x_wconf 72' lang='lat' dir='ltr'>praepa-</span> 
     </span>
     <span class='ocr_line' id='line_1_47' title="bbox 469 3032 1415 3084; baseline 0.013 -18"><span class='ocrx_word' id='word_1_252' title='bbox 469 3032 624 3068; x_wconf 82' lang='lat' dir='ltr'>ratione</span> <span class='ocrx_word' id='word_1_253' title='bbox 666 3035 963 3072; x_wconf 86' lang='lat' dir='ltr'>medicinarum</span> <span class='ocrx_word' id='word_1_254' title='bbox 1005 3039 1271 3084; x_wconf 82' lang='lat' dir='ltr'>simplicium.</span> <span class='ocrx_word' id='word_1_255' title='bbox 1321 3042 1415 3078; x_wconf 87' lang='lat' dir='ltr'>Alia</span> 
     </span>
     <span class='ocr_line' id='line_1_48' title="bbox 469 3095 1416 3148; baseline 0.012 -19"><span class='ocrx_word' id='word_1_256' title='bbox 469 3095 592 3130; x_wconf 80' lang='lat' dir='ltr'>editio</span> <span class='ocrx_word' id='word_1_257' title='bbox 623 3098 772 3141; x_wconf 83' lang='lat' dir='ltr'>prodiit</span> <span class='ocrx_word' id='word_1_258' title='bbox 803 3100 945 3136; x_wconf 87' lang='lat' dir='ltr'>Venet.</span> <span class='ocrx_word' id='word_1_259' title='bbox 979 3099 1080 3137; x_wconf 86' lang='grc'><strong>1479</strong></span> <span class='ocrx_word' id='word_1_260' title='bbox 1110 3102 1158 3138; x_wconf 84' lang='lat' dir='ltr'>dc</span> <span class='ocrx_word' id='word_1_261' title='bbox 1189 3112 1268 3148; x_wconf 82' lang='lat' dir='ltr'>qua</span> <span class='ocrx_word' id='word_1_262' title='bbox 1294 3104 1416 3140; x_wconf 80' lang='lat' dir='ltr'>Mait-</span> 
     </span>
     <span class='ocr_line' id='line_1_49' title="bbox 471 3155 1416 3212; baseline 0.015 -24"><span class='ocrx_word' id='word_1_263' title='bbox 471 3155 572 3191; x_wconf 80' lang='lat' dir='ltr'>taire</span> <span class='ocrx_word' id='word_1_264' title='bbox 603 3157 702 3192; x_wconf 83' lang='lat' dir='ltr'>tom.</span> <span class='ocrx_word' id='word_1_265' title='bbox 734 3158 767 3204; x_wconf 90' lang='grc' dir='ltr'>Ι,</span> <span class='ocrx_word' id='word_1_266' title='bbox 798 3171 834 3205; x_wconf 91' lang='lat' dir='ltr'>p.</span> <span class='ocrx_word' id='word_1_267' title='bbox 867 3161 955 3197; x_wconf 85' lang='grc'><strong>404.</strong></span> <span class='ocrx_word' id='word_1_268' title='bbox 978 3162 1106 3199; x_wconf 75' lang='lat' dir='ltr'>Notas</span> <span class='ocrx_word' id='word_1_269' title='bbox 1134 3163 1224 3208; x_wconf 86' lang='lat' dir='ltr'>ejus</span> <span class='ocrx_word' id='word_1_270' title='bbox 1253 3166 1416 3212; x_wconf 62' lang='lat' dir='ltr'>marai—</span> 
     </span>
     <span class='ocr_line' id='line_1_50' title="bbox 473 3215 1413 3270; baseline 0.015 -22"><span class='ocrx_word' id='word_1_271' title='bbox 473 3215 585 3250; x_wconf 67' lang='lat' dir='ltr'>nales</span> <span class='ocrx_word' id='word_1_272' title='bbox 617 3218 655 3251; x_wconf 87' lang='lat' dir='ltr'>in</span> <span class='ocrx_word' id='word_1_273' title='bbox 687 3221 962 3258; x_wconf 79' lang='lat' dir='ltr'>Alexandrum</span> <span class='ocrx_word' id='word_1_274' title='bbox 994 3222 1333 3270; x_wconf 82' lang='lat' dir='ltr'>Iatrosophistam</span> <span class='ocrx_word' id='word_1_275' title='bbox 1363 3235 1413 3262; x_wconf 86' lang='lat' dir='ltr'>ex</span> 
     </span>
    </p>
   </div>
   <div class='ocr_carea' id='block_1_3' title="bbox 1495 248 2466 3270">
    <p class='ocr_par' dir='ltr' id='par_1_8' title="bbox 1495 248 2459 1045">
     <span class='ocr_line' id='line_1_51' title="bbox 1499 248 2446 290; baseline 0.004 -4"><span class='ocrx_word' id='word_1_276' title='bbox 1499 249 1643 286; x_wconf 81' lang='lat' dir='ltr'>Codice</span> <span class='ocrx_word' id='word_1_277' title='bbox 1674 248 1753 285; x_wconf 86' lang='lat'>334</span> <span class='ocrx_word' id='word_1_278' title='bbox 1781 248 1884 286; x_wconf 82' lang='lat' dir='ltr'>citat</span> <span class='ocrx_word' id='word_1_279' title='bbox 1913 250 2001 287; x_wconf 78' lang='lat' dir='ltr'>Car.</span> <span class='ocrx_word' id='word_1_280' title='bbox 2034 251 2087 287; x_wconf 87' lang='lat' dir='ltr'>du</span> <span class='ocrx_word' id='word_1_281' title='bbox 2116 250 2268 288; x_wconf 84' lang='lat' dir='ltr'>Fresne</span> <span class='ocrx_word' id='word_1_282' title='bbox 2303 252 2347 289; x_wconf 87' lang='lat' dir='ltr'>in</span> <span class='ocrx_word' id='word_1_283' title='bbox 2377 253 2446 290; x_wconf 91' lang='lat' dir='ltr'>In-</span> 
     </span>
     <span class='ocr_line' id='line_1_52' title="bbox 1496 308 2449 359; baseline 0.002 -11"><span class='ocrx_word' id='word_1_284' title='bbox 1496 308 1848 359; x_wconf 61' lang='lat' dir='ltr'>dieejAuetoruQ</span> <span class='ocrx_word' id='word_1_285' title='bbox 1873 322 1993 359; x_wconf 89' lang='lat' dir='ltr'>quem</span> <span class='ocrx_word' id='word_1_286' title='bbox 2015 312 2220 350; x_wconf 82' lang='lat' dir='ltr'>Glossario</span> <span class='ocrx_word' id='word_1_287' title='bbox 2241 314 2449 359; x_wconf 83' lang='lat' dir='ltr'>praefixit,</span> 
     </span>
     <span class='ocr_line' id='line_1_53' title="bbox 1497 373 2449 425; baseline 0.006 -16"><span class='ocrx_word' id='word_1_288' title='bbox 1497 384 1586 420; x_wconf 67' lang='lat' dir='ltr'>quae</span> <span class='ocrx_word' id='word_1_289' title='bbox 1617 373 1758 410; x_wconf 78' lang='lat' dir='ltr'>tamen</span> <span class='ocrx_word' id='word_1_290' title='bbox 1787 374 1907 412; x_wconf 60' lang='lat' dir='ltr'>editae</span> <span class='ocrx_word' id='word_1_291' title='bbox 1939 376 2035 412; x_wconf 85' lang='lat' dir='ltr'>sunt</span> <span class='ocrx_word' id='word_1_292' title='bbox 2064 377 2260 422; x_wconf 82' lang='lat' dir='ltr'>Lugduni</span> <span class='ocrx_word' id='word_1_293' title='bbox 2284 376 2404 425; x_wconf 87' lang='grc'><strong>1504,</strong></span> <span class='ocrx_word' id='word_1_294' title='bbox 2425 380 2449 416; x_wconf 89' lang='grc'><strong>4</strong></span> 
     </span>
     <span class='ocr_line' id='line_1_54' title="bbox 1495 438 2452 486; baseline 0.007 -12"><span class='ocrx_word' id='word_1_295' title='bbox 1495 439 1538 475; x_wconf 92' lang='lat' dir='ltr'>et</span> <span class='ocrx_word' id='word_1_296' title='bbox 1567 439 1703 484; x_wconf 82' lang='lat' dir='ltr'>Papiae</span> <span class='ocrx_word' id='word_1_297' title='bbox 1737 438 1868 484; x_wconf 84' lang='grc'><strong>1528,</strong></span> <span class='ocrx_word' id='word_1_298' title='bbox 1903 440 1927 476; x_wconf 88' lang='grc'>8</span> <span class='ocrx_word' id='word_1_299' title='bbox 1961 440 2098 479; x_wconf 73' lang='lat' dir='ltr'>Clacis</span> <span class='ocrx_word' id='word_1_300' title='bbox 2138 442 2368 486; x_wconf 69' lang='lat' dir='ltr'>sanitatis,</span> <span class='ocrx_word' id='word_1_301' title='bbox 2407 444 2452 480; x_wconf 76' lang='lat' dir='ltr'>In</span> 
     </span>
     <span class='ocr_line' id='line_1_55' title="bbox 1496 501 2450 553; baseline 0.008 -17"><span class='ocrx_word' id='word_1_302' title='bbox 1496 510 1578 546; x_wconf 85' lang='lat' dir='ltr'>qua</span> <span class='ocrx_word' id='word_1_303' title='bbox 1597 501 1803 546; x_wconf 84' lang='lat' dir='ltr'>simplicia</span> <span class='ocrx_word' id='word_1_304' title='bbox 1824 502 2123 541; x_wconf 85' lang='lat' dir='ltr'>medicamenta</span> <span class='ocrx_word' id='word_1_305' title='bbox 2141 504 2287 552; x_wconf 86' lang='lat' dir='ltr'>latina,</span> <span class='ocrx_word' id='word_1_306' title='bbox 2309 515 2450 553; x_wconf 84' lang='lat' dir='ltr'>graeca</span> 
     </span>
     <span class='ocr_line' id='line_1_56' title="bbox 1499 554 2459 615; baseline 0.007 -17"><span class='ocrx_word' id='word_1_307' title='bbox 1499 562 1540 598; x_wconf 87' lang='lat' dir='ltr'>et</span> <span class='ocrx_word' id='word_1_308' title='bbox 1569 563 1734 599; x_wconf 81' lang='lat' dir='ltr'>arabica</span> <span class='ocrx_word' id='word_1_309' title='bbox 1761 563 1906 599; x_wconf 84' lang='lat' dir='ltr'>ordine</span> <span class='ocrx_word' id='word_1_310' title='bbox 1936 565 2191 610; x_wconf 84' lang='lat' dir='ltr'>alphabetico</span> <span class='ocrx_word' id='word_1_311' title='bbox 2211 554 2459 615; x_wconf 64' lang='lat' dir='ltr'>traduntur,</span> 
     </span>
     <span class='ocr_line' id='line_1_57' title="bbox 1497 624 2449 675; baseline 0.007 -14"><span class='ocrx_word' id='word_1_312' title='bbox 1497 624 1650 671; x_wconf 84' lang='lat' dir='ltr'>prodiit</span> <span class='ocrx_word' id='word_1_313' title='bbox 1691 625 1836 662; x_wconf 87' lang='lat' dir='ltr'>Venet.</span> <span class='ocrx_word' id='word_1_314' title='bbox 1882 625 1998 672; x_wconf 78' lang='grc'><strong>1486,</strong></span> <span class='ocrx_word' id='word_1_315' title='bbox 2044 627 2163 675; x_wconf 89' lang='grc'><strong>1510,</strong></span> <span class='ocrx_word' id='word_1_316' title='bbox 2207 629 2313 667; x_wconf 90' lang='grc'><strong>1514</strong></span> <span class='ocrx_word' id='word_1_317' title='bbox 2353 630 2449 668; x_wconf 85' lang='lat' dir='ltr'>folio</span> 
     </span>
     <span class='ocr_line' id='line_1_58' title="bbox 1499 687 2449 738; baseline 0.007 -16"><span class='ocrx_word' id='word_1_318' title='bbox 1499 687 1613 723; x_wconf 88' lang='lat' dir='ltr'>Adde</span> <span class='ocrx_word' id='word_1_319' title='bbox 1646 687 1875 732; x_wconf 81' lang='lat' dir='ltr'>Sopranum</span> <span class='ocrx_word' id='word_1_320' title='bbox 1900 687 1948 724; x_wconf 90' lang='lat' dir='ltr'>de</span> <span class='ocrx_word' id='word_1_321' title='bbox 1972 687 2246 735; x_wconf 73' lang='lat' dir='ltr'>scriptoribus</span> <span class='ocrx_word' id='word_1_322' title='bbox 2266 691 2449 738; x_wconf 84' lang='lat' dir='ltr'>Liguriae</span> 
     </span>
     <span class='ocr_line' id='line_1_59' title="bbox 1497 748 2450 799; baseline 0.006 -15"><span class='ocrx_word' id='word_1_323' title='bbox 1497 759 1535 795; x_wconf 89' lang='lat' dir='ltr'>p.</span> <span class='ocrx_word' id='word_1_324' title='bbox 1568 749 1660 785; x_wconf 87' lang='grc'><strong>257.</strong></span> <span class='ocrx_word' id='word_1_325' title='bbox 1697 748 1858 785; x_wconf 90' lang='lat' dir='ltr'>Oldoini</span> <span class='ocrx_word' id='word_1_326' title='bbox 1900 748 2147 787; x_wconf 77' lang='lat' dir='ltr'>Athenaeum</span> <span class='ocrx_word' id='word_1_327' title='bbox 2185 752 2450 799; x_wconf 85' lang='lat' dir='ltr'>Ligusticum</span> 
     </span>
     <span class='ocr_line' id='line_1_60' title="bbox 1499 810 2451 857; baseline 0.004 -10"><span class='ocrx_word' id='word_1_328' title='bbox 1499 822 1536 857; x_wconf 91' lang='lat' dir='ltr'>p.</span> <span class='ocrx_word' id='word_1_329' title='bbox 1568 811 1660 847; x_wconf 85' lang='lat'>499.</span> <span class='ocrx_word' id='word_1_330' title='bbox 1690 810 1908 846; x_wconf 86' lang='lat' dir='ltr'>Mercklini</span> <span class='ocrx_word' id='word_1_331' title='bbox 1927 811 2175 849; x_wconf 88' lang='lat' dir='ltr'>Lindenium</span> <span class='ocrx_word' id='word_1_332' title='bbox 2202 813 2451 851; x_wconf 83' lang='lat' dir='ltr'>renovatum</span> 
     </span>
     <span class='ocr_line' id='line_1_61' title="bbox 1499 873 2454 921; baseline 0.003 -11"><span class='ocrx_word' id='word_1_333' title='bbox 1499 886 1536 921; x_wconf 88' lang='lat' dir='ltr'>p.</span> <span class='ocrx_word' id='word_1_334' title='bbox 1568 874 1658 911; x_wconf 89' lang='grc'><strong>971.</strong></span> <span class='ocrx_word' id='word_1_335' title='bbox 1691 873 1924 910; x_wconf 77' lang='lat' dir='ltr'>Fabricium</span> <span class='ocrx_word' id='word_1_336' title='bbox 1943 874 2046 912; x_wconf 92' lang='lat' dir='ltr'>Bibl.</span> <span class='ocrx_word' id='word_1_337' title='bbox 2070 874 2221 913; x_wconf 82' lang='lat' dir='ltr'>Graecoe</span> <span class='ocrx_word' id='word_1_338' title='bbox 2241 877 2332 913; x_wconf 82' lang='lat' dir='ltr'>Vol.</span> <span class='ocrx_word' id='word_1_339' title='bbox 2353 877 2454 913; x_wconf 92' lang='lat' dir='ltr'><strong>XIII</strong></span> 
     </span>
     <span class='ocr_line' id='line_1_62' title="bbox 1500 934 2453 982; baseline 0.004 -10"><span class='ocrx_word' id='word_1_340' title='bbox 1500 946 1597 982; x_wconf 83' lang='lat' dir='ltr'>pag.</span> <span class='ocrx_word' id='word_1_341' title='bbox 1628 935 1720 972; x_wconf 83' lang='lat'>424.</span> <span class='ocrx_word' id='word_1_342' title='bbox 1751 934 1915 971; x_wconf 87' lang='lat' dir='ltr'>Oldoini</span> <span class='ocrx_word' id='word_1_343' title='bbox 1946 935 2170 973; x_wconf 88' lang='lat' dir='ltr'>Theatrum</span> <span class='ocrx_word' id='word_1_344' title='bbox 2209 937 2453 976; x_wconf 84' lang='lat' dir='ltr'>Archiatro-</span> 
     </span>
     <span class='ocr_line' id='line_1_63' title="bbox 1498 996 2250 1045; baseline 0 -11"><span class='ocrx_word' id='word_1_345' title='bbox 1498 1008 1591 1034; x_wconf 89' lang='lat' dir='ltr'>rum</span> <span class='ocrx_word' id='word_1_346' title='bbox 1621 996 1931 1034; x_wconf 75' lang='lat' dir='ltr'>pontificiorum</span> <span class='ocrx_word' id='word_1_347' title='bbox 1962 1007 2001 1044; x_wconf 94' lang='lat' dir='ltr'>p.</span> <span class='ocrx_word' id='word_1_348' title='bbox 2031 998 2111 1035; x_wconf 83' lang='lat'>214</span> <span class='ocrx_word' id='word_1_349' title='bbox 2140 1007 2250 1045; x_wconf 88' lang='lat' dir='ltr'>seqq.</span> 
     </span>
    </p>

    <p class='ocr_par' dir='ltr' id='par_1_9' title="bbox 1500 1058 2463 2085">
     <span class='ocr_line' id='line_1_64' title="bbox 1551 1058 2456 1098; baseline 0.003 -3"><span class='ocrx_word' id='word_1_350' title='bbox 1551 1058 1570 1077; x_wconf 67' lang='lat'>³*</span> <span class='ocrx_word' id='word_1_351' title='bbox 1601 1060 1643 1095; x_wconf 82' lang='lat' dir='ltr'>Si</span> <span class='ocrx_word' id='word_1_352' title='bbox 1675 1060 1737 1095; x_wconf 91' lang='lat' dir='ltr'>vir</span> <span class='ocrx_word' id='word_1_353' title='bbox 1758 1059 1840 1096; x_wconf 87' lang='lat' dir='ltr'>iste</span> <span class='ocrx_word' id='word_1_354' title='bbox 1859 1059 2124 1096; x_wconf 83' lang='lat' dir='ltr'>doctissimus</span> <span class='ocrx_word' id='word_1_355' title='bbox 2152 1060 2314 1098; x_wconf 86' lang='lat' dir='ltr'>Nicoiai</span> <span class='ocrx_word' id='word_1_356' title='bbox 2332 1061 2367 1097; x_wconf 89' lang='lat' dir='ltr'><strong>V</strong></span> <span class='ocrx_word' id='word_1_357' title='bbox 2387 1071 2456 1098; x_wconf 87' lang='lat' dir='ltr'>ca-</span> 
     </span>
     <span class='ocr_line' id='line_1_65' title="bbox 1500 1121 2456 1168; baseline 0.001 -10"><span class='ocrx_word' id='word_1_358' title='bbox 1500 1123 1708 1168; x_wconf 87' lang='lat' dir='ltr'>pellanum</span> <span class='ocrx_word' id='word_1_359' title='bbox 1737 1121 1829 1167; x_wconf 85' lang='lat' dir='ltr'>egit</span> <span class='ocrx_word' id='word_1_360' title='bbox 1858 1130 1940 1157; x_wconf 87' lang='lat' dir='ltr'>non</span> <span class='ocrx_word' id='word_1_361' title='bbox 1960 1121 2166 1167; x_wconf 89' lang='lat' dir='ltr'>potuisset</span> <span class='ocrx_word' id='word_1_362' title='bbox 2185 1122 2326 1168; x_wconf 87' lang='lat' dir='ltr'>utique</span> <span class='ocrx_word' id='word_1_363' title='bbox 2346 1123 2456 1159; x_wconf 84' lang='lat' dir='ltr'>circa</span> 
     </span>
     <span class='ocr_line' id='line_1_66' title="bbox 1500 1182 2455 1230; baseline 0.003 -13"><span class='ocrx_word' id='word_1_364' title='bbox 1500 1184 1605 1218; x_wconf 83' lang='lat' dir='ltr'>Ann.</span> <span class='ocrx_word' id='word_1_365' title='bbox 1640 1183 1743 1218; x_wconf 87' lang='grc'><strong>1300</strong></span> <span class='ocrx_word' id='word_1_366' title='bbox 1775 1183 1952 1219; x_wconf 85' lang='lat' dir='ltr'>scribere</span> <span class='ocrx_word' id='word_1_367' title='bbox 1977 1182 2223 1230; x_wconf 70' lang='lat' dir='ltr'>Synom‘ma,</span> <span class='ocrx_word' id='word_1_368' title='bbox 2243 1193 2325 1220; x_wconf 86' lang='lat' dir='ltr'>non</span> <span class='ocrx_word' id='word_1_369' title='bbox 2344 1185 2455 1220; x_wconf 87' lang='lat' dir='ltr'>enim</span> 
     </span>
     <span class='ocr_line' id='line_1_67' title="bbox 1501 1244 2456 1291; baseline 0.001 -11"><span class='ocrx_word' id='word_1_370' title='bbox 1501 1244 1607 1280; x_wconf 88' lang='lat' dir='ltr'>inter</span> <span class='ocrx_word' id='word_1_371' title='bbox 1648 1254 1689 1281; x_wconf 87' lang='lat' dir='ltr'>se</span> <span class='ocrx_word' id='word_1_372' title='bbox 1737 1244 1987 1281; x_wconf 87' lang='lat' dir='ltr'>conveniunt</span> <span class='ocrx_word' id='word_1_373' title='bbox 2031 1244 2120 1281; x_wconf 84' lang='lat' dir='ltr'>haec</span> <span class='ocrx_word' id='word_1_374' title='bbox 2162 1245 2255 1282; x_wconf 87' lang='lat' dir='ltr'>duo.</span> <span class='ocrx_word' id='word_1_375' title='bbox 2304 1245 2456 1291; x_wconf 89' lang='lat' dir='ltr'>Reipsa</span> 
     </span>
     <span class='ocr_line' id='line_1_68' title="bbox 1501 1306 2459 1353; baseline 0.001 -11"><span class='ocrx_word' id='word_1_376' title='bbox 1501 1307 1632 1352; x_wconf 87' lang='lat' dir='ltr'>igitur</span> <span class='ocrx_word' id='word_1_377' title='bbox 1660 1307 1918 1352; x_wconf 81' lang='lat' dir='ltr'>capellanum</span> <span class='ocrx_word' id='word_1_378' title='bbox 1948 1306 1991 1343; x_wconf 82' lang='lat' dir='ltr'>et</span> <span class='ocrx_word' id='word_1_379' title='bbox 2020 1308 2231 1344; x_wconf 89' lang='lat' dir='ltr'>medicum</span> <span class='ocrx_word' id='word_1_380' title='bbox 2265 1306 2357 1353; x_wconf 83' lang='lat' dir='ltr'>egit</span> <span class='ocrx_word' id='word_1_381' title='bbox 2386 1307 2459 1343; x_wconf 90' lang='lat' dir='ltr'>Ni-</span> 
     </span>
     <span class='ocr_line' id='line_1_69' title="bbox 1501 1368 2454 1414; baseline 0.001 -9"><span class='ocrx_word' id='word_1_382' title='bbox 1501 1370 1604 1406; x_wconf 84' lang='lat' dir='ltr'>colai</span> <span class='ocrx_word' id='word_1_383' title='bbox 1637 1369 1703 1404; x_wconf 90' lang='lat' dir='ltr'>1V.</span> <span class='ocrx_word' id='word_1_384' title='bbox 1734 1378 1858 1414; x_wconf 84' lang='lat' dir='ltr'>quare</span> <span class='ocrx_word' id='word_1_385' title='bbox 1888 1368 2023 1414; x_wconf 86' lang='lat' dir='ltr'>potuit</span> <span class='ocrx_word' id='word_1_386' title='bbox 2061 1370 2171 1406; x_wconf 85' lang='lat' dir='ltr'>circa</span> <span class='ocrx_word' id='word_1_387' title='bbox 2199 1372 2308 1406; x_wconf 81' lang='lat' dir='ltr'>Ann.</span> <span class='ocrx_word' id='word_1_388' title='bbox 2350 1368 2454 1406; x_wconf 90' lang='grc'><strong>1300</strong></span> 
     </span>
     <span class='ocr_line' id='line_1_70' title="bbox 1501 1431 2458 1479; baseline 0.002 -11"><span class='ocrx_word' id='word_1_389' title='bbox 1501 1434 1676 1469; x_wconf 83' lang='lat' dir='ltr'>scribere</span> <span class='ocrx_word' id='word_1_390' title='bbox 1694 1431 1924 1478; x_wconf 74' lang='lat' dir='ltr'>synonima</span> <span class='ocrx_word' id='word_1_391' title='bbox 1937 1432 2170 1479; x_wconf 73' lang='lat' dir='ltr'>Alchimioe,</span> <span class='ocrx_word' id='word_1_392' title='bbox 2187 1431 2325 1470; x_wconf 69' lang='lat' dir='ltr'>clavis</span> <span class='ocrx_word' id='word_1_393' title='bbox 2337 1432 2458 1470; x_wconf 74' lang='lat' dir='ltr'>sam·-</span> 
     </span>
     <span class='ocr_line' id='line_1_71' title="bbox 1501 1493 2458 1540; baseline -0.002 -9"><span class='ocrx_word' id='word_1_394' title='bbox 1501 1494 1619 1537; x_wconf 78' lang='lat' dir='ltr'>tatz&#39;s,</span> <span class='ocrx_word' id='word_1_395' title='bbox 1651 1503 1753 1540; x_wconf 88' lang='lat' dir='ltr'>quae</span> <span class='ocrx_word' id='word_1_396' title='bbox 1784 1503 1885 1539; x_wconf 93' lang='lat' dir='ltr'>opus</span> <span class='ocrx_word' id='word_1_397' title='bbox 1915 1495 2028 1530; x_wconf 88' lang='lat' dir='ltr'>illius</span> <span class='ocrx_word' id='word_1_398' title='bbox 2057 1495 2137 1540; x_wconf 88' lang='lat' dir='ltr'>est,</span> <span class='ocrx_word' id='word_1_399' title='bbox 2157 1494 2268 1530; x_wconf 90' lang='lat' dir='ltr'>hunc</span> <span class='ocrx_word' id='word_1_400' title='bbox 2287 1493 2458 1530; x_wconf 88' lang='lat' dir='ltr'>titulum</span> 
     </span>
     <span class='ocr_line' id='line_1_72' title="bbox 1502 1553 2461 1601; baseline -0.001 -10"><span class='ocrx_word' id='word_1_401' title='bbox 1502 1555 1659 1600; x_wconf 84' lang='lat' dir='ltr'>accepit</span> <span class='ocrx_word' id='word_1_402' title='bbox 1687 1564 1710 1589; x_wconf 85' lang='lat' dir='ltr'>a</span> <span class='ocrx_word' id='word_1_403' title='bbox 1740 1554 1947 1599; x_wconf 84' lang='lat' dir='ltr'>Campano</span> <span class='ocrx_word' id='word_1_404' title='bbox 1968 1554 2016 1589; x_wconf 93' lang='lat' dir='ltr'>D.</span> <span class='ocrx_word' id='word_1_405' title='bbox 2041 1556 2159 1601; x_wconf 81' lang='lat' dir='ltr'>Papae</span> <span class='ocrx_word' id='word_1_406' title='bbox 2181 1555 2398 1601; x_wconf 83' lang='lat' dir='ltr'>capellano</span> <span class='ocrx_word' id='word_1_407' title='bbox 2418 1553 2461 1591; x_wconf 85' lang='lat' dir='ltr'>et</span> 
     </span>
     <span class='ocr_line' id='line_1_73' title="bbox 1503 1615 2462 1663; baseline -0.001 -11"><span class='ocrx_word' id='word_1_408' title='bbox 1503 1618 1697 1652; x_wconf 81' lang='lat' dir='ltr'>canonico</span> <span class='ocrx_word' id='word_1_409' title='bbox 1727 1616 1970 1662; x_wconf 53' lang='lat' dir='ltr'>Pru-islensi,</span> <span class='ocrx_word' id='word_1_410' title='bbox 2001 1615 2048 1652; x_wconf 91' lang='lat' dir='ltr'>ut</span> <span class='ocrx_word' id='word_1_411' title='bbox 2077 1617 2260 1663; x_wconf 85' lang='lat' dir='ltr'>legimus</span> <span class='ocrx_word' id='word_1_412' title='bbox 2290 1616 2334 1651; x_wconf 91' lang='lat' dir='ltr'>in</span> <span class='ocrx_word' id='word_1_413' title='bbox 2363 1616 2462 1662; x_wconf 85' lang='lat' dir='ltr'>Epi-</span> 
     </span>
     <span class='ocr_line' id='line_1_74' title="bbox 1501 1677 2458 1724; baseline 0.001 -11"><span class='ocrx_word' id='word_1_414' title='bbox 1501 1678 1610 1714; x_wconf 86' lang='lat' dir='ltr'>stola</span> <span class='ocrx_word' id='word_1_415' title='bbox 1650 1678 1834 1715; x_wconf 90' lang='lat' dir='ltr'>eiusdem</span> <span class='ocrx_word' id='word_1_416' title='bbox 1876 1678 2078 1724; x_wconf 84' lang='lat' dir='ltr'>Campani</span> <span class='ocrx_word' id='word_1_417' title='bbox 2122 1678 2236 1724; x_wconf 90' lang='lat' dir='ltr'>operi</span> <span class='ocrx_word' id='word_1_418' title='bbox 2275 1677 2458 1724; x_wconf 83' lang='lat' dir='ltr'>praefixa.</span> 
     </span>
     <span class='ocr_line' id='line_1_75' title="bbox 1502 1737 2459 1784; baseline 0.001 -11"><span class='ocrx_word' id='word_1_419' title='bbox 1502 1738 1654 1784; x_wconf 84' lang='lat' dir='ltr'>Reipsa</span> <span class='ocrx_word' id='word_1_420' title='bbox 1681 1737 1824 1773; x_wconf 85' lang='lat' dir='ltr'>tamen</span> <span class='ocrx_word' id='word_1_421' title='bbox 1852 1738 1896 1773; x_wconf 90' lang='lat' dir='ltr'>in</span> <span class='ocrx_word' id='word_1_422' title='bbox 1924 1738 2222 1784; x_wconf 86' lang='lat' dir='ltr'>antiquissima</span> <span class='ocrx_word' id='word_1_423' title='bbox 2250 1737 2432 1775; x_wconf 89' lang='lat' dir='ltr'>editione</span> <span class='ocrx_word' id='word_1_424' title='bbox 2450 1766 2459 1784; x_wconf 93' lang='lat'>,</span> 
     </span>
     <span class='ocr_line' id='line_1_76' title="bbox 1501 1798 2462 1845; baseline 0.001 -10"><span class='ocrx_word' id='word_1_425' title='bbox 1501 1809 1625 1845; x_wconf 88' lang='lat' dir='ltr'>quam</span> <span class='ocrx_word' id='word_1_426' title='bbox 1655 1799 1789 1844; x_wconf 90' lang='lat' dir='ltr'>modo,</span> <span class='ocrx_word' id='word_1_427' title='bbox 1812 1798 1909 1834; x_wconf 91' lang='lat' dir='ltr'>dum</span> <span class='ocrx_word' id='word_1_428' title='bbox 1931 1798 2014 1835; x_wconf 83' lang='lat' dir='ltr'>ista</span> <span class='ocrx_word' id='word_1_429' title='bbox 2038 1800 2188 1845; x_wconf 86' lang='lat' dir='ltr'>scribo,</span> <span class='ocrx_word' id='word_1_430' title='bbox 2210 1808 2350 1836; x_wconf 83' lang='lat' dir='ltr'>versor</span> <span class='ocrx_word' id='word_1_431' title='bbox 2370 1809 2462 1836; x_wconf 85' lang='lat' dir='ltr'>ma-</span> 
     </span>
     <span class='ocr_line' id='line_1_77' title="bbox 1502 1860 2462 1908; baseline 0 -10"><span class='ocrx_word' id='word_1_432' title='bbox 1502 1863 1623 1900; x_wconf 90' lang='lat' dir='ltr'>nibus</span> <span class='ocrx_word' id='word_1_433' title='bbox 1656 1862 1898 1908; x_wconf 71' lang='lat' dir='ltr'>Synonyma</span> <span class='ocrx_word' id='word_1_434' title='bbox 1929 1861 2114 1900; x_wconf 73' lang='lat' dir='ltr'>Simoni-s·</span> <span class='ocrx_word' id='word_1_435' title='bbox 2139 1860 2368 1900; x_wconf 60' lang='lat' dir='ltr'>&amp;emensis</span> <span class='ocrx_word' id='word_1_436' title='bbox 2395 1862 2462 1898; x_wconf 86' lang='lat' dir='ltr'>in-</span> 
     </span>
     <span class='ocr_line' id='line_1_78' title="bbox 1503 1925 2462 1972; baseline 0.001 -11"><span class='ocrx_word' id='word_1_437' title='bbox 1503 1926 1712 1970; x_wconf 84' lang='lat' dir='ltr'>scribitur,</span> <span class='ocrx_word' id='word_1_438' title='bbox 1743 1925 1893 1970; x_wconf 90' lang='lat' dir='ltr'>Editio,</span> <span class='ocrx_word' id='word_1_439' title='bbox 1926 1925 2041 1961; x_wconf 86' lang='lat' dir='ltr'>cuius</span> <span class='ocrx_word' id='word_1_440' title='bbox 2061 1925 2149 1970; x_wconf 77' lang='lat' dir='ltr'>jam</span> <span class='ocrx_word' id='word_1_441' title='bbox 2168 1925 2354 1972; x_wconf 90' lang='lat' dir='ltr'>memini,</span> <span class='ocrx_word' id='word_1_442' title='bbox 2375 1926 2462 1962; x_wconf 90' lang='lat' dir='ltr'>Me-</span> 
     </span>
     <span class='ocr_line' id='line_1_79' title="bbox 1505 1986 2463 2033; baseline 0.001 -10"><span class='ocrx_word' id='word_1_443' title='bbox 1505 1987 1657 2024; x_wconf 86' lang='lat' dir='ltr'>diolani</span> <span class='ocrx_word' id='word_1_444' title='bbox 1687 1986 1839 2032; x_wconf 87' lang='lat' dir='ltr'>prodiit</span> <span class='ocrx_word' id='word_1_445' title='bbox 1866 1988 1970 2022; x_wconf 87' lang='lat' dir='ltr'>Anu.</span> <span class='ocrx_word' id='word_1_446' title='bbox 1996 1987 2100 2023; x_wconf 88' lang='lat'>1473</span> <span class='ocrx_word' id='word_1_447' title='bbox 2122 1997 2194 2033; x_wconf 88' lang='lat' dir='ltr'>per</span> <span class='ocrx_word' id='word_1_448' title='bbox 2220 1987 2463 2024; x_wconf 86' lang='lat' dir='ltr'>Antonium.</span> 
     </span>
     <span class='ocr_line' id='line_1_80' title="bbox 1506 2049 1941 2085; baseline -0.002 0"><span class='ocrx_word' id='word_1_449' title='bbox 1506 2051 1768 2085; x_wconf 74' lang='lat' dir='ltr'>Par-mensem</span> <span class='ocrx_word' id='word_1_450' title='bbox 1799 2050 1843 2085; x_wconf 87' lang='grc'>111</span> <span class='ocrx_word' id='word_1_451' title='bbox 1874 2049 1941 2085; x_wconf 87' lang='lat' dir='ltr'>fol.</span> 
     </span>
    </p>

    <p class='ocr_par' dir='ltr' id='par_1_10' title="bbox 1506 2110 2466 2589">
     <span class='ocr_line' id='line_1_81' title="bbox 1561 2110 2461 2158; baseline 0.003 -13"><span class='ocrx_word' id='word_1_452' title='bbox 1561 2111 1717 2147; x_wconf 75' lang='lat' dir='ltr'><strong>SIMON</strong></span> <span class='ocrx_word' id='word_1_453' title='bbox 1747 2110 1907 2158; x_wconf 75' lang='lat' dir='ltr'>Islepus</span> <span class='ocrx_word' id='word_1_454' title='bbox 1925 2139 1934 2157; x_wconf 96' lang='lat'>,</span> <span class='ocrx_word' id='word_1_455' title='bbox 1964 2110 2312 2157; x_wconf 80' lang='lat' dir='ltr'>Archiepiscopus</span> <span class='ocrx_word' id='word_1_456' title='bbox 2354 2111 2461 2148; x_wconf 83' lang='lat' dir='ltr'>Oan-</span> 
     </span>
     <span class='ocr_line' id='line_1_82' title="bbox 1506 2172 2463 2219; baseline 0.002 -11"><span class='ocrx_word' id='word_1_457' title='bbox 1506 2172 1747 2218; x_wconf 84' lang='lat' dir='ltr'>tuariensis,</span> <span class='ocrx_word' id='word_1_458' title='bbox 1771 2173 1964 2210; x_wconf 85' lang='lat' dir='ltr'>fundator</span> <span class='ocrx_word' id='word_1_459' title='bbox 1988 2174 2166 2219; x_wconf 87' lang='lat' dir='ltr'>Collegii</span> <span class='ocrx_word' id='word_1_460' title='bbox 2187 2172 2463 2210; x_wconf 81' lang='lat' dir='ltr'>cantuarien-</span> 
     </span>
     <span class='ocr_line' id='line_1_83' title="bbox 1508 2235 2464 2281; baseline 0.002 -11"><span class='ocrx_word' id='word_1_461' title='bbox 1508 2236 1566 2270; x_wconf 87' lang='lat' dir='ltr'>sis</span> <span class='ocrx_word' id='word_1_462' title='bbox 1601 2237 1643 2271; x_wconf 91' lang='lat' dir='ltr'>in</span> <span class='ocrx_word' id='word_1_463' title='bbox 1672 2237 1896 2272; x_wconf 82' lang='lat' dir='ltr'>Academia</span> <span class='ocrx_word' id='word_1_464' title='bbox 1924 2235 2176 2281; x_wconf 84' lang='lat' dir='ltr'>Oxoniensi,</span> <span class='ocrx_word' id='word_1_465' title='bbox 2215 2235 2320 2273; x_wconf 82' lang='lat' dir='ltr'>obiit</span> <span class='ocrx_word' id='word_1_466' title='bbox 2357 2245 2464 2272; x_wconf 88' lang='lat' dir='ltr'>anno</span> 
     </span>
     <span class='ocr_line' id='line_1_84' title="bbox 1512 2295 2463 2342; baseline 0.002 -12"><span class='ocrx_word' id='word_1_467' title='bbox 1512 2295 1625 2331; x_wconf 85' lang='grc'><strong>1366.</strong></span> <span class='ocrx_word' id='word_1_468' title='bbox 1656 2295 1829 2341; x_wconf 80' lang='lat' dir='ltr'>Scripsit</span> <span class='ocrx_word' id='word_1_469' title='bbox 1862 2296 2084 2332; x_wconf 76' lang='lat' dir='ltr'>Sermones</span> <span class='ocrx_word' id='word_1_470' title='bbox 2114 2295 2463 2342; x_wconf 73' lang='lat' dir='ltr'>Quadraqesima-</span> 
     </span>
     <span class='ocr_line' id='line_1_85' title="bbox 1509 2357 2466 2403; baseline 0.001 -10"><span class='ocrx_word' id='word_1_471' title='bbox 1509 2358 1581 2402; x_wconf 77' lang='lat' dir='ltr'>les,</span> <span class='ocrx_word' id='word_1_472' title='bbox 1614 2357 1661 2394; x_wconf 79' lang='lat' dir='ltr'>cle</span> <span class='ocrx_word' id='word_1_473' title='bbox 1699 2357 1897 2403; x_wconf 71' lang='lat' dir='ltr'>Tempore</span> <span class='ocrx_word' id='word_1_474' title='bbox 1929 2358 1967 2394; x_wconf 79' lang='lat' dir='ltr'>et</span> <span class='ocrx_word' id='word_1_475' title='bbox 1994 2357 2181 2402; x_wconf 71' lang='lat' dir='ltr'>Sanctis,</span> <span class='ocrx_word' id='word_1_476' title='bbox 2206 2365 2288 2403; x_wconf 77' lang='lat' dir='ltr'>pro</span> <span class='ocrx_word' id='word_1_477' title='bbox 2319 2357 2466 2394; x_wconf 74' lang='lat' dir='ltr'>ordine</span> 
     </span>
     <span class='ocr_line' id='line_1_86' title="bbox 1510 2418 2464 2464; baseline 0 -9"><span class='ocrx_word' id='word_1_478' title='bbox 1510 2418 1776 2455; x_wconf 60' lang='lat' dir='ltr'>Sacerdotem·</span> <span class='ocrx_word' id='word_1_479' title='bbox 1827 2418 2152 2456; x_wconf 71' lang='lat' dir='ltr'>Constitutioues</span> <span class='ocrx_word' id='word_1_480' title='bbox 2190 2418 2432 2456; x_wconf 78' lang='lat' dir='ltr'>Decretales</span> <span class='ocrx_word' id='word_1_481' title='bbox 2454 2447 2464 2464; x_wconf 95' lang='lat'>,</span> 
     </span>
     <span class='ocr_line' id='line_1_87' title="bbox 1507 2477 2464 2527; baseline 0 -12"><span class='ocrx_word' id='word_1_482' title='bbox 1507 2481 1719 2526; x_wconf 73' lang='lat' dir='ltr'>speculum</span> <span class='ocrx_word' id='word_1_483' title='bbox 1748 2481 1874 2526; x_wconf 71' lang='lat' dir='ltr'>Reqz&#39;s</span> <span class='ocrx_word' id='word_1_484' title='bbox 1902 2480 2103 2518; x_wconf 76' lang='lat' dir='ltr'>Eduardz&#39;</span> <span class='ocrx_word' id='word_1_485' title='bbox 2137 2477 2210 2515; x_wconf 94' lang='lat' dir='ltr'>III</span> <span class='ocrx_word' id='word_1_486' title='bbox 2237 2479 2464 2527; x_wconf 64' lang='lat' dir='ltr'>Epistola-9.</span> 
     </span>
     <span class='ocr_line' id='line_1_88' title="bbox 1506 2540 2465 2589; baseline 0.003 -14"><span class='ocrx_word' id='word_1_487' title='bbox 1506 2541 1667 2578; x_wconf 79' lang='lat' dir='ltr'>Balaeus</span> <span class='ocrx_word' id='word_1_488' title='bbox 1698 2542 1867 2578; x_wconf 86' lang='lat' dir='ltr'>Centur.</span> <span class='ocrx_word' id='word_1_489' title='bbox 1900 2541 1971 2589; x_wconf 88' lang='lat' dir='ltr'>VI,</span> <span class='ocrx_word' id='word_1_490' title='bbox 2003 2542 2068 2578; x_wconf 87' lang='grc'>20.</span> <span class='ocrx_word' id='word_1_491' title='bbox 2097 2540 2262 2578; x_wconf 86' lang='lat' dir='ltr'>Pitseus</span> <span class='ocrx_word' id='word_1_492' title='bbox 2302 2551 2337 2577; x_wconf 88' lang='lat' dir='ltr'>c.</span> <span class='ocrx_word' id='word_1_493' title='bbox 2374 2541 2465 2580; x_wconf 89' lang='grc'><strong>610.</strong></span> 
     </span>
    </p>

    <p class='ocr_par' dir='ltr' id='par_1_11' title="bbox 1505 2603 2466 2954">
     <span class='ocr_line' id='line_1_89' title="bbox 1558 2603 2465 2651; baseline 0.003 -12"><span class='ocrx_word' id='word_1_494' title='bbox 1558 2603 1895 2651; x_wconf 71' lang='lat' dir='ltr'>*Archiepiscopi</span> <span class='ocrx_word' id='word_1_495' title='bbox 1907 2604 2031 2640; x_wconf 87' lang='lat' dir='ltr'>huius</span> <span class='ocrx_word' id='word_1_496' title='bbox 2041 2603 2465 2642; x_wconf 79' lang='lat' dir='ltr'>Cantuariensiscon-</span> 
     </span>
     <span class='ocr_line' id='line_1_90' title="bbox 1505 2665 2462 2714; baseline 0 -10"><span class='ocrx_word' id='word_1_497' title='bbox 1505 2668 1746 2704; x_wconf 83' lang='lat' dir='ltr'>stitutiones</span> <span class='ocrx_word' id='word_1_498' title='bbox 1773 2667 1928 2714; x_wconf 87' lang='lat' dir='ltr'>pluries</span> <span class='ocrx_word' id='word_1_499' title='bbox 1955 2666 2076 2704; x_wconf 80' lang='lat' dir='ltr'>editae</span> <span class='ocrx_word' id='word_1_500' title='bbox 2106 2665 2203 2703; x_wconf 86' lang='lat' dir='ltr'>sunt</span> <span class='ocrx_word' id='word_1_501' title='bbox 2231 2667 2276 2703; x_wconf 90' lang='lat' dir='ltr'>in</span> <span class='ocrx_word' id='word_1_502' title='bbox 2296 2666 2354 2703; x_wconf 90' lang='lat'>111</span> <span class='ocrx_word' id='word_1_503' title='bbox 2382 2669 2462 2704; x_wconf 86' lang='lat' dir='ltr'>vol.</span> 
     </span>
     <span class='ocr_line' id='line_1_91' title="bbox 1505 2731 2464 2778; baseline 0 -10"><span class='ocrx_word' id='word_1_504' title='bbox 1505 2732 1658 2768; x_wconf 89' lang='lat' dir='ltr'>Concil.</span> <span class='ocrx_word' id='word_1_505' title='bbox 1689 2732 1739 2767; x_wconf 95' lang='grc' dir='ltr'><strong>Μ.</strong></span> <span class='ocrx_word' id='word_1_506' title='bbox 1768 2731 1991 2768; x_wconf 82' lang='lat' dir='ltr'>Britanniae</span> <span class='ocrx_word' id='word_1_507' title='bbox 2023 2740 2047 2766; x_wconf 88' lang='lat' dir='ltr'>a</span> <span class='ocrx_word' id='word_1_508' title='bbox 2076 2731 2257 2767; x_wconf 88' lang='lat' dir='ltr'>Wilkins</span> <span class='ocrx_word' id='word_1_509' title='bbox 2291 2731 2464 2778; x_wconf 83' lang='lat' dir='ltr'>vulgato</span> 
     </span>
     <span class='ocr_line' id='line_1_92' title="bbox 1505 2792 2463 2841; baseline 0 -11"><span class='ocrx_word' id='word_1_510' title='bbox 1505 2804 1603 2841; x_wconf 83' lang='lat' dir='ltr'>pag.</span> <span class='ocrx_word' id='word_1_511' title='bbox 1639 2803 1735 2831; x_wconf 84' lang='lat' dir='ltr'>vero</span> <span class='ocrx_word' id='word_1_512' title='bbox 1764 2792 1816 2829; x_wconf 84' lang='lat'>52</span> <span class='ocrx_word' id='word_1_513' title='bbox 1843 2793 1964 2839; x_wconf 84' lang='lat' dir='ltr'>legas</span> <span class='ocrx_word' id='word_1_514' title='bbox 1993 2792 2314 2830; x_wconf 86' lang='lat' dir='ltr'>constitutiones</span> <span class='ocrx_word' id='word_1_515' title='bbox 2348 2794 2463 2840; x_wconf 87' lang='lat' dir='ltr'>eius,</span> 
     </span>
     <span class='ocr_line' id='line_1_93' title="bbox 1505 2854 2466 2892; baseline 0 -1"><span class='ocrx_word' id='word_1_516' title='bbox 1505 2856 1592 2892; x_wconf 88' lang='lat' dir='ltr'>sive</span> <span class='ocrx_word' id='word_1_517' title='bbox 1624 2854 1789 2891; x_wconf 79' lang='lat' dir='ltr'>statuta</span> <span class='ocrx_word' id='word_1_518' title='bbox 1817 2855 1934 2891; x_wconf 84' lang='lat' dir='ltr'>Aulae</span> <span class='ocrx_word' id='word_1_519' title='bbox 1958 2855 2266 2892; x_wconf 78' lang='lat' dir='ltr'>cantuariensis</span> <span class='ocrx_word' id='word_1_520' title='bbox 2296 2855 2341 2891; x_wconf 86' lang='lat' dir='ltr'>in</span> <span class='ocrx_word' id='word_1_521' title='bbox 2364 2855 2466 2892; x_wconf 87' lang='lat' dir='ltr'>Uni-</span> 
     </span>
     <span class='ocr_line' id='line_1_94' title="bbox 1506 2916 1967 2954; baseline 0 -1"><span class='ocrx_word' id='word_1_522' title='bbox 1506 2916 1702 2954; x_wconf 76' lang='lat' dir='ltr'>versitate</span> <span class='ocrx_word' id='word_1_523' title='bbox 1732 2916 1967 2953; x_wconf 81' lang='lat' dir='ltr'>oxoniensi.</span> 
     </span>
    </p>

    <p class='ocr_par' dir='ltr' id='par_1_12' title="bbox 1503 2976 2466 3270">
     <span class='ocr_line' id='line_1_95' title="bbox 1559 2976 2464 3025; baseline 0 -11"><span class='ocrx_word' id='word_1_524' title='bbox 1559 2977 1714 3014; x_wconf 81' lang='lat' dir='ltr'><strong>SIMON</strong></span> <span class='ocrx_word' id='word_1_525' title='bbox 1745 2977 1983 3025; x_wconf 59' lang='lat' dir='ltr'>lanqueum,</span> <span class='ocrx_word' id='word_1_526' title='bbox 2025 2977 2252 3015; x_wconf 84' lang='lat' dir='ltr'>monachus</span> <span class='ocrx_word' id='word_1_527' title='bbox 2287 2976 2380 3016; x_wconf 90' lang='lat' dir='ltr'>Ord.</span> <span class='ocrx_word' id='word_1_528' title='bbox 2424 2978 2464 3016; x_wconf 84' lang='lat' dir='ltr'>S.</span> 
     </span>
     <span class='ocr_line' id='line_1_96' title="bbox 1503 3038 2464 3086; baseline 0.002 -12"><span class='ocrx_word' id='word_1_529' title='bbox 1503 3039 1740 3086; x_wconf 88' lang='lat' dir='ltr'>Benedicti,</span> <span class='ocrx_word' id='word_1_530' title='bbox 1789 3040 1927 3077; x_wconf 85' lang='lat' dir='ltr'>Abbas</span> <span class='ocrx_word' id='word_1_531' title='bbox 1971 3038 2464 3086; x_wconf 77' lang='lat' dir='ltr'>westmonasteriensis,</span> 
     </span>
     <span class='ocr_line' id='line_1_97' title="bbox 1505 3100 2466 3148; baseline 0.001 -11"><span class='ocrx_word' id='word_1_532' title='bbox 1505 3101 1732 3148; x_wconf 88' lang='lat' dir='ltr'>Episcopus</span> <span class='ocrx_word' id='word_1_533' title='bbox 1763 3102 1958 3148; x_wconf 89' lang='lat' dir='ltr'>Eliensis,</span> <span class='ocrx_word' id='word_1_534' title='bbox 1985 3102 2160 3139; x_wconf 88' lang='lat' dir='ltr'>demum</span> <span class='ocrx_word' id='word_1_535' title='bbox 2181 3100 2466 3148; x_wconf 85' lang='lat' dir='ltr'>Archiepisco-</span> 
     </span>
     <span class='ocr_line' id='line_1_98' title="bbox 1504 3157 2463 3209; baseline 0 -10"><span class='ocrx_word' id='word_1_536' title='bbox 1504 3173 1579 3209; x_wconf 87' lang='lat' dir='ltr'>pus</span> <span class='ocrx_word' id='word_1_537' title='bbox 1601 3163 1912 3200; x_wconf 84' lang='lat' dir='ltr'>Cantuariensis</span> <span class='ocrx_word' id='word_1_538' title='bbox 1933 3164 2037 3203; x_wconf 84' lang='lat' dir='ltr'>obiit</span> <span class='ocrx_word' id='word_1_539' title='bbox 2061 3157 2266 3201; x_wconf 80' lang='lat' dir='ltr'>Avinione</span> <span class='ocrx_word' id='word_1_540' title='bbox 2285 3173 2322 3201; x_wconf 82' lang='lat' dir='ltr'>a.</span> <span class='ocrx_word' id='word_1_541' title='bbox 2347 3161 2463 3200; x_wconf 79' lang='grc'><strong>1376.</strong></span> 
     </span>
     <span class='ocr_line' id='line_1_99' title="bbox 1507 3223 2461 3270; baseline 0.001 -10"><span class='ocrx_word' id='word_1_542' title='bbox 1507 3225 1679 3270; x_wconf 76' lang='lat' dir='ltr'>Scripsit</span> <span class='ocrx_word' id='word_1_543' title='bbox 1701 3225 1921 3263; x_wconf 75' lang='lat' dir='ltr'>Sermones</span> <span class='ocrx_word' id='word_1_544' title='bbox 1942 3227 1981 3262; x_wconf 83' lang='lat' dir='ltr'>et</span> <span class='ocrx_word' id='word_1_545' title='bbox 2003 3225 2050 3263; x_wconf 83' lang='lat' dir='ltr'>de</span> <span class='ocrx_word' id='word_1_546' title='bbox 2077 3223 2461 3265; x_wconf 72' lang='lat' dir='ltr'>Consuetudinibus.</span> 
     </span>
    </p>
   </div>
  </div>
 </body>
</html>
