2533 4009
428 196 505 232 526

422 264 489 299 lib.
522 263 550 296 I.
583 262 628 297 dc
669 256 933 295 detestatione
973 250 1180 288 avariciae
1221 250 1290 287 lib.
1333 250 1370 286 2.

421 327 562 362 contra
598 319 822 357 liam-etwas
856 314 922 352 lib.
956 314 1014 348 10.
1052 311 1369 349 Consolationem

417 382 681 433 paupertatis
712 381 749 415 et
781 377 1052 414 miseriarum
1073 370 1276 412 humanae
1305 375 1368 410 vi—

419 452 494 482 lae.
519 442 700 479 Buinaldi
724 440 918 475 Minerval
940 438 1196 472 Bononiense
1220 445 1257 481 p.
1273 434 1365 471 217.

419 505 583 542 ‹li-laudi
601 503 751 538 Notitiu
773 500 1023 545 scriptorum
1047 498 1364 534 Bononiensiuni

417 580 450 614 p.
481 567 570 602 ‘250-

469 629 581 663 Alius
613 626 736 670 liujus
767 624 943 659 nominis
971 622 1123 667 junior,
1154 622 1261 669 circa
1291 629 1364 655 an-

415 699 508 724 nuni
542 687 655 723 1350.
682 687 759 721 suit
791 686 922 731 Eques
944 682 1365 728 Hierosolymitanus,

413 752 599 795 quicum
639 748 816 793 Georgia
856 747 982 782 fratre
1025 744 1254 782 clm-onicon
1284 745 1362 780 Bo-

414 812 601 847 aonz'ensc
630 809 872 854 composuit.
896 806 1098 843 orlandus
1129 816 1166 851 p.
1198 805 1288 841 251.

465 870 794 906 'l‘HEODlJINL's
820 897 829 913 ,
879 869 968 904 vide
1026 867 1328 902 DEODUINUS
1352 895 1361 912 ,

411 941 533 977 supra
562 932 672 968 tomo
704 931 752 966 Il.
785 941 821 976 p.
855 930 945 966 438.

463 994 867 1038 THEODL'LPHI’S,
909 994 1133 1039 Episcopus
1176 993 1361 1028 Aurelia-

412 1061 568 1097 nensis,
598 1061 731 1094 seculo
754 1059 821 1093 IX.
845 1058 979 1093 Patria
1000 1057 1090 1102 ejus
1111 1057 1268 1092 incerta
1283 1057 1361 1093 est.

410 1122 544 1166 Vulgo
579 1121 724 1156 Italum
755 1119 969 1164 statuunt,
1010 1120 1106 1165 quia
1147 1119 1190 1154 in
1231 1120 1362 1155 veteri

406 1183 593 1219 chronico
632 1184 740 1229 apud
781 1182 1081 1226 Qum-octauum
1120 1182 1220 1218 tom.
1264 1182 1292 1216 1.
1324 1193 1360 1228 p.

402 1246 464 1280 36.
497 1246 666 1281 Carolus
701 1245 878 1290 Magnus
917 1246 1035 1280 illum
1065 1255 1116 1280 ex
1147 1244 1268 1280 Italia
1316 1245 1358 1280 in

402 1308 556 1344 Gallias
587 1308 809 1344 adduxisse
838 1308 1008 1352 legitur.
1032 1307 1128 1350 Quae
1151 1307 1362 1343 sententia

406 1369 508 1404 satis
535 1370 699 1406 inlirnia
731 1371 806 1406 est.
834 1369 919 1404 Non
953 1370 1095 1405 melior
1120 1370 1185 1405 est
1216 1369 1360 1415 altera,

404 1441 481 1476 qua
497 1432 769 1477 Mabillonius,
782 1432 865 1466 Nic.
879 1431 1145 1477 Antonius,et
1158 1432 1360 1468 Eccardus

407 1503 542 1529 rerum
562 1493 851 1529 Francicarum
869 1493 1096 1528 XXXVIII.
1114 1494 1202 1529 169.
1223 1495 1356 1541 ipsum

406 1555 632 1599 Hispanum
682 1555 838 1590 faciunt
863 1583 872 1600 ,
921 1557 1017 1600 quia
1067 1555 1358 1602 Theodulphus

403 1616 533 1652 Getici
565 1619 701 1663 populi
735 1619 930 1664 reliquias
961 1619 1003 1654 in
1044 1619 1242 1664 Hesperia
1271 1620 1358 1656 sive

404 1681 602 1725 Hispania
654 1682 975 1728 consanyece'neos
1033 1690 1128 1718 suos
1188 1682 1359 1718 vocavit.

404 1742 501 1777 Nam
534 1745 829 1790 consanqzcz'nec'
871 1754 945 1780 vox
978 1744 1254 1790 metaphorice
1289 1755 1360 1791 po-

405 1804 485 1838 sita
519 1813 609 1839 esse
652 1805 808 1849 potuit,
841 1815 912 1850 pro
954 1805 1137 1850 ejusdem
1180 1806 1275 1842 fidei
1317 1816 1362 1842 ac

404 1866 619 1910 religionis
667 1867 865 1902 consorte.
911 1866 1045 1912 Igitur
1093 1866 1224 1912 patria
1270 1867 1361 1911 ejus

402 1926 513 1961 certo
543 1926 721 1961 nondum
746 1928 809 1962 est
837 1928 1016 1972 cognita.
1044 1929 1275 1973 Antequam
1315 1930 1359 1964 in

405 1987 578 2023 Galliam
627 1989 786 2023 veniret
809 2016 818 2033 ,
868 1998 1035 2024 uxorem
1084 1989 1261 2035 habuit,
1309 2000 1359 2026 ex

407 2057 531 2093 eaque
563 2050 720 2085 Gislam
752 2051 897 2096 filiam,
929 2052 980 2086 ad
1017 2061 1139 2097 quain
1183 2052 1359 2089 Carmen

409 2108 474 2143 IV.
506 2110 595 2146 libri
627 2110 694 2144 111.
727 2112 924 2157 scripturn
965 2114 1041 2149 est.
1086 2113 1179 2148 Fuit
1220 2115 1356 2150 autem

406 2173 582 2216 primum
615 2174 750 2209 Abbas
782 2173 1072 2220 Floriacensis,
1095 2175 1201 2212 teste
1233 2176 1354 2212 Cata-

406 2235 499 2279 logo
529 2235 730 2270 Abbatum
762 2235 1084 2272 Floriacensium
1105 2237 1203 2273 tom.
1227 2238 1256 2272 I.
1282 2239 1357 2274 Mi-

405 2297 697 2331 scellaneorum
729 2296 883 2333 BaluZIi
914 2308 1010 2343 pag.
1034 2299 1124 2335 492.
1148 2299 1239 2345 post
1260 2301 1356 2346 Epi—

404 2366 546 2403 scopus
584 2361 904 2396 Aurelianensis.
957 2361 1149 2397 Interfuit
1201 2373 1225 2398 a
1264 2361 1355 2399 794.

404 2422 582 2457 ‹font-ilio
614 2421 952 2459 Francofurtensi
982 2427 1123 2460 contra
1153 2425 1354 2461 Felicem:

403 2484 514 2518 Auno
546 2484 635 2519 81].
666 2485 788 2520 testis
819 2486 897 2521 suit
927 2487 966 2521 in
989 2486 1239 2523 testamento
1277 2488 1353 2523 Ca-

406 2547 477 2581 roli
511 2547 558 2581 M.
590 2548 706 2593 Apud
736 2548 984 2584 Ludovicum
1015 2550 1130 2585 Pium
1175 2551 1354 2596 primum

403 2609 441 2642 in
474 2610 610 2653 gratia
631 2610 725 2655 suit,
753 2612 858 2656 post,
893 2622 1015 2657 quum
1039 2612 1247 2650 Bel-nardo
1271 2613 1354 2649 Ita-

404 2670 465 2704 lia·
499 2671 599 2716 Regi
633 2673 768 2717 inagis
799 2672 936 2707 favere
962 2674 1182 2720 videretur,
1204 2684 1227 2710 a
1259 2676 1351 2711 818.

403 2733 495 2767 sede
527 2742 601 2768 sua
621 2733 791 2778 ejectus,
813 2734 855 2769 et
876 2736 916 2769 in
939 2735 1037 2770 urbe
1059 2736 1354 2781 Andegavensi

401 2796 549 2830 carceri
581 2796 759 2830 inclusus
790 2795 881 2840 suit,
913 2798 1008 2841 quia
1030 2807 1124 2833 vero
1160 2799 1352 2835 Innocen-

403 2855 503 2890 tiam
535 2866 650 2892 suarn
681 2858 918 2894 constanter
948 2860 1163 2906 tuebatur,
1195 2872 1230 2896 a.
1263 2863 1352 2898 821.

405 2919 618 2955 restitutus
648 2921 727 2965 est,
759 2930 837 2966 quo
879 2923 1004 2957 etiam
1049 2924 1161 2959 obiit.
1206 2925 1353 2970 Epita-

407 2979 544 3022 phium
576 2982 666 3025 eJus
700 2982 829 3018 edidit
872 2984 1129 3020 Mabillonius
1169 2986 1352 3021 Analect.

407 3042 501 3077 toni.
536 3044 548 3077 Ι
595 3055 689 3090 pag.
722 3047 816 3081 426.
848 3048 914 3083 ubi
949 3049 1039 3085 vide
1071 3049 1358 3086 annotationes

410 3114 444 3147 p.
478 3106 564 3140 4:33.
597 3108 686 3142 434.
718 3110 758 3144 in
790 3110 968 3147 editione
1000 3111 1149 3147 recent.
1194 3123 1231 3158 p.
1263 3113 1355 3149 377.

411 3166 500 3199 2378.
531 3173 570 3202 et
601 3169 820 3207 Eccardum
853 3175 878 3208 l.
909 3183 941 3207 c.

470 3228 597 3272 Opera
634 3232 723 3275 ejus
763 3235 1014 3278 conjunctim
1055 3237 1167 3273 edita
1197 3238 1293 3274 sunt
1333 3249 1357 3274 a

412 3287 556 3323 Jacobs)
599 3292 835 3339 Sil-mondo,
881 3298 995 3334 Paris
1045 3300 1154 3336 1646.
1198 3302 1233 3335 8.
1267 3301 1359 3347 post

1223 180 1555 235 'rHaODmNUs

1445 252 1485 286 in
1515 248 1714 295 Operibus
1743 247 1870 294 huJus
1899 248 2093 296 repet-ita,
2116 248 2305 296 sequenti
2332 259 2398 286 or-

1443 312 1537 347 dIne
1556 322 1564 345 :

1552 373 1586 408 1.
1635 371 1830 418 Capitale
1869 373 1923 410 ad
1964 372 2238 420 Presbyteros
2270 382 2400 421 paro-

1441 435 1557 472 chiae
1585 443 1698 471 suae.
1731 433 1853 470 Edita
1884 436 1981 471 sunt
2010 437 2190 482 primum
2220 446 2244 472 a
2273 435 2399 473 Baro-

1439 498 1506 532 1110
1535 497 1585 532 ad
1614 505 1770 532 annum
1800 494 1893 532 835.
1915 506 2027 533 1111111.
2050 497 2088 534 5.
2110 497 2257 534 deinde
2288 507 2313 533 a
2331 497 2394 533 Jo.

1439 558 1583 594 Busieo
1612 567 1704 593 cum
1734 557 1935 603 Epistolis
1957 560 2167 596 Hincmari
2188 560 2398 597 Rhemen-

1442 621 1515 665 sis,
1546 620 1773 665 Moguntiae
1798 619 1915 656 1602.
1937 621 1974 656 8.
1997 631 2116 667 porro
2137 631 2161 658 a
2183 622 2398 659 Sirmondo

1439 684 1538 718 10111.
1572 682 1620 717 ΙΙ.
1653 682 1936 718 Conciliorum
1966 682 2114 720 Galliae
2144 693 2183 729 p.
2206 683 2298 720 211.
2329 685 2399 730 qui

1437 748 1563 791 longe
1595 744 1830 781 accuratius
1860 745 1913 781 ad
1933 754 2087 781 annum
2109 743 2202 782 797.
2225 746 2297 782 aut
2316 747 2398 782 cir—

1434 807 1536 844 citer
1569 807 1779 843 reserenda
1808 816 1899 844 esse
1942 806 2097 844 censet.
2140 807 2391 854 Spelmanno

1434 871 1546 906 tomo
1578 870 1608 905 I.
1651 870 1928 906 Conciliorum
1972 879 2010 916 p.
2053 868 2145 905 584.
2187 869 2398 906 Harduino

1435 934 1535 969 tom.
1568 932 1635 968 IV.
1658 943 1695 978 p.
1719 932 1811 968 911.
1834 931 2025 968 Canones
2047 932 2118 968 IX.
2134 931 2307 969 Concilii
2326 931 2395 968 VI.

1435 995 1710 1035 oecumenici,
1753 995 1824 1041 qui
1863 994 1965 1031 tom.
2008 994 2080 1030 III.
2122 994 2398 1032 conciliorum

1438 1057 1638 1093 Harduini
1684 1056 1890 1093 habentur
1939 1067 1979 1103 p.
2033 1056 2150 1094 1711.
2193 1057 2398 1105 suppositi

1437 1119 1550 1165 sunt,
1581 1119 1623 1156 et
1654 1119 1738 1156 sere
1759 1119 1841 1155 toti
1860 1128 1910 1156 ex
1929 1119 1996 1156 his
2019 1118 2225 1166 Capitulis
2243 1120 2399 1156 exscri-

1439 1183 1513 1229 pti.
2332 1188 2345 1196 “

1544 1245 1581 1283 2.
1614 1245 1671 1282 De
1702 1245 1849 1282 ordine
1880 1243 2095 1292 baptismi,
2128 1244 2199 1290 qui
2225 1244 2330 1281 liber
2360 1253 2396 1280 a.

1435 1309 1527 1345 812.
1556 1307 1813 1353 conscriptus
1843 1306 1937 1352 est,
1982 1315 2110 1353 quum
2150 1305 2318 1342 Carolus
2348 1306 2397 1342 M.

1434 1373 1481 1407 de
1522 1371 1597 1406 hae
1639 1380 1682 1406 re
1722 1368 1970 1416 cogitasset.
2014 1368 2218 1405 Eccardus
2259 1376 2398 1405 rerum

1434 1432 1619 1468 Francic.
1651 1430 1844 1466 XXVIII.
1879 1430 1939 1466 18.
1972 1429 2200 1475 Inscriptus
2219 1427 2284 1466 est
2313 1429 2400 1466 Ma-

1440 1505 1523 1541 gno
1548 1495 1774 1531 Senonensi
1790 1493 2124 1539 Archiepiscopo,
2145 1493 2188 1528 in
2207 1501 2289 1528 uno
2304 1501 2399 1529 vero

1437 1557 1583 1593 Codice
1615 1556 1865 1592 Corbeiensi.
1897 1563 1948 1591 ex
1977 1564 2055 1600 qno
2098 1553 2317 1590 Menardus
2346 1554 2398 1591 ad

1442 1619 1591 1655 librum
1623 1615 1981 1652 sacramentorum
2011 1615 2205 1662 Gregorii
2223 1616 2275 1651 M.
2308 1614 2400 1663 (Pa-

1435 1681 1506 1716 rls.
1542 1678 1657 1715 1642.
1690 1676 1742 1725 4.)
1776 1687 1813 1723 p.
1848 1677 1937 1713 112.
1961 1676 2108 1723 edidit,
2129 1676 2277 1712 Joanni
2296 1677 2398 1712 Are-

1436 1742 1604 1788 latensi,
1635 1741 1741 1787 quod
1763 1740 2005 1777 sirmondus
2027 1739 2219 1775 mendose
2241 1737 2396 1775 factum

1433 1804 1683 1849 crediderat,
1701 1801 1969 1838 Mabillonius
1990 1809 2089 1836 vero
2108 1799 2210 1836 tom.
2232 1799 2263 1836 Ι.
2284 1800 2398 1836 Ana-

1435 1867 1526 1904 lect.
1557 1878 1595 1913 p.
1627 1866 1692 1904 24.
1727 1864 1847 1913 (edit.
1875 1873 1993 1901 novae
2023 1874 2063 1910 p.
2095 1861 2188 1911 ²76.)
2220 1872 2310 1900 rem
2338 1863 2398 1900 sic

1435 1928 1663 1976 expedivit,
1681 1928 1728 1964 ut
1747 1929 1915 1964 diversa
1937 1928 2129 1973 exempla
2147 1926 2310 1973 utrique
2330 1927 2397 1962 in-

1440 1991 1597 2038 scripta
1624 2000 1715 2027 esse
1745 1988 1982 2027 contendat.

1542 2053 1578 2089 3.
1610 2053 1668 2089 De
1702 2051 1875 2100 Spiritu
1907 2050 2079 2097 Sancto,
2103 2051 2221 2096 liber,
2244 2059 2279 2086 a.
2301 2050 2394 2087 809.

1433 2115 1582 2152 editus.
1613 2114 1655 2151 et
1685 2113 1805 2150 Cario
1836 2114 1889 2149 M.
1920 2111 2162 2159 inscriptus.
2192 2112 2296 2149 Nam
2326 2112 2396 2148 illo

1435 2188 1542 2214 anno
1573 2178 1615 2214 in
1646 2176 1831 2212 Concilio
1862 2174 2197 2222 Aquisgranensi
2221 2173 2270 2210 de
2299 2182 2396 2220 pro—

1429 2241 1615 2277 cessione
1646 2238 1825 2286 Spiritus
1857 2238 1896 2274 S.
1928 2236 2066 2274 actum
2107 2235 2255 2272 fuerat.
2291 2235 2395 2272 Vide

1431 2303 1656 2340 Eccardum
1686 2300 1855 2337 XXVII.
1888 2299 1952 2335 63.

1540 2368 1575 2403 4.
1613 2365 1815 2402 Carmina
1845 2364 1888 2399 in
1922 2363 2050 2400 libros
2079 2361 2148 2398 VI.
2180 2360 2395 2407 distIncta,

1429 2432 1476 2466 de
1499 2430 1647 2476 quibus
1669 2425 1856 2464 accurate
1888 2424 1991 2462 satis
2011 2425 2105 2471 agit
2124 2424 2264 2470 Polyc.
2285 2423 2395 2469 Ley-

1433 2502 1549 2529 serus
1579 2493 1621 2528 in
1657 2490 1834 2526 historia
1862 2489 2078 2525 Poetarum
2110 2487 2236 2524 medii
2255 2487 2336 2524 aevi
2355 2496 2395 2532 p.

1431 2554 1524 2592 223.
1555 2563 1665 2600 seqq.
1697 2553 1758 2589 ita
1789 2553 1944 2598 tamen,
1979 2551 2026 2587 ut
2065 2550 2253 2598 quaedam
2295 2559 2393 2596 sup-

1431 2617 1534 2663 pleri
1574 2614 1762 2652 debeant.
1806 2613 2070 2650 Paraenesin
2118 2613 2172 2650 ad
2208 2611 2393 2657 Melicos,
2460 2664 2463 2666 -

1428 2690 1517 2726 quie
1549 2680 1699 2716 librum
1731 2678 1759 2713 I.
1789 2677 2032 2722 constituit,
2066 2676 2138 2713 sed
2167 2675 2288 2712 initio
2319 2675 2393 2712 de-

1430 2741 1624 2778 stitutum
1646 2740 1777 2777 edidit
1806 2739 1981 2776 Lutetiae
2008 2738 2094 2776 Pet.
2116 2738 2278 2775 Daniel.
2300 2735 2395 2783 post

1428 2805 1526 2841 Gev.
1561 2802 1890 2840 Elmenhorstius
1918 2802 2051 2849 Lugd.
2082 2801 2172 2837 Bat.
2205 2800 2323 2836 1618.
2355 2800 2392 2836 4.

1429 2876 1546 2911 porro
1570 2865 1693 2900 Andr.
1719 2865 1893 2900 Riv‘inns
1913 2874 2008 2900 cum
2036 2862 2282 2910 quibusdam
2303 2871 2392 2898 car-

1435 2929 1617 2964 minibus
1647 2937 1696 2963 ex
1738 2927 1904 2963 Canisio
1943 2926 1985 2963 et
2023 2926 2126 2963 Bibl.
2168 2925 2242 2960 PP.
2275 2923 2394 2960 Colo-

1433 2992 1566 3027 niensi
1596 2990 1707 3035 Lips.
1742 2989 1857 3026 1653.
1888 2989 1925 3025 8.
1955 2998 2037 3025 una
2056 2997 2151 3024 eum
2173 2986 2393 3033 Drepanio,

1427 3052 1546 3088 Floro
1567 3051 1609 3088 et
1635 3053 1743 3087 aliis.
1769 3047 2140 3088 Postea'Oarmina
2161 3047 2198 3084 X
2215 3048 2390 3085 inedita.

1430 3115 1588 3160 primus
1617 3113 1733 3150 dedit
1762 3113 2024 3150 Mabillonius
2045 3112 2196 3148 Annal.
2225 3109 2328 3146 tom.
2359 3109 2388 3145 Ι.

1429 3186 1466 3222 p.
1497 3174 1574 3212 376
1607 3185 1690 3221 seq.
1725 3174 1861 3222 (edit.
1895 3184 2013 3210 novae
2045 3183 2083 3219 p.
2116 3170 2242 3218 410.)
2283 3170 2390 3218 Epi-

1431 3239 1669 3283 flammata
1698 3238 1778 3274 duo
1808 3236 2002 3272 Baluzius
2043 3235 2213 3272 Miscell.
2256 3233 2326 3269 lib.
2357 3231 2389 3267 1.

1432 3310 1468 3345 p.
1501 3300 1590 3335 492.
1624 3299 1714 3334 493.
1744 3299 1933 3343 Hymnos
1955 3297 2092 3334 autem
2111 3297 2213 3334 duos
2234 3295 2282 3333 de
2302 3293 2388 3334 Na-
