2517 4009
824 219 1366 262 TllOMASELLUS

104 298 243 339 dovico
273 299 399 352 Rege,
423 298 539 338 novis
561 296 715 350 legibus
739 297 915 347 scriptis,
944 305 1054 346 repa-

104 363 220 410 ravit,
244 362 292 402 ab
316 363 547 401 Innocentio
573 362 633 400 IV.
660 373 762 401 anno
788 359 901 400 124&
926 359 1054 398 Ponti-

104 425 247 465 ficatus
279 427 322 465 11.
367 427 404 464 in
441 426 612 465 Concilio
652 424 903 475 Lugdunensi
943 420 1055 460 evul-

108 493 224 539 gatus
253 487 464 539 Presbyter
488 488 706 528 Cardinalis
735 486 863 526 Titulo
892 487 931 524 S.
955 484 1053 523 Cru-

105 553 166 590 cis
184 551 221 589 in
242 552 508 599 Hierusalem,
529 556 568 591 et
593 551 924 602 Archiepiscopus
953 549 1053 586 Tua-

105 614 255 653 mensis
297 615 334 652 in
376 615 576 665 Hibernia,
607 614 783 654 doctrina
827 617 866 652 et
909 611 1053 650 sancti-

103 679 185 715 tate
208 676 340 716 clarus
377 676 550 717 decessit
582 689 685 717 anno
712 676 814 717 4249
839 675 979 714 aetatis
1004 672 1054 711 66

104 737 190 778 Κ31.
222 740 472 789 Novembris,
506 752 597 780 cum
623 741 791 792 posteris
825 736 1056 777 tradidisset

105 800 146 841 in
163 801 371 843 Canticum
385 803 620 855 Maqnificat
636 801 931 844 Commentaria
946 799 1056 839 libris

105 864 272 916 duobus,
291 865 332 906 in
352 877 481 906 omnes
508 865 684 907 Psalmos
706 863 914 904 Davidicos
937 862 1057 902 libros

105 941 262 979 novem,
286 930 533 982 totidemque
557 930 598 969 in
617 927 836 981 Epistolam
865 925 984 966 Pauli
1006 924 1061 965 ad

104 991 318 1034 Hebraeos.
337 995 470 1033 Libros
488 995 580 1032 item
599 1004 742 1032 novem
763 991 803 1030 in
824 991 1060 1042 Maqistrum

107 1057 568 1104 Sententiarum,librum
588 1068 710 1097 unum
731 1054 777 1094 de
792 1053 1063 1094 incarnatione

113 1119 268 1160 Christi
305 1127 446 1160 contra
487 1118 712 1168 Hebraeos,
754 1123 794 1158 et
832 1119 1065 1158 Sermonum

103 1181 412 1223 Adventualium
433 1182 573 1222 librum
591 1183 774 1223 alterum.
803 1180 912 1221 Haec
934 1179 1064 1220 Oldoi·

106 1255 184 1285 nus
208 1247 246 1284 in
272 1245 478 1285 Athenaeo
506 1247 679 1285 Romano
701 1258 736 1297 p.
762 1244 854 1285 634.

164 1307 366 1349 THOMAS
391 1308 438 1349 de
469 1307 730 1357 Zacchariis,
755 1307 1060 1356 Cremonensis,

105 1370 319 1411 Medicinae
343 1382 389 1411 30
412 1371 681 1423 Philosophiae
709 1372 865 1416 Doctor,
904 1370 1061 1421 linguae

106 1433 290 1482 Graecae,
313 1434 536 1483 Hebraicae,
557 1435 744 1485 Syriacae
764 1445 809 1474 ac
829 1432 1064 1473 Chaldaieae-

105 1496 317 1543 Professor,
333 1496 428 1536 obiit
443 1498 719 1547 octogenarius
735 1508 768 1535 a.
782 1495 885 1536 1368
902 1495 1062 1546 scripsit

107 1559 156 1600 de
166 1562 292 1613 partu
308 1558 520 1600 mulierum
545 1557 608 1599 lib.
627 1561 651 1600 5
676 1559 723 1599 de
747 1570 867 1599 coena
889 1561 927 1598 et
939 1568 1064 1611 pran-

106 1621 169 1662 dio
207 1620 274 1663 lib.
310 1623 348 1663 2.
380 1627 421 1662 et
444 1624 640 1675 quaedam
675 1623 723 1662 ad
760 1634 843 1662 rem
872 1621 1063 1662 medicam

108 1686 346 1737 pertinentia
383 1698 434 1725 ex
474 1686 648 1726 Hebraeo
688 1686 906 1726 transtulit.
948 1683 1064 1724 Arisii

109 1748 304 1789 Cremona
323 1748 475 1788 literata
501 1754 595 1789 tom.
621 1751 648 1788 I.
676 1762 710 1801 p.
737 1749 822 1790 176.

162 1811 527 1852 THOMASEl.LUS
562 1811 609 1851 de
635 1812 819 1861 Perusz‘o,
843 1812 927 1851 ord.
953 1813 1064 1850 Prae-

110 1874 329 1914 dicatorum
363 1875 467 1914 circa
491 1886 524 1914 a.
551 1874 655 1914 1285
678 1876 836 1927 scripsit
866 1874 1065 1915 Commen-

112 1936 261 1977 tarium
285 1936 326 1976 in
346 1937 580 1989 Mayz'strum
601 1937 905 1977 Sententiarum.
933 1937 1069 1984 Quetit'

111 1998 159 2039 de
182 1999 446 2052 Scriptoribus
468 2001 552 2039 ord.
577 2001 892 2040 Praedicatorum
917 2006 1011 2041 tom.
1036 2003 1064 2040 Ι.

109 2074 148 2114 p.
173 2062 264 2103 hol.
297 2064 469 2103 Jacobilli
494 2063 590 2103 Bibl.
615 2063 797 2103 Umbriae
818 2076 854 2115 p.
879 2064 968 2105 261.
1000 2064 1066 2104 Ol-

79 2123 215 2187 ⁸doini
235 2125 486 2166 Athenaeum
506 2125 734 2176 Augustum
762 2139 798 2178 p.
819 2126 910 2166 316.

164 2188 485 2229 THOMASINUS
527 2187 768 2243 Aribertus,
813 2190 903 2231 vide
947 2202 1065 2243 supra

118 2250 281 2292 Thomas
306 2250 534 2293 Aribertus.

166 2316 483 2357 THOMASINUS
507 2317 553 2357 de
575 2317 788 2368 Ferraria,
813 2317 896 2358 ord.
916 2318 1072 2358 Praedi-

113 2383 292 2420 catorum
311 2379 448 2418 Theoi.
464 2381 647 2430 Magister
667 2382 770 2421 circa
788 2394 823 2421 a.
839 2382 954 2422 1390.
975 2381 1071 2431 Ejus

115 2447 211 2482 sunt
235 2442 349 2482 haec:
380 2440 613 2481 Thomasz'na
637 2453 667 2482 s.
711 2443 990 2497 Compendium
1028 2442 1073 2482 li-

117 2502 288 2544 brorum
310 2504 339 2542 I.
362 2504 414 2544 II.
437 2508 472 2544 et
494 2505 569 2544 III.
596 2507 635 2546 S.
663 2504 827 2545 Thomae
852 2506 892 2545 in
915 2508 1073 2547 Senten-

118 2567 209 2617 tias,
233 2569 442 2608 Sermones
466 2568 864 2620 Qufflraqesimdes,
892 2570 1070 2620 impressi

122 2631 258 2671 Colon.
279 2643 348 2683 per
370 2631 428 2670 J0.
449 2630 626 2679 Koelh0f‚
651 2630 753 2671 itm
778 2632 841 2671 fol.
867 2631 1075 2672 Sermones

119 2693 166 2734 de
192 2698 365 2746 tempore
399 2698 436 2734 et
458 2695 625 2735 Sanctis.
653 2695 788 2742 Quotif
810 2695 832 2734 l.
858 2707 892 2734 c.
913 2707 948 2746 p.
984 2695 1072 2734 700.

129 2757 333 2798 Altamura
368 2758 465 2798 Bibl.
494 2760 749 2798 Dominicana
776 2770 812 2809 p.
847 2759 935 2798 442.
975 2758 1074 2810 Aug.

126 2821 332 2874 Superbus
346 2821 395 2862 de
415 2822 511 2862 viris
529 2822 749 2862 illustribus
763 2821 1078 2862 Ferrariensibus

66 2900 74 2909 ·
123 2896 160 2937 p.
195 2883 260 2925 25.

175 2946 532 2990 THOMASUCIUS
555 2961 576 2989 e
600 2949 709 2990 Valle
736 2950 942 2990 Macinaria
964 2949 1077 3000 juxta

125 3007 349 3054 Nuceriam,
375 3013 480 3051 tertii
503 3011 663 3052 Ordinis
689 3014 726 3052 S.
751 3013 960 3058 Francisci‚
985 3013 1079 3051 obiit

126 3072 345 3123 Fulginiae,
371 3075 572 3114 miraculis
607 3081 646 3113 et
675 3075 876 3125 prophetia
913 3074 1080 3113 celebris

127 3135 166 3175 d.
202 3134 250 3175 15
284 3136 379 3186 Sept
434 3137 532 3175 1377
573 3142 612 3175 et
657 3139 789 3176 Beatis
833 3141 1079 3176 accensetur.

125 3199 382 3249 praescripsit
400 3200 559 3238 metrice.
583 3200 731 3238 Ruinas
753 3199 970 3238 multarum
985 3197 1081 3238 civi-

130 3264 256 3301 tatum
285 3260 424 3301 Italiae
461 3266 498 3301 et
530 3260 822 3301 tribulationem
863 3261 1081 3312 Ecclesiae,

128 3328 342 3376 antequam
368 3327 589 3373 evenirent,
614 3331 654 3364 et
676 3331 809 3376 postea
834 3325 1080 3377 adimpletas,

131 3386 334 3441 Fulginiae
356 3400 392 3430 3.
431 3387 534 3430 1566
566 3394 606 3430 et
640 3388 741 3431 ⁴627
777 3400 867 3431 cum
892 3389 980 3443 eJ‘us
1001 3391 1080 3431 vita

2007 216 2083 258 559

1128 295 1356 346 impressas.
1385 292 1632 345 Waddingus
1656 291 1705 332 de
1730 292 1874 344 Script.
1901 289 1994 332 Ord.
2019 291 2086 330 Mi-

1128 369 1281 397 norum.
1309 358 1483 396 Jacobilli
1508 357 1604 396 Bibl.
1632 357 1812 396 Umbriae
1838 368 1872 407 p.
1899 356 1988 395 261.

1182 421 1284 473 (329)
1311 420 1406 459 Vide
1449 421 1534 459 Vita
1563 419 1626 459 del
1662 420 1704 457 B.
1740 418 1990 458 Tomasuccio
2026 415 2089 456 del

1131 483 1228 521 terz'
1250 482 1396 522 Ordine
1431 484 1472 523 di
1493 484 1532 523 S.
1562 483 1780 521 Francesco
1816 480 2003 521 descritta
2033 479 2085 519 da

1130 545 1219 584 Lod.
1243 544 1617 593 Jacobilli,secomla
1643 545 1741 585 ediz.
1761 542 2091 596 l‹'ol19no.Alterii

1130 607 1246 647 leti.
1265 608 1298 647 Ῑι.
1319 609 1449 659 ibique
1472 609 1698 660 prophetias
1718 609 1927 660 rythmice,
1949 618 2091 646 verna-

1131 671 1222 709 culo
1253 681 1348 710 vero
1383 682 1567 711 sermone
1586 702 1595 720 ,
1619 684 1700 723 quo
1726 676 1881 711 tantum
1908 681 1975 710 eas
1999 681 2091 710 con-

1131 735 1305 784 scripsit.

1183 797 1494 845 TllOMELLUS,
1519 798 1609 838 vide
1638 796 1838 838 Tomellus.

1185 860 1593 902 THOROMMACHUS
1618 863 1857 913 Episcopus,
1883 874 1932 902 ex
1974 860 2091 912 cujus

1134 925 1326 965 Chronica
1352 924 1500 964 Graeca
1531 925 1721 965 collectus
1745 930 1808 964 est
1839 925 1936 965 liber
1956 926 2018 964 lV.
2053 928 2093 964 et

1135 988 1465 1029 V1.Collectionis
1483 990 1697 1028 Historicae
1710 988 2092 1040 Chronographicae,

1137 1056 1231 1091 tom.
1257 1052 1305 1091 Il.
1331 1052 1423 1092 Ant.
1449 1053 1552 1092 Lect.
1577 1053 1720 1092 Canisii
1755 1057 1855 1104 part.
1888 1054 1922 1091 1.
1945 1064 1981 1103 p.
2004 1049 2092 1091 195.

1138 1116 1324 1156 Ostendit
1348 1120 1481 1156 autern
1508 1116 1574 1155 Vir
1598 1115 1888 1156 Celeberrimus
1917 1115 1998 1154 130.
2021 1115 2096 1153 Ba-

1138 1181 1300 1231 snagius
1336 1181 1371 1219 in
1415 1180 1693 1219 observatione
1736 1181 1893 1231 praevia
1929 1191 1964 1231 p.
2004 1178 2093 1218 151.

1139 1244 1339 1283 neminem
1365 1243 1505 1291 alium,
1545 1254 1666 1294 quam
1700 1242 1933 1294 Gregorium
1972 1242 2094 1281 Turo-

1137 1318 1304 1347 nensem
1331 1306 1506 1357 intelligi.
1532 1307 1628 1345 Nam
1663 1305 1885 1346 Toronacus
1920 1316 1989 1357 pro
2015 1306 2093 1344 Tu-

1136 1370 1295 1409 ronensi
1341 1370 1501 1419 saepius
1540 1368 1712 1407 scribere
1751 1369 1940 1408 solebant.
1983 1367 2092 1414 Quae

1139 1444 1232 1471 vero
1253 1433 1288 1471 in
1316 1432 1458 1472 Codice
1481 1433 1628 1471 Petavii
1647 1432 1848 1471 Senatoris
1859 1431 2089 1470 parisiensis

1137 1495 1193 1534 sic
1212 1496 1411 1547 leguntur:
1428 1494 1674 1548 Eoecerptum
1690 1494 1736 1534 cle
1756 1493 1950 1535 Chronica
1969 1492 2088 1545 Grey.

1142 1556 1376 1606 Thoronacz}
1392 1571 1436 1598 ea
1455 1558 1690 1610 Codex‚quo
1709 1569 1806 1598 usus
1824 1562 1885 1597 est
1898 1557 2093 1606 Canisius,

1138 1622 1194 1660 sic
1232 1622 1482 1662 immutavit.-
1522 1621 1771 1675 Eoecerptum
1811 1620 1858 1661 cle
1897 1619 2094 1661 Chronica

1143 1683 1299 1724 Graeca
1339 1684 1599 1725 Thoromachi
1636 1684 1818 1738 Episcopi
1857 1684 1965 1732 Quae
1998 1695 2092 1723 vero

1139 1747 1212 1787 hoc
1233 1748 1329 1787 libro
1354 1753 1588 1798 narrantur,
1615 1760 1690 1788 non
1717 1749 1866 1788 Graeca
1887 1752 1998 1792 sunt,
2022 1746 2093 1786 sed

1137 1810 1416 1862 occidentalia,
1434 1816 1474 1852 et
1487 1823 1588 1864 quae
1613 1812 1849 1864 plerumque
1874 1812 1911 1850 in
1930 1811 2094 1850 Francia

1138 1876 1405 1925 contigerunt.

1193 1937 1502 1978 THURINGIAE
1526 1937 1864 1989 Landgraviorum
1883 1936 2090 1976 historiam

1139 1998 1248 2039 dedit
1284 2000 1540 2052 Anonymus,
1565 2013 1685 2052 quem
1722 2000 1883 2052 quidam
1923 2000 2096 2051 Erpher-

1140 2063 1435 2114 phordiensem,
1452 2065 1513 2103 alii
1532 2063 1994 2103 Reinhardsbornensem
2015 2074 2096 2101 mo-

1140 2126 1311 2166 nachum
1333 2132 1488 2177 vocant,
1509 2127 1557 2166 ab
1573 2127 1721 2179 origine
1745 2128 1874 2178 gentis
1895 2137 2022 2178 usque
2047 2125 2095 2164 ad

1141 2201 1172 2229 3.
1201 2189 1305 2230 tlt-26
1328 2190 1460 2230 editus
1479 2202 1500 2229 a
1524 2192 1582 2229 J0.
1609 2191 1772 2229 Pistorio
1795 2195 1886 2229 tom.
1915 2191 1944 2229 1.
1966 2200 2103 2228 rerum

1141 2253 1468 2294 Germanicarum
1510 2266 1546 2305 p.
1584 2254 1661 2293 908
1698 2265 1746 2293 ex
1774 2252 1915 2293 Codice
1941 2254 1978 2291 in
2016 2253 2103 2303 qui-

1142 2316 1310 2355 busdam
1327 2318 1501 2356 auctiore
1515 2322 1554 2356 et
1570 2316 1844 2356 emendatiore
1860 2328 1880 2356 a
1904 2317 1963 2355 J0.
1984 2314 2106 2354 Geor-

1146 2381 1206 2431 gio
1231 2379 1406 2419 Eccardo
1431 2381 1467 2419 in
1490 2381 1658 2420 Historia
1676 2379 1937 2431 Genealogica
1963 2378 2111 2418 Princi-

1147 2455 1240 2495 pum
1267 2444 1459 2482 Saxoniae.
1482 2444 1698 2495 superioris
1723 2455 1758 2494 p.
1782 2442 1871 2483 351.

1200 2505 1389 2545 Nicolaus
1413 2505 1687 2546 Mar-schalom
1705 2505 1940 2545 THURIUS.
1953 2505 2008 2543 De
2028 2503 2102 2544 boc

1149 2570 1287 2619 scripsi
1336 2569 1735 2609 Dissertatiunculam
1775 2580 1811 2608 3.
1854 2567 1968 2607 1733.
2010 2567 2100 2606 Viro

1149 2633 1428 2684 Amplissimo,
1459 2634 1518 2672 J0.
1555 2633 1704 2672 Danieli
1737 2630 1966 2680 Schadaeo‚
1995 2631 2105 2679 JCto,

1150 2707 1273 2735 novos
1319 2696 1486 2734 honores
1504 2725 1513 2741 ,
1537 2707 1660 2747 quum
1707 2697 1788 2746 ipse
1838 2696 1887 2733 in
1920 2705 2108 2745 supremo

1149 2760 1474 2799 Provocationem
1499 2759 1660 2798 consilio
1691 2758 1820 2798 locum
1846 2757 2109 2804 obtinuisset,

1151 2822 1387 2874 gratulatus.
1411 2823 1511 2870 Quia
1534 2834 1627 2861 vero
1652 2821 1876 2868 observavi,
1897 2820 1969 2860 hoc
1990 2819 2104 2859 sche-

1151 2885 1262 2934 dion,
1299 2897 1428 2937 neque
1453 2886 1543 2925 Viro
1571 2896 1748 2933 summo,
1769 2886 1827 2923 J0.
1849 2884 2009 2923 Alberto
2040 2884 2109 2922 Fa-

1152 2949 1285 2997 bricio,
1304 2961 1433 3000 neque
1463 2949 1551 2987 Viro
1568 2948 1729 2996 lllustri‚
1749 2949 1920 2987 Ernesto
1937 2946 2112 2986 Joachim

1153 3011 1201 3049 de
1228 3011 1500 3062 Westphalen,
1526 3011 1591 3061 qui
1619 3023 1744 3061 nuper
1770 3011 1983 3060 scriptores
2005 3010 2111 3049 Cim—

1154 3074 1282 3112 bricos
1327 3079 1367 3112 et
1416 3072 1777 3124 Meeklenburgicos
1822 3071 1932 3110 nobis
1975 3071 2110 3121 dedit,

1158 3141 1294 3176 notum
1319 3137 1459 3183 fuisse,
1488 3137 1673 3187 quamvis
1699 3136 1891 3187 posterior
1915 3134 2111 3186 quaedam

1156 3199 1203 3238 de
1241 3200 1303 3238 illo
1330 3200 1539 3238 rescivisse
1568 3198 1744 3238 videtur:
1771 3204 1897 3238 totum
1924 3197 2019 3237 illud
2047 3197 2110 3237 bic

1156 3267 1346 3314 repetere,
1372 3266 1411 3301 et
1435 3261 1706 3302 additionibus
1732 3264 1846 3302 novis
1872 3261 2113 3312 locupletare

1157 3326 1296 3378 placet.
1314 3326 1416 3365 Ante
1441 3326 1569 3364 omnia
1596 3336 1687 3365 vero
1710 3326 1927 3366 notandum
1953 3329 2027 3374 est,
2049 3337 2110 3365 me

1158 3389 1281 3430 multa
1298 3387 1442 3431 debere
1465 3389 1728 3430 Bibliothecae
1753 3386 1972 3430 Historicae
1998 3389 2116 3429 Ham-
