2533 4009
467 272 540 312 194

466 345 540 381 593
570 347 608 379 et
628 339 730 377 bulla
751 336 798 373 ab
824 330 1048 371 Innocentio
1073 330 1155 367 Ylll
1194 330 1268 367 Au.
1291 330 1406 368 4484.

467 404 671 453 publicata.
694 408 777 447 pag.
812 394 898 431 673.
934 391 1044 430 Adde
1078 392 1134 429 sis
1156 386 1355 429 oudinum
1376 394 1404 427 t.

467 467 503 503 3,
527 475 608 513 pag.
635 459 748 497 ζ2695.

519 528 534 545 V
565 524 619 560 Jo.
651 522 710 557 Fr.
734 517 781 554 de
813 515 974 553 Pavinis
1003 514 1051 553 de
1082 513 1209 553 Padua
1240 514 1272 551 J.
1299 514 1342 551 U.
1367 517 1406 550 et

465 589 501 625 S.
528 582 656 622 leol.
679 581 787 617 noct.
808 578 953 626 Sacriq.
977 576 1108 614 Palatii
1133 575 1287 614 audit-or
1312 575 1405 612 Tra-

465 646 589 684 ctatus
624 638 893 680 l'isitationum
923 637 1064 688 prodiit
1094 637 1299 675 vetustiss.
1326 634 1408 673 edi—

465 709 578 745 tione.
609 701 676 740 sed
701 701 850 750 absque
874 699 1124 737 adnotatione
1149 699 1219 736 loci
1242 703 1281 735 et
1306 701 1405 734 tem-

464 768 578 817 poris.
611 761 782 802 Consilia
811 763 954 799 Romae.
987 761 1100 798 4478.
1125 760 1187 797 fol.
1206 759 1261 796 De
1285 757 1407 811 officio

465 832 501 866 et
525 828 712 876 potestate
737 820 912 873 Capituli
938 820 1026 859 secie
1062 824 1228 865 vacante
1264 821 1408 857 Romae

465 889 578 927 4484.
608 885 790 938 Repetitio
809 884 985 922 rubricae
1015 887 1054 920 et
1083 893 1167 932 cap.
1194 883 1228 919 4.
1249 880 1294 919 de
1313 892 1411 932 pro-

463 949 603 987 bation.
635 949 780 986 Pisciae
824 946 938 984 4490.
970 942 1109 982 Glossa
1138 943 1323 981 Guilelmi
1352 942 1408 980 De

460 1014 588 1051 Monte
610 1009 797 1048 Lauduno
820 1009 855 1045 in
879 1011 960 1044 tres
981 1011 1080 1043 extr.
1100 1007 1265 1043 Joaunis
1285 1005 1410 1042 XXll.

462 1084 547 1111 cum
573 1069 807 1122 quibu-silam
831 1065 1110 1106 additionibus.
1137 1068 1245 1104 Joan.
1274 1067 1411 1104 Franc.

464 1135 511 1173 de
542 1134 709 1172 Pavinis.
760 1130 919 1169 Editum
966 1134 1028 1167 est
1073 1128 1146 1166 hoc
1174 1127 1411 1178 opusculum

464 1198 607 1235 Romae
650 1205 711 1232 an.
751 1192 913 1230 Jubilaei
958 1191 1060 1229 4475
1103 1201 1173 1241 per
1202 1189 1411 1239 Georgium

463 1260 576 1296 Laur.
609 1255 943 1305 llerbipolensem.
976 1253 1075 1291 lluic
1099 1251 1221 1290 codici
1251 1255 1414 1289 annota-

467 1321 593 1358 tiones
622 1328 715 1356 suas
745 1316 853 1355 MSS.
882 1327 954 1354 nec
983 1325 1091 1353 raras
1132 1313 1274 1352 adiecit
1320 1313 1416 1351 Feli—

468 1392 543 1420 nus
587 1379 793 1426 Sarmens,
842 1388 942 1428 quae
983 1377 1021 1414 in
1051 1376 1137 1414 eius
1178 1375 1417 1414 Bibliotheca

472 1446 694 1481 servantur.

530 1502 790 1542 Theodericus
815 1500 958 1539 PAULI
985 1498 1228 1546 Franconis,
1255 1498 1420 1548 Presby-

475 1572 535 1604 ter
572 1565 793 1604 Canonicus
838 1561 1041 1611 Regularis
1075 1562 1351 1598 Gorcomensis
1381 1561 1417 1596 in

475 1628 624 1676 Belgio,
656 1626 807 1675 scripsit
835 1623 880 1662 (lc
905 1621 1096 1662 miraculo
1120 1624 1159 1661 S.
1185 1620 1394 1660 Barbarae
1411 1652 1419 1668 ‚

475 1689 577 1739 quod
596 1689 668 1726 An.
701 1687 798 1724 4448
824 1687 947 1724 fertur
971 1685 1186 1727 accidisse,
1208 1688 1419 1733 exstatque

476 1750 577 1801 apud
604 1750 762 1787 Surium
791 1749 825 1786 4.
845 1749 936 1786 Dec.
962 1753 1001 1785 et
1024 1745 1242 1786 Clzrom'con
1263 1744 1423 1783 Ulu'ocr-

471 1810 553 1850 sale
577 1811 766 1860 scriptum
788 1811 889 1848 circa
913 1809 986 1847 An.
1023 1808 1125 1847 4480
1148 1820 1196 1846 ex
1231 1819 1307 1857 quo
1335 1807 1421 1844 Bol-

480 1873 622 1912 landus
647 1877 739 1909 tom.
765 1872 800 1909 2.
825 1872 983 1909 Januar.
1006 1870 1055 1908 29
1090 1881 1175 1919 pag.
1200 1870 1275 1907 994
1301 1873 1354 1907 ait
1378 1879 1420 1905 se

476 1934 690 1986 producere
712 1933 834 1971 Vitam
851 1935 889 1972 S.
908 1933 1016 1971 Petri
1034 1930 1196 1969 leomae
1222 1932 1307 1968 sive
1334 1929 1426 1967 Tho-

476 1996 615 2041 masiz',
637 1996 894 2043 Carmentae,
934 1995 1137 2033 Cretensis
1171 1992 1353 2042 Archiep.
1388 1996 1427 2028 et

477 2059 724 2099 Patriarchae
745 2056 1086 2105 Constantinopol.
1111 2055 1183 2093 An.
1212 2055 1311 2093 4366
1334 2055 1428 2092 scri-

478 2127 583 2172 ptam
610 2123 631 2160 a
662 2121 836 2170 Philippo
859 2118 1082 2158 MACERlO
1111 2117 1159 2155 de
1193 2129 1269 2166 quo
1305 2127 1423 2167 supra

476 2195 563 2235 pag.
589 2185 623 2222 3.
648 2184 822 2232 Denique
847 2182 894 2219 de
923 2180 1033 2219 clade
1066 2179 1347 2217 Leodiensibus
1381 2179 1427 2217 A.

479 2247 592 2285 4468.
616 2245 718 2283 illata
745 2256 813 2294 per
833 2243 1014 2282 Carolum
1042 2241 1255 2280 Audacem.

532 2306 778 2346 PAULINUS
804 2305 1081 2353 Foroiuliensis
1097 2305 1181 2341 sive
1209 2302 1427 2354 Aquileien-

478 2370 534 2408 sis
562 2369 783 2418 Episcopus
813 2371 852 2404 et
882 2365 1106 2404 l’atriarcha
1137 2365 1184 2404 ad
1210 2376 1328 2416 quem
1363 2365 1428 2404 Al-

478 2432 582 2469 cuini
611 2429 835 2479 Epistolae,
860 2434 899 2466 et
933 2429 997 2478 qui
1025 2428 1192 2465 Felicem
1238 2426 1427 2476 orgelita-

479 2503 575 2531 num
607 2496 646 2529 et
675 2490 912 2541 Elipandum
952 2490 1186 2528 Toletanum
1230 2500 1429 2541 oppugna-

479 2556 563 2600 vit,
588 2553 800 2591 defunctus
823 2552 870 2591 Α.
894 2553 935 2591 C.
962 2551 1051 2589 804.
1075 2551 1122 2589 de
1147 2563 1192 2589 eo
1216 2550 1429 2590 Bollandus

481 2618 518 2653 in
541 2617 639 2653 actis
664 2615 841 2653 Sanctor.
867 2613 915 2651 ad
941 2612 1009 2650 XI.
1035 2613 1193 2651 Januar.
1220 2617 1313 2650 tom.
1340 2615 1373 2650 4.
1392 2623 1428 2662 p.

480 2679 556 2716 743
582 2687 664 2726 seq.
691 2676 786 2714 Vide
811 2680 850 2713 et
891 2675 1086 2714 Sirmondi
1126 2676 1254 2726 Opera
1278 2678 1372 2712 tom.
1394 2674 1427 2711 4.

482 2751 566 2790 pag.
600 2739 687 2786 644,
715 2737 911 2776 Labbeum
938 2742 1030 2774 tom.
1067 2738 1103 2776 2.
1129 2736 1177 2775 de
1207 2736 1247 2773 S.
1274 2736 1317 2774 E.
1345 2746 1431 2786 pag.

484 2802 575 2840 »¹259.
596 2800 864 2849 Caveumque.
896 2800 1018 2837 lluius
1049 2799 1194 2837 Paulini
1234 2794 1433 2847 sacrosyl-

486 2861 598 2900 labus
632 2863 716 2899 sive
748 2863 921 2911 scriptus
964 2860 1039 2898 An.
1081 2860 1157 2897 793
1188 2859 1344 2897 libellus
1387 2857 1433 2896 de

484 2925 552 2963 SS.
605 2922 795 2961 Trinitate
838 2921 978 2972 prodiit
1008 2921 1054 2959 ad
1093 2921 1240 2959 calcem
1286 2920 1433 2969 Synodi

487 2987 604 3023 Paris.
635 2985 683 3023 de.
715 2984 949 3033 imaginibus
978 2983 1091 3021 Anno
1120 2983 1215 3030 Ι824.
1246 2986 1365 3030 atque
1395 2982 1432 3018 in

488 3048 747 3085 (joneiliorum
781 3048 897 3084 tomis
927 3046 1028 3084 etin
1076 3043 1325 3083 Bibliothecis
1367 3044 1436 3080 Pa·

489 3114 593 3145 truin
626 3113 664 3145 et
694 3109 739 3146 ad
771 3109 919 3146 calcem
950 3107 1122 3157 Operum
1155 3105 1305 3143 Alcuini
1348 3116 1434 3155 pag.

493 3170 604 3206 4873.
637 3170 698 3207 ubi
724 3175 763 3207 et
793 3182 878 3221 pag.
913 3169 1026 3208 4770.
1057 3167 1149 3206 libri
1182 3171 1261 3205 tres
1295 3170 1431 3204 contra

494 3227 681 3277 Felicem,
713 3243 788 3269 una
819 3243 908 3270 cum
948 3229 1126 3281 Epistola
1154 3228 1206 3266 (ια’
1245 3226 1430 3267 Carolum

495 3288 550 3326 M.
584 3300 667 3337 pag.
691 3293 790 3329 476-’3
814 3297 852 3329 et
878 3291 1023 3341 Requla
1059 3290 1169 3329 Fidei
1192 3295 1315 3328 metro
1345 3301 1435 3327 exa—

496 3354 574 3385 rata·
608 3361 689 3399 pag.
718 3353 829 3389 4869.
852 3352 907 3389 De
927 3352 1176 3391 salutaribus
1195 3350 1434 3391 documentis

1328 256 1549 297 PAULI

1479 327 1565 363 sive
1596 322 1696 362 liber
1733 324 2020 365 eoehortationis
2043 324 2090 364 ad
2121 324 2320 375 quendam
2350 325 2425 363 Co-

1480 389 1644 433 mitem,
1676 387 1712 424 in
1743 387 1957 436 appendice
1988 392 2080 425 tom.
2110 388 2172 425 Vl.
2215 386 2425 437 Augustini

1479 461 1567 501 pag.
1598 448 1675 486 673
1705 447 1797 485 edit.
1829 447 1955 486 Amst.
1985 448 2160 500 Epistola
2180 448 2233 486 ad
2266 449 2427 487 Leonem

1479 508 1761 550 Patriarcliam.
1791 509 1927 547 Baluz.
1955 514 2047 548 tom.
2081 511 2116 548 4.
2144 511 2250 549 Misc.
2281 521 2320 560 p.
2347 508 2425 547 442

1479 572 1563 611 Alia
1593 570 1639 609 de
1662 567 1888 621 Heistulplzo
1927 571 1964 608 in
1995 573 2112 610 tomis
2141 572 2346 611 Concilior.
2380 568 2428 610 ad

1479 635 1638 673 Annum
1665 632 1740 670 794
1771 636 1890 681 atque
1914 632 1987 670 alia
2011 632 2218 684 Synodalis
2245 633 2291 672 ad
2316 632 2433 672 Caro-

1481 696 1562 734 lum
1592 696 1641 733 M.
1671 705 1720 731 ex
1753 692 1911 743 Synodo
1941 693 2137 733 Altinensi
2157 725 2166 743 ,
2194 693 2434 745 Forojulien-

1481 760 1536 795 sis
1564 755 1757 794 dioecesis
1787 759 1879 794 ante
1908 754 1980 793 An.
2014 754 2089 792 800
2119 755 2166 794 ad
2192 757 2265 795 An.
2291 756 2369 795 802
2393 759 2434 793 et

1483 819 1618 858 BaluZ.
1648 823 1740 856 tom.
1772 817 1807 856 7.
1841 817 2002 856 miscell.
2029 827 2116 867 pag.
2138 817 2173 855 6.
2198 819 2434 868 Fragmenta

1483 879 1751 933 Epistolarum
1788 879 1835 918 ad
1867 878 2050 918 Carolum
2082 879 2129 917 M.
2166 879 2266 928 apud
2295 880 2430 919 Baluz.

1484 949 1577 981 tom.
1612 943 1644 980 4.
1676 943 1782 980 Misc.
1812 953 1897 992 pag.
1919 941 2007 979 362.
2034 940 2122 980 365.
2146 940 2296 992 Hymni
2313 941 2354 980 in
2372 952 2438 979 sa-

1484 1004 1564 1044 cris
1591 1003 1728 1042 Missis
1748 1002 1964 1041 Walafrido
1994 1002 2175 1041 Straboni
2201 1013 2285 1053 cap.
2311 1003 2362 1042 25
2387 1002 2437 1041 de

1486 1067 1605 1106 rebus
1634 1065 1928 1104 Ecclesiasticis
1957 1063 2104 1104 laudati
2141 1063 2435 1103 interciderunt.

1540 1129 1560 1151 *
1584 1129 1642 1166 J0.
1676 1128 1812 1165 Franc.
1838 1126 2047 1166 Madrisius
2078 1127 2282 1165 Utinensis
2302 1125 2444 1177 Congr.

1487 1190 1654 1229 Oratorii
1687 1189 1896 1239 Presbyter
1926 1199 2043 1239 opera
2072 1189 2203 1227 omnia
2224 1189 2261 1227 S.
2292 1187 2443 1227 Paulini

1488 1251 1734 1292 Pati-iarchae
1777 1249 2044 1301 Aquilejensis
2075 1250 2243 1301 collegit,
2274 1250 2376 1288 notis
2405 1252 2446 1287 et

1489 1313 1835 1352 dissertationibus
1880 1313 2095 1351 illustravit
2137 1312 2268 1351 addita
2298 1311 2443 1362 duplici

1490 1381 1668 1414 actorum
1698 1380 1882 1414 veterum
1913 1375 2156 1426 appendice,
2183 1385 2303 1425 quam
2329 1374 2448 1413 colle-

1491 1439 1660 1476 ctionem
1692 1437 1873 1488 vulgavit
1911 1438 2086 1476 Venetiis
2118 1436 2236 1476 4737.
2257 1448 2307 1475 ex
2336 1440 2449 1486 typo-

1492 1499 1627 1550 graph.
1674 1500 1884 1537 Pitteriana
1930 1500 1967 1537 in
2007 1499 2071 1538 fol.
2101 1499 2143 1537 In
2176 1498 2249 1537 hac
2277 1496 2447 1536 editione

1494 1562 1619 1611 primo
1663 1562 1834 1599 occurrit
1877 1561 2068 1599 Praefatio
2112 1560 2332 1611 generalis,
2362 1563 2448 1598 tum

1495 1624 1575 1661 vita
1605 1624 1677 1660 viri
1709 1623 1841 1661 Sancti
1873 1627 2059 1672 excerpta
2090 1622 2286 1672 prolixiori
2317 1622 2396 1659 vita
2428 1631 2450 1659 a

1496 1687 1622 1724 Marco
1643 1684 1734 1722 Ant.
1753 1685 1931 1723 Nicoletti
1949 1683 2149 1733 adornata,
2166 1683 2320 1734 quaein
2343 1683 2450 1722 MSS.

1497 1747 1706 1785 Codicibus
1736 1746 2166 1796 servabatur.lnsuper
2182 1746 2296 1784 aliam
2327 1747 2451 1784 vitam

1497 1810 1537 1848 S.
1581 1809 1728 1847 Paulini
1772 1808 1880 1846 dedit
1908 1808 1954 1846 cl.
1987 1807 2150 1854 Editor,
2180 1809 2217 1845 in
2253 1818 2329 1857 qua
2365 1807 2451 1845 fuse

1500 1872 1571 1908 viri
1603 1871 1735 1908 Sancti
1765 1871 1895 1908 omnia
1940 1870 2217 1920 persequitur,
2246 1868 2377 1907 addita
2407 1869 2444 1905 in

1504 1932 1580 1969 fine
1609 1932 1782 1969 oratione
1813 1930 1941 1969 habita
1971 1930 2032 1968 die
2061 1930 2105 1967 V.
2136 1930 2216 1969 Cal.
2253 1929 2451 1969 Februarii

1503 2005 1566 2032 an.
1597 1993 1696 2033 4734
1728 1993 1767 2030 in
1808 1992 2039 2043 repositione
2074 1991 2233 2031 solemni
2261 1990 2450 2043 reliquia-

1499 2066 1590 2093 rum
1615 2056 1655 2093 S.
1682 2053 1845 2093 Paulini
1866 2054 1905 2092 in
1927 2053 2068 2092 sacello
2097 2052 2170 2092 sub
2199 2053 2314 2092 choro
2339 2052 2449 2091 Basi-

1502 2116 1599 2155 licae
1615 2117 1781 2167 Majoris
1824 2116 2004 2156 Civitatis
2028 2116 2224 2155 Austriae.
2245 2117 2335 2154 Post
2355 2115 2452 2154 haec

1502 2178 1679 2217 succedit
1735 2178 1907 2217 libellus:
1967 2175 2269 2230 Sacrosyllabus
2318 2179 2456 2215 contra

1505 2238 1743 2290 Elipandum
1771 2251 1859 2278 cum
1891 2241 1994 2278 notis
2023 2239 2201 2279 editoris.

1552 2303 1589 2340 2.
1609 2300 1786 2353 Epistola
1796 2303 1836 2341 S.
1847 2300 2007 2340 Paulini
2022 2300 2077 2340 ad
2105 2298 2340 2352 Heistulfum
2358 2311 2450 2339 cum

1503 2366 1619 2403 notis.

1555 2428 1590 2465 3.
1621 2424 1739 2464 Liber
1769 2425 1816 2464 de
1846 2423 2100 2464 Salutaribus
2119 2422 2370 2464 documentis.

1555 2489 1588 2526 4.
1623 2487 1787 2527 Concilii
1806 2486 2088 2538 ForoJ'uliensis
2107 2490 2197 2526 acta
2220 2497 2310 2526 curn
2334 2486 2455 2524 notis.

1557 2552 1591 2588 5.
1624 2550 1773 2590 Contra
1802 2548 2039 2600 Elipandum
2064 2549 2150 2588 libri
2181 2549 2217 2588 3.

1559 2613 1592 2649 6.
1626 2611 1817 2651 Carmina
1846 2612 1887 2650 S.
1918 2609 2087 2649 Paulino
2133 2609 2180 2649 de
2220 2608 2361 2660 requla
2391 2610 2457 2647 Fi-

1505 2673 1569 2712 dei
1594 2685 1682 2712 cum
1726 2672 1906 2725 apoloyz'a
1948 2672 2128 2711 authoris
2163 2683 2236 2724 pro
2265 2683 2336 2711 suo
2367 2682 2457 2710 car-

1510 2735 1624 2774 mine.

1558 2796 1594 2834 7.
1625 2798 1768 2846 Hymni
1800 2797 1909 2834 varii.
1940 2797 1996 2834 Dc
2050 2795 2243 2835 Cathedra
2273 2795 2312 2834 S.
2341 2796 2456 2843 Petri,

1507 2860 1545 2896 in
1576 2858 1694 2896 natali
1738 2858 1806 2896 SS.
1846 2857 2067 2907 Apostolor.
2097 2858 2140 2896 ln
2171 2857 2459 2896 resurrectione

1507 2920 1676 2966 Domini.
1704 2918 1752 2956 de
1782 2919 1820 2957 S.
1850 2919 1977 2957 Marco
2002 2919 2284 2970 Evangelista,
2308 2918 2356 2957 de
2386 2919 2460 2957 De-

1508 2981 1699 3018 dicatione
1730 2980 1955 3029 Ecclesiae,
1980 2980 2028 3019 de
2058 2981 2266 3020 nativitate
2288 2981 2455 3019 Domini.

1511 3042 1654 3090 Hymni
1698 3052 1836 3080 omnes
1878 3054 1927 3081 ex
1968 3042 2072 3081 edito
2115 3041 2324 3082 Cassandri
2367 3042 2461 3081 dan-

1509 3108 1596 3152 tur,
1629 3104 1811 3153 llymnus
1843 3104 1880 3143 S.
1911 3104 2026 3143 Marci
2058 3115 2107 3142 ex
2138 3104 2214 3143 MS.

1561 3166 1596 3203 8.
1628 3167 1863 3215 Fragmenta
1895 3166 2150 3216 epistolarum
2180 3177 2228 3203 ex
2261 3164 2432 3204 Baluzio.

1561 3228 1597 3264 9.
1627 3227 1800 3277 Epistola
1824 3227 1871 3265 ad
1897 3227 2078 3267 Carolum
2104 3227 2285 3277 Magnum
2304 3225 2351 3264 de
2367 3236 2457 3275 ges-

1511 3291 1561 3327 tis
1606 3288 1752 3339 Synodi
1786 3289 2004 3328 Altinensis
2041 3301 2087 3328 ex
2127 3279 2275 3326 Baluzii
2306 3288 2457 3326 Miscel-

1513 3352 1650 3389 laneis.
