2533 4009
468 254 519 292 60
1007 252 1010 253 ⁷
1266 246 1618 287 MAXIMUS

468 325 560 362 drit.
590 324 704 361 ⁴65⁴.
736 322 798 359 fol.
828 320 962 368 incipit
993 318 1085 356 illud
1117 319 1166 356 ab
1194 320 1239 356 A.
1270 319 1314 357 C.
1342 319 1415 356 430

471 386 549 433 (ubi
580 382 899 422 Pseudo-Dexter
922 378 1066 416 desinit
1087 379 1248 427 scilicet)
1269 384 1310 417 et
1332 391 1419 429 pro-

468 447 628 485 ducitur
658 454 785 491 usque
814 441 860 478 ad
891 439 965 478 An.
997 441 1086 479 612.
1108 441 1330 478 subiunctis
1350 440 1418 478 ad-

469 507 682 545 ditionibus
711 503 1010 548 commentitiis,
1037 502 1075 540 S.
1098 502 1329 549 Braulionis,
1347 503 1419 539 lle—

470 569 642 611 lecanis,
673 563 831 613 Tajonis
859 568 899 600 et
943 562 1175 610 valderedi,
1207 563 1420 613 Episcopo-

469 627 738 666 rumxscilicet
768 625 1246 673 Caesaraugustanorum.

523 696 754 735 MAXIMUS
773 694 989 745 Episcopus
1009 696 1074 743 qui
1102 694 1310 743 sigeberto
1334 704 1420 743 cap.

470 761 557 798 113.
591 762 692 795 toste
722 758 882 806 scripsit
914 757 1055 794 librum
1087 755 1133 793 (le
1177 753 1425 792 Ecclesiasti-

468 821 524 859 cis
548 817 777 857 ministeriis
801 821 839 855 et
861 817 906 854 (Ie
929 815 1067 854 habita
1093 816 1343 854 elericorum.

522 892 685 929 Marcus
726 888 982 932 MAXIMUS,
1015 898 1134 938 supra
1167 889 1203 923 in
1247 884 1427 923 Maximo

471 953 864 1000 Caesarcmqustano.

523 1021 678 1060 Marius
707 1019 964 1066 MAXIMUS,
996 1027 1115 1067 supra
1146 1014 1348 1054 MARIUS.

523 1095 562 1133 S.
590 1091 771 1131 MAXIM!
808 1088 971 1126 Abbatis
1001 1086 1187 1134 Martyris
1225 1085 1261 1121 in
1306 1082 1430 1122 Gallia

470 1158 572 1194 circa
597 1154 672 1190 An.
697 1152 785 1188 6235,
813 1149 1051 1197 Genealogia
1076 1151 1115 1185 ct
1136 1146 1234 1184 Acta
1255 1146 1431 1195 Martyrii

469 1215 571 1266 apud
600 1211 834 1251 Bollandum
856 1215 951 1247 tom.
996 1211 1030 1247 1.
1069 1210 1231 1246 lanuar.
1268 1207 1304 1245 2.
1344 1218 1431 1256 pag.

482 1279 545 1315 91.
567 1275 630 1312 94.

526 1343 721 1394 Pacificas
743 1341 975 1380 MAXIMUS
1006 1339 1262 1386 Asculanos,
1293 1338 1434 1377 Gram-

471 1408 641 1446 maticus
671 1410 711 1442 et
743 1406 857 1442 Poeta
889 1403 994 1441 circa
1013 1402 1088 1440 An.
1112 1402 1226 1440 1490.
1245 1400 1293 1438 do
1317 1400 1434 1449 cujus

472 1469 620 1519 regulis
664 1466 945 1504 Grammaticis
992 1475 1108 1514 prosa
1138 1468 1178 1499 ot
1210 1468 1361 1499 metro:
1392 1466 1433 1499 et

473 1531 522 1569 de
553 1529 759 1567 invectiva
790 1529 827 1564 in
859 1526 1079 1564 Politanum
1112 1530 1152 1562 ct
1182 1523 1433 1574 poematibus

473 1592 521 1629 de
554 1590 760 1634 Lucretia,
785 1588 833 1626 dc
857 1589 1029 1637 Virginia
1054 1616 1061 1632 ,
1084 1586 1131 1623 de
1162 1585 1263 1623 bello
1299 1584 1433 1621 servili

473 1652 706 1703 Spartacio,
737 1650 785 1687 de
815 1649 917 1687 bello
948 1649 1041 1697 Cyri
1069 1649 1277 1685 Persarum
1303 1645 1433 1695 Regis,

474 1715 522 1753 de
570 1713 671 1751 bello
719 1712 851 1761 Syllae
880 1715 920 1748 et
950 1710 1087 1756 Marii,
1117 1719 1163 1745 ac
1193 1708 1280 1745 XX.
1327 1707 1434 1744 libris

475 1777 690 1826 elegiarum
724 1772 924 1810 videndus
953 1773 1172 1809 GesneruS.

527 1847 619 1895 (214
659 1845 714 1882 De
746 1842 843 1882 bello
873 1845 1086 1894 Spartano,
1116 1840 1162 1879 de
1193 1839 1290 1878 bello
1322 1838 1430 1890 Cyri.

474 1910 528 1947 De
558 1905 654 1945 bello
683 1904 805 1945 Sillae
849 1909 887 1943 et
927 1903 1067 1943 Marii.
1116 1901 1322 1940 Lucretiae
1369 1899 1432 1938 Li-

477 1969 542 2008 bri
568 1969 621 2006 II.
668 1966 868 2017 Viryiniae
910 1964 1024 2004 Libri
1064 1965 1115 2002 II.
1158 1961 1431 2001 Grammatica

476 2032 522 2070 cle
552 2028 743 2081 reqimine
785 2026 943 2067 verbor.
992 2027 1190 2065 Graecum
1221 2026 1364 2062 Poema
1393 2023 1433 2061 in

478 2092 586 2132 laud.
612 2093 671 2129 .Ιο.
700 2089 871 2129 Salviati
902 2091 955 2128 De
984 2086 1257 2140 componendis
1288 2086 1434 2125 carmi-

476 2153 606 2192 nibus.
630 2151 765 2191 Oratio
786 2151 839 2190 ad
858 2153 1047 2190 Senatum
1079 2150 1239 2188 Lucens.
1275 2148 1436 2187 Invecti-

478 2228 530 2255 va
562 2215 601 2253 in
626 2215 724 2264 Any.
760 2212 1013 2251 Politianum.
1038 2213 1093 2250 De
1115 2210 1310 2261 sapientia
1328 2208 1439 2248 Libri

482 2278 563 2316 VII.
589 2278 643 2314 De
675 2275 867 2315 Castitate
898 2273 1010 2312 Libri
1041 2274 1143 2312 VIII.
1178 2273 1232 2310 De
1254 2270 1434 2309 modera-

481 2340 581 2378 tione
612 2337 748 2383 animi,
773 2335 820 2374 de
851 2334 960 2383 ὂοηο,
983 2335 1028 2374 de
1048 2334 1144 2387 fato,
1160 2334 1206 2372 de
1234 2332 1370 2371 anima
1394 2330 1438 2369 li-

481 2400 546 2439 bri
586 2400 650 2438 IX.
679 2399 734 2436 De
766 2397 908 2436 Divina
958 2396 1211 2436 Providentia
1248 2393 1362 2433 Libri
1395 2393 1436 2431 X.

479 2463 576 2502 Vide
601 2463 672 2511 Op.
699 2458 876 2500 Carboni
909 2458 1211 2499 Cantalamessa
1248 2457 1438 2494 Memorie

480 2527 635 2563 intorno
664 2524 672 2559 i
704 2523 875 2560 letterati
907 2533 928 2559 e
972 2523 1099 2559 artisti
1131 2520 1341 2566 Ascolani)
1367 2519 1439 2556 He-

436 2592 441 2595 '
480 2585 716 2635 catclegium
747 2584 834 2621 sive
864 2583 1026 2632 Elegiae
1052 2583 1213 2632 jocosae
1245 2585 1319 2618 etc.
1357 2579 1440 2616 Flo-

536 2740 568 2777 a)
593 2742 629 2770 ln
661 2740 763 2771 natali
788 2739 1024 2780 Apostolorum
1049 2740 1138 2770 Petri
1164 2741 1195 2769 et
1218 2737 1338 2775 Pauli,
1362 2736 1449 2766 inter

477 2789 583 2821 editas
608 2788 751 2819 nomilia
774 2791 808 2819 L.
822 2790 872 2819 Ll.
900 2791 966 2819 Lll.
987 2791 1074 2820 ΗΠ.
1096 2790 1174 2820 LlE.
1197 2789 1322 2817 Harum
1340 2786 1446 2824 prima

479 2841 581 2870 etiam
614 2840 700 2868 inter
725 2838 988 2874 Augustinianas
1016 2838 1150 2876 legitur.
1185 2838 1237 2867 Sic
1270 2837 1450 2874 plerasque

477 2887 558 2919 alias
589 2886 744 2917 homilias
776 2894 861 2924 quae
883 2888 1025 2917 Maximo
1050 2886 1214 2916 Gennadii
1246 2884 1446 2915 auctoritate

472 2935 711 2972 vindicantur,
737 2938 826 2966 inter
854 2934 1116 2966 Ambrosianus
1141 2938 1172 2963 ec
1213 2931 1448 2971 Auyustinia-

475 2994 544 3015 nas
575 2984 664 3023 legi,
686 2981 704 3014 a
728 2985 810 3015 viris
834 2982 941 3014 doctis
968 2987 1167 3013 annotatum
1190 2985 1238 3012 est
1275 2979 1355 3010 Vide
1385 2981 1446 3008 La-

480 3036 590 3065 tinum
607 3034 775 3063 Latinium
795 3040 870 3071 pag.
891 3031 962 3062 164.
979 3039 1048 3070 seq.
1068 3029 1149 3061 Bibl.
1169 3037 1263 3061 sacro
1278 3027 1445 3068 profanae:

478 3083 651 3113 Labbeum
675 3084 768 3112 Tom.
795 3082 828 3112 2.
852 3090 883 3121 p.
907 3081 959 3111 69.
983 3089 1052 3119 seq.
1078 3082 1223 3111 Cavcum
1245 3077 1285 3109 ad
1308 3081 1344 3108 A.
1375 3076 1448 3107 422.

478 3131 730 3162 Tillemontium
753 3134 846 3162 Tam.
868 3132 948 3162 xvi.
973 3131 1162 3161 memoriar.
1186 3131 1307 3167 Nempe
1328 3129 1363 3157 ut
1384 3134 1445 3156 no-

480 3183 528 3209 tat
562 3181 594 3210 in
618 3180 701 3211 mbl.
727 3181 988 3212 concionatoria
1013 3179 1230 3211 combefisius
1249 3200 1258 3216 ,
1286 3183 1441 3215 quaeque

480 3226 641 3257 Ecclesia
682 3237 881 3259 sermonum
905 3237 1049 3260 suorum
1073 3226 1258 3267 manipulo
1284 3233 1340 3256 eos
1363 3224 1448 3254 ‹leli›

485 3273 586 3313 gebat
606 3276 664 3314 qni
689 3286 732 3307 ex
756 3286 822 3307 usn
845 3278 962 3315 manis
986 3286 1062 3308 esse
1085 3277 1308 3312 viderentur,
1332 3281 1446 3312 qaan-

481 3324 609 3354 tumvis
643 3325 718 3363 ipse
742 3326 947 3364 manipulus
971 3326 1121 3358 alterius
1147 3350 1158 3366 ‚
1185 3325 1288 3363 cujus
1323 3323 1445 3362 plures

1490 317 1638 354 rentiae
1682 323 1751 363 per
1795 312 1968 352 Miseom.
2000 313 2117 353 1489.
2160 312 2198 351 4.
2239 313 2438 352 Camerini

1493 378 1607 417 1523.
1635 376 1668 412 4.
1697 374 1790 412 Fani
1815 384 1886 423 per
1910 373 2123 414 Soncinum
2156 374 2272 412 1506.
2297 374 2331 412 8.
2353 374 2447 413 Car-

1493 440 1598 477 mina
1643 439 1805 474 Parmae
1837 435 1953 473 1691.
1984 437 2005 473 4
2052 435 2184 474 Poesie
2228 433 2370 473 inedito
2401 434 2443 472 in

1492 499 1574 537 lodo
1603 497 1645 536 (li
1671 495 1836 534 Braccio
1860 495 1912 533 ΙΙ.
1939 496 2116 545 Baylioni
2135 507 2206 534 con
2228 507 2311 533 una
2348 506 2447 534 nar-

1492 560 1653 598 razione
1682 556 1778 595 delle
1804 559 1915 605 qesta
1957 555 2000 593 di
2040 561 2176 607 questo
2217 556 2369 595 ‹listesa
2396 555 2450 594 da

1496 622 1539 659 G.
1571 622 1613 658 B.
1650 617 1912 667 Vermiqtioni.
1943 618 2117 667 Peruyia
2145 619 2260 657 1818.
2291 618 2353 666 4.)

1545 680 1780 720 MAXIMUS
1808 677 2009 729 Rejt’nsis,
2053 678 2139 716 sive
2170 678 2378 728 Regiensis
2407 677 2446 715 in

1498 744 1625 781 Gallia
1658 741 1901 781 Narbonensi
1932 739 1980 777 ab
2009 737 2085 776 An.
2115 738 2202 777 433.
2231 740 2453 790 Episcopus

1501 804 1742 852 subscripsit
1771 801 1943 839 Concilio
1967 799 2149 849 Regiensi
2164 798 2210 837 A.
2225 799 2313 838 439.
2330 800 2456 838 Arau-

1500 867 1633 902 sicano
1670 862 1746 900 An.
1788 861 1880 901 441.
1909 866 1950 899 et
1992 860 2193 911 Epistolae
2236 860 2455 910 Synodicae

1502 926 1643 962 Leonis
1674 926 1800 972 Papae
1829 923 1903 961 An.
1931 922 2019 961 451.
2056 921 2153 960 Vide
2190 921 2458 960 Sammartha-

1504 996 1575 1023 nos
1605 990 1699 1022 tom.
1732 986 1766 1022 3.
1790 995 1875 1033 pag.
1916 984 2006 1022 935.
2052 983 2181 1021 Vitam
2218 981 2340 1032 hujus
2381 985 2460 1022 Ma-

1505 1047 1601 1084 ximi
1631 1045 1826 1082 debemus
1868 1043 2124 1087 DYNAMIO,
2153 1043 2204 1082 de
2232 1054 2310 1093 quo
2339 1054 2459 1094 supra

1506 1113 1602 1145 tom.
1631 1107 1668 1144 2.
1703 1117 1790 1156 pag.
1829 1105 1918 1142 484.
1950 1103 2144 1143 Homilias
2166 1104 2358 1154 quasdam
2387 1105 2462 1142 sub

1507 1168 1746 1208 EUGllEltll
1796 1165 2106 1216 Lugdunensis,
2148 1165 2213 1204 vel
2260 1165 2461 1212 EUSEBII

1505 1231 1715 1277 Emeseni,
1741 1228 1985 1274 CAESARH,
2009 1232 2080 1266 aut
2095 1226 2278 1266 lSlDORl
2304 1227 2462 1264 nomine

1506 1291 1658 1337 editas,
1680 1291 1848 1328 Maximo
1879 1290 2050 1339 Regensi
2077 1287 2309 1327 tribuendas
2345 1298 2460 1335 esse,

1508 1352 1599 1390 vide
1620 1352 1677 1389 .Ιο.
1700 1353 1946 1390 Savaronem
1973 1349 2021 1388 ad
2044 1349 2193 1388 Sidonii
2218 1349 2283 1388 IV.
2316 1348 2351 1387 3.
2376 1359 2473 1400 pag.-

1507 1414 1597 1452 232.
1621 1418 1661 1451 et
1685 1412 1971 1450 Bibliothecam
1989 1411 2330 1449 Concionatoriam
2346 1411 2466 1448 Fran-

1507 1476 1599 1513 cisci
1631 1473 1885 1521 Combeiisii,
1914 1472 2293 1521 Tillemontiumque
2323 1475 2351 1508 t.
2381 1471 2466 1509 XV.

1510 1537 1791 1575 memoriarum
1822 1546 1910 1585 pag.
1942 1534 2032 1572 400.
2062 1544 2130 1583 qui
2158 1533 2277 1571 etiam
2303 1544 2338 1583 p.
2370 1533 2460 1570 392.

1507 1611 1589 1649 seq.
1621 1603 1710 1648 post
1735 1599 1979 1636 Savaronem
2011 1599 2122 1634 notat
2155 1594 2356 1633 homiliam
2395 1595 2459 1632 34.

1509 1663 1613 1698 inter
1642 1660 1906 1706 Eusebianos,
1937 1669 2028 1697 esse
2058 1657 2163 1695 illam
2193 1666 2313 1706 quam
2344 1655 2462 1695 FAU-

1510 1722 1636 1761 STUS
1661 1731 1871 1760 successor
1911 1719 2070 1758 Maximi
2101 1717 2248 1768 hujus,
2278 1716 2462 1756 decesso-

1510 1786 1565 1823 ris
1594 1784 1654 1821 sui
1678 1782 1892 1821 memoriae
1916 1781 2176 1819 consecravit.
2530 1804 2533 1814 .

1563 1844 1796 1884 MAXIMUS
1830 1840 2086 1881 Taurinensis
2129 1839 2333 1880 Ecclesiae
2369 1841 2464 1893 Epi-

1505 1916 1673 1957 scopus,
1704 1907 1761 1955 (ut
1794 1905 1843 1943 de
1867 1916 1914 1943 eo
1937 1903 2169 1943 Gennadius
2201 1914 2286 1954 cap.
2321 1903 2385 1942 40.
2413 1904 2462 1942 de

1507 1972 1546 2008 S.
1573 1970 1629 2017 E.)
1656 1970 1717 2006 vir
1739 1969 1776 2004 in
1801 1967 1952 2005 Divinis
1977 1966 2196 2015 Scripturis
2218 1965 2316 2003 satis
2337 1965 2466 2003 inten-

1507 2036 1573 2069 tus
1596 2022 1640 2068 et'
1671 2030 1719 2067 ad
1757 2027 1981 2067 docendum
2016 2038 2067 2065 ex
2092 2031 2272 2077 tempore
2308 2026 2465 2076 plebem

1510 2093 1714 2131 sufficiens
1730 2121 1740 2139 ,
1762 2091 1987 2139 composuit
2007 2088 2048 2127 in
2071 2088 2229 2127 laudem
2264 2085 2468 2138 Apostolo-

1507 2165 1600 2191 rum
1620 2155 1653 2200 a)
1679 2156 1878 2191 tractatus
1898 2180 1906 2197 ,
1930 2156 1971 2189 et
1995 2150 2035 2189 in
2062 2150 2227 2190 Joannis
2265 2148 2468 2202 Baptistae

1508 2214 1768 2261 nativitatem,
1791 2214 1826 2258 b)
1849 2218 1889 2251 et
1913 2213 2141 2263 generalem
2164 2212 2338 2251 omnium
2353 2212 2469 2251 Mar-

1511 2281 1643 2329 tyrum
1681 2275 1896 2314 homiliam.
1925 2275 1959 2323 c)
1990 2274 2067 2313 Sed
2109 2278 2150 2312 et
2194 2272 2240 2312 de
2283 2271 2468 2324 capitulis

1514 2336 1819 2388 Evanyelzornm
1835 2367 1845 2384 ,
1868 2335 1905 2384 d)
1930 2340 1971 2374 et
1994 2335 2041 2373 de
2064 2333 2229 2374 Actibus
2265 2332 2468 2386 Apostolo-

1511 2411 1603 2437 rum
1631 2404 1665 2448 e)
1698 2399 1820 2437 multa
1843 2398 2046 2447 sapienter
2069 2397 2267 2446 exposuit.
2299 2397 2406 2434 Fecit
2429 2400 2470 2433 et

1512 2461 1612 2499 duos
1637 2460 1682 2499 de
1703 2463 1743 2500 S.
1768 2457 1935 2498 Eusebii
1958 2459 1984 2507 t)
2015 2455 2269 2496 [fercellensis
2288 2456 2472 2508 Episcopi

1511 2527 1550 2560 et
1572 2520 1818 2573 Confessoris
1860 2519 1967 2568 Vita,
2000 2522 2214 2558 tractatus:
2245 2521 2286 2556 et
2315 2516 2362 2555 de
2392 2517 2463 2555 SS.

1515 2583 1708 2635 Cypriani
1727 2584 1762 2632 g)
1779 2587 1819 2621 et
1838 2579 2043 2620 Laurentii
2060 2579 2097 2628 h)
2118 2577 2314 2631 martyrio
2331 2591 2340 2616 ε
2362 2583 2402 2617 ot
2421 2577 2469 2616 de

1513 2737 1627 2764 essent
1650 2735 1711 2762 aut
1732 2732 1917 2772 potiores,
1944 2738 2074 2761 nomen
2099 2727 2311 2770 praeferret.

1571 2782 1605 2819 b)
1630 2781 1773 2812 nomilia
1796 2781 1916 2812 XLVll.
1940 2779 2076 2810 XLVlll.
2100 2778 2204 2808 xtix.

1570 2829 1602 2866 c)
1628 2828 1735 2860 uomit
1758 2830 1862 2859 inv.

1568 2878 1603 2917 d)
1637 2881 1675 2909 Ut
1711 2876 1831 2908 Homil.
1865 2878 1956 2907 LXll.
1981 2877 2024 2908 dd
2045 2875 2160 2907 matth.
2182 2876 2294 2906 xviii.
2318 2873 2347 2906 1.
2386 2874 2474 2914 Quis

1509 2926 1629 2965 major
1651 2927 1690 2956 in
1713 2933 1822 2964 reyno
1845 2925 2053 2957 coelorum:
2080 2926 2113 2956 in
2137 2924 2220 2956 sesio
2243 2925 2274 2954 S.
2292 2922 2473 2955 Michaelis.

1572 2974 1603 3014 e)
1627 2977 1665 3005 Ut
1687 2975 1806 3005 Homil.
1834 2976 1921 3005 XLV.
1950 2976 1982 3005 in
2007 2977 2118 3006 Actor.
2140 2975 2210 3006 vn.
2232 2971 2284 3004 55.
2308 2973 2344 3004 in
2364 2972 2473 3003 Natali

1509 3027 1539 3056 S.
1564 3024 1733 3063 Stephani.

1569 3073 1594 3111 s)
1623 3074 1741 3104 uomit.
1765 3075 1875 3104 Lvln.
1898 3074 1973 3105 le.
1995 3072 2195 3105 solemnitas
2217 3070 2316 3111 hujus
2333 3069 2474 3102 Eusebii

1513 3123 1582 3156 Cal.
1608 3124 1760 3161 Augusti.

1570 3171 1603 3211 g)
1627 3172 1748 3204 llomil.
1771 3173 1832 3203 Lx.
1855 3173 1935 3204 LXJ.
1959 3172 2114 3210 Quinque
2136 3169 2218 3201 alios
2236 3167 2366 3199 Maximi
2385 3167 2419 3197 in
2439 3168 2470 3197 S.
2508 3207 2511 3212 Ι

1507 3222 1709 3261 cyprianum
1744 3229 1912 3253 sermones
1943 3223 2155 3260 expectamus
2188 3225 2207 3250 a
2244 3216 2473 3249 laudatissimo

1506 3272 1697 3301 muratorio.

1566 3321 1603 3357 h)
1627 3320 1751 3351 Homil.
1775 3322 1837 3352 Lv.
1859 3320 1936 3351 LVl.
1962 3317 2060 3350 Lv11.
