2517 4009
1006 204 1235 241 SIMON

119 271 258 310 Sancti
297 271 466 310 Martini
506 274 770 321 Turonensis,
801 275 972 313 tandem
1001 276 1079 311 Ar-

114 333 248 381 chiep.
279 335 551 372 Bituricensis
592 335 635 372 et
678 336 924 374 Cardinalis.
965 338 1079 373 Hunc

115 394 352 434 Bonifacius
381 397 492 433 VIII.
524 397 731 443 Legatum
763 400 880 436 misit
909 401 953 436 in
982 399 1079 436 Gal-

116 458 194 494 lias
209 459 260 495 ad
273 459 601 505 componendum
615 461 766 497 bellum
789 461 898 498 inter
920 462 1078 507 Philip-

116 530 217 566 pum
247 520 316 556 IV.
346 521 531 558 Franciae
562 521 603 558 et
637 523 875 560 Eduardum
910 523 960 559 11.
993 525 1079 559 An-

44 627 48 630 ·
116 583 215 628 gliae
256 583 410 630 Reges.
443 583 599 620 Extant
639 586 729 630 ejus
771 586 875 623 Acta
919 585 1079 633 Synocli

116 645 414 692 Provincialis,
447 655 569 692 quam
598 647 747 684 habuit
776 649 820 684 in
841 657 917 684 sua
937 647 1079 684 Eccle-

114 709 178 745 sia
206 719 243 745 a.
267 709 384 747 1282.
407 710 459 745 al.
485 710 589 747 1284
611 711 719 756 apud
739 711 953 747 Baluzium
973 710 1075 746 tom.

115 769 184 806 IV.
213 771 574 808 Miscellaneorum
598 783 635 818 p.
658 771 751 809 205.
783 772 826 809 et
846 772 1077 820 Epistolae,

115 842 290 880 quarum
332 835 493 881 aliquas
536 836 722 873 referunt
767 835 1077 872 sammarthani

115 894 217 932 tom.
242 895 272 931 Ι.
294 895 440 934 Galliae
463 897 727 934 Christianae.
751 896 803 945 (a)
824 898 921 934 Haec
939 897 1078 935 Oldoi-

115 967 192 995 nus
221 958 265 994 in
292 958 494 996 Athenaeo
525 961 708 997 Romano
730 971 768 1006 p.
793 960 885 996 606.

173 1020 331 1058 SIMON
362 1022 591 1070 Beniqnus,
613 1024 830 1060 Modrusiae
852 1024 895 1059 111
915 1022 1081 1059 Oroatia

115 1083 360 1131 Episcopus,
390 1086 539 1121 claruit
568 1096 604 1121 a.
639 1085 757 1122 1513.
788 1095 866 1132 quo
908 1085 1081 1121 Concilii

115 1144 413 1183 Lateranensis
441 1146 635 1184 Patribus
662 1149 889 1184 sessionem
920 1146 1083 1183 sextam

117 1208 157 1243 d.
185 1208 239 1245 27
269 1210 410 1255 Aprils
438 1209 709 1246 celebraturis
749 1211 876 1246 verba
906 1209 1005 1245 fecit
1035 1210 1082 1246 de

115 1258 417 1308 schismatibus
446 1272 580 1316 seculi
612 1272 834 1318 postremi,
870 1271 1086 1319 promissa

115 1330 239 1368 toties
277 1331 494 1369 Ecclesiae
530 1331 860 1380 reformatione,
909 1333 948 1369 et
987 1331 1085 1369 bello

124 1391 283 1430 Turcis
312 1391 548 1440 inferendo.
570 1393 719 1430 Exstat
739 1394 809 1431 ille
833 1394 974 1431 Sermo
1003 1404 1085 1431 una

114 1462 209 1490 cum
237 1454 429 1500 Epistola
460 1456 512 1492 ad
540 1456 841 1493 Bernardinum
872 1456 922 1492 de
952 1455 1086 1493 Fran-

117 1519 353 1564 gepanibus
383 1518 650 1566 dedicatoria,
673 1519 828 1556 Concil.
848 1518 949 1555 tom.
972 1519 1081 1555 XIV.

115 1590 214 1626 pag.
249 1580 339 1617 144.
382 1581 478 1617 Haec
508 1580 761 1619 Whartonus
802 1582 990 1628 Append.
1032 1582 1085 1618 ad

115 1641 297 1679 Caveum
327 1653 365 1689 p.
399 1643 489 1680 162.

171 1703 328 1740 SIMON
361 1705 501 1743 Abbas
536 1706 579 1744 S.
616 1707 803 1754 Bertini,
846 1707 941 1744 vide
981 1706 1091 1743 infra

117 1765 276 1804 SIMON
308 1765 558 1806 Gaudensis.

173 1829 332 1866 SIMON
362 1831 410 1868 de
439 1831 600 1878 Bertis,
632 1833 720 1869 sive
761 1833 952 1879 Bertius,
994 1832 1092 1869 Flo-

117 1891 323 1939 rentinus,
373 1892 466 1930 Ord.
509 1894 836 1932 Praedicatorum
887 1896 1092 1942 Magister

119 1953 374 2001 Theologiae.
406 1956 522 1992 Prior
550 1958 728 1994 coenobii
757 1958 900 1995 Romae
931 1959 986 1994 ad
1014 1959 1091 1994 Mi-

117 2025 290 2053 nervam
312 2017 355 2053 et
376 2017 534 2054 Tusciae
556 2019 765 2066 Vicarius,
780 2021 892 2056 circa
913 2029 947 2055 a.
972 2019 1089 2056 1491.

119 2078 295 2125 Scripsit
322 2079 617 2118 Diversorium
638 2082 992 2129 concionatorum,
1012 2092 1090 2128 quo

119 2140 337 2187 integrum
368 2142 763 2191 Quadragesimale,
792 2144 835 2180 et
866 2145 1090 2181 Sermones

123 2201 327 2248 praeterea
375 2203 448 2239 LX
501 2204 781 2242 continentur.
824 2207 909 2243 Jac.
952 2206 1094 2250 Quetif

120 2265 170 2301 de
187 2265 468 2312 scriptoribus
489 2266 585 2304 Ord.
601 2269 926 2306 Praedicatorum
940 2270 1042 2306 tom.
1058 2271 1090 2317 I,

121 2337 161 2372 p.
192 2324 285 2363 875.
315 2327 541 2364 Pocciantii
561 2329 694 2367 Catal.
717 2331 974 2377 Scriptorum
995 2331 1092 2368 Flo-

119 2389 396 2436 rentinorum,
426 2400 465 2435 p.
499 2390 589 2427 161.
619 2393 698 2429 Jul.
739 2394 871 2440 Niger
912 2406 951 2441 p.
995 2395 1087 2432 504.

119 2452 341 2490 Altamura
370 2463 408 2498 p.
440 2452 519 2488 213
552 2452 644 2489 525.

175 2515 332 2552 SIMON
353 2515 661 2562 Bituricensis,
677 2517 769 2553 vide
792 2517 900 2554 infra
921 2518 968 2555 ole
992 2517 1092 2555 Sul-

123 2579 243 2617 liaco.

179 2641 336 2678 SIMON
365 2643 655 2688 Bononiensis,
683 2643 778 2680 Ord.
812 2644 1090 2681 Eremitarum

127 2703 167 2740 S.
188 2704 447 2751 Augustini,
469 2704 708 2751 Theologlae
730 2706 934 2752 Magister
948 2735 958 2750 ,
989 2706 1093 2744 obiit

127 2777 162 2804 a.
184 2767 303 2804 1333.
327 2767 503 2814 Scripsit
522 2768 695 2806 Librum
726 2770 773 2806 cle
800 2779 897 2807 novo
928 2771 1091 2808 mimda.

124 2828 298 2866 Orlandi
316 2829 474 2866 Notitia
496 2829 752 2875 Scriptorum
766 2831 1092 2868 Bononiensinm

125 2902 164 2938 p.
197 2890 290 2928 247.
321 2892 427 2928 Phil.
459 2891 587 2928 Elssii
629 2893 967 2931 Encomiasticon
1007 2895 1093 2930 Au-

125 2953 417 2999 gustinianum
439 2963 478 2999 p.
502 2953 593 2989 626.
616 2954 843 2993 Gandolfus
866 2957 915 2994 de
938 2957 1092 2993 ducen-

127 3014 184 3052 tis
212 3015 541 3061 Augustinianis
563 3017 834 3064 scriptoribus
868 3030 966 3066 pag.
999 3020 1090 3056 315.

181 3078 336 3115 SIMON
357 3079 578 3126 Boraston,
595 3081 686 3118 vide
701 3084 837 3128 paullo
859 3082 964 3129 post.
978 3083 1094 3120 Bur-

128 3142 285 3179 neston.

182 3203 339 3241 SIMON
370 3205 601 3251 Bor-sanus,
633 3206 978 3255 Archiepiscopus
1007 3211 1089 3245 Mo-

129 3267 381 3304 diolanensis
401 3265 444 3303 et
465 3266 700 3304 Cardiualis
733 3269 800 3306 SS.
843 3272 1012 3308 Joannis
1055 3270 1096 3308 et

2059 205 2133 240 481

1170 274 1286 310 Pauli
1316 272 1419 310 obiit
1449 282 1484 308 a.
1519 271 1637 318 1381,
1659 272 1829 319 reliquit
1855 273 2046 311 Velamen
2066 283 2136 312 su-

1162 344 1243 382 per
1272 334 1429 372 librum
1475 334 1846 374 Clementinarum.
1879 337 1983 374 Phil.
2027 338 2136 374 Pici-

1167 401 1268 437 nelli
1298 400 1517 437 Atenaeum
1546 400 1804 438 eruditorum
1857 403 2138 441 Mediolanen-

1171 462 1279 498 sium
1311 472 1350 508 p.
1383 462 1476 498 494.
1500 461 1664 499 Oldoini
1694 463 1944 501 Atheuaeum
1985 465 2139 503 Roma-

1170 533 1269 559 num
1299 533 1397 570 pag.
1430 523 1521 559 607.

1226 586 1384 623 SIMON
1406 587 1641 633 Bredonus,
1664 597 1736 625 seu
1749 589 2003 637 Biridanus,
2018 590 2140 629 Win-

1168 646 1398 685 checombae
1430 650 1474 684 in
1503 650 1660 695 Anglia
1700 651 1839 697 natus,
1883 652 2053 690 Oxoniae
2095 655 2138 691 in

1169 710 1355 758 Collegio
1385 711 1637 749 Mertonensi
1666 713 1800 750 literis
1824 716 2027 763 incubuit,
2050 719 2135 754 Me—

1169 773 1285 809 dicus
1299 772 1340 809 et
1361 774 1608 819 Astrologus
1623 775 1821 822 insignis,
1837 778 1946 814 circa
1959 788 1994 815 a.
2017 779 2136 816 1386.

1170 834 1346 881 Scripsit
1367 836 1413 872 in
1447 837 1624 873 Esaiam
1653 837 1917 886 Prcplietam,
1951 842 1995 878 in
2031 851 2141 879 com-

1162 899 1316 944 putum
1365 899 1717 936 Ecclesiasticum
1759 901 1927 939 Roberti
1977 904 2140 942 Lincol-

1168 961 1342 1006 niensis,
1367 961 1572 1008 Loqicam,
1587 962 1883 1000 Aritmeticam
1897 964 2139 1012 theoricam,

1178 1022 1356 1060 Tabulas
1375 1022 1653 1070 Caco-clarum,
1674 1024 1982 1064 C'alculationes
2009 1026 2138 1064 Chor-

1172 1084 1339 1130 clarum,
1365 1086 1411 1122 in
1433 1085 1779 1124 demostrationes
1809 1088 2053 1136 Almaqesti,
2094 1090 2142 1128 de
2190 1120 2196 1125 .

1166 1147 1521 1194 proportionibus,
1552 1149 1823 1195 AEquationes
1846 1151 2138 1199 planetarum,

1180 1208 1413 1256 Trifolium
1444 1210 1492 1246 de
1533 1219 1580 1247 re
1620 1211 1795 1257 medica,
1832 1212 2141 1250 Astronomiam

1175 1271 1499 1309 calculatoriam
1513 1273 1552 1308 et
1569 1272 1858 1317 judiciariam
1886 1276 1961 1312 etc.
1987 1276 2136 1313 Lelan-

1172 1331 1249 1367 dus
1276 1341 1365 1377 cap.
1398 1330 1490 1368 373.
1524 1332 1686 1369 Balaeus
1718 1334 1833 1371 Cent.
1865 1336 1934 1372 VI.
1959 1337 2023 1374 65.
2048 1339 2135 1374 Pit-

1174 1401 1270 1428 seus
1311 1401 1400 1438 cap.
1435 1392 1527 1429 681.

1229 1453 1386 1490 SIMON
1415 1456 1656 1493 Burneston
1685 1458 1790 1493 allas
1821 1458 1869 1495 de
1891 1460 2140 1506 Borastona,

1172 1515 1340 1552 Ordinis
1370 1516 1734 1554 Dominicanorum
1764 1520 2004 1568 Monachus,
2047 1525 2142 1569 post

1172 1579 1459 1625 Provincialis,
1491 1580 1533 1615 et
1564 1579 1805 1628 Theologiae
1838 1582 1988 1620 Doctor
2030 1585 2138 1621 Can-

1174 1641 1452 1688 tabrigiensis
1480 1643 1588 1679 circa
1615 1653 1652 1679 a.
1697 1643 1815 1681 1337.
1858 1646 2035 1693 Scripsit
2072 1650 2144 1686 Al-

1170 1703 1394 1751 pliabetum
1425 1705 1472 1742 cle
1506 1705 1715 1743 vocabulis
1748 1709 2112 1755 praedicabilibus
2134 1742 2143 1758 ,

1184 1764 1532 1804 C'oncordantiam
1545 1769 1807 1814 quorundam
1814 1772 2055 1820 Doctorum,
2066 1775 2145 1811 Di-

1174 1828 1422 1866 stinctiones
1470 1828 1744 1877 Tlieoloqiae,
1787 1832 1835 1870 de
1883 1832 2142 1874 Criminibus

1181 1890 1462 1936 corriffendis,
1484 1891 1533 1928 cle
1554 1892 1964 1942 orainejucliciario,
1987 1897 2034 1934 cle
2052 1900 2147 1935 uni-

1181 1952 1266 1988 tate
1300 1952 1340 1988 et
1372 1952 1518 1989 orcline
1550 1954 1879 1992 Ecclesiasticae
1901 1958 2144 2004 potestatis,

1181 2012 1230 2050 de
1244 2015 1513 2061 postulandis
1532 2015 1754 2064 suffrayiis
1775 2019 1850 2055 etc.
1865 2018 2025 2056 Balaeus
2040 2020 2145 2058 Cen-

1178 2075 1258 2112 tur.
1293 2077 1342 2112 V.
1374 2077 1438 2113 41.
1471 2078 1632 2115 Pitseus
1661 2089 1755 2126 cap,
1784 2079 1864 2117 513
1894 2082 1978 2118 JaC.
2010 2083 2152 2126 Quetif

1179 2139 1229 2175 de
1280 2139 1561 2186 Scriptoribus
1610 2140 1776 2178 Ordinis
1819 2144 2142 2187 Praedicatorum

1177 2199 1280 2236 tom.
1312 2200 1342 2236 I.
1375 2212 1413 2247 p.
1446 2201 1539 2238 594.
1571 2203 1792 2240 Altamura
1822 2216 1861 2250 p.
1895 2204 1985 2244 475.
2018 2207 2147 2245 Oudi-

1179 2271 1256 2298 nus
1287 2261 1358 2297 III.
1391 2273 1429 2309 p.
1461 2263 1552 2299 872.

1235 2325 1389 2361 SIMON
1417 2324 1603 2372 Camers,
1619 2327 1707 2363 sive
1729 2328 1776 2365 de
1803 2327 2145 2376 CamerinO,Ord.

1181 2387 1219 2423 S.
1262 2388 1517 2434 Augustini,
1558 2389 1754 2425 fundator
1800 2393 2145 2438 congregationis

1180 2450 1330 2486 Montis
1344 2449 1487 2487 Ortoni
1501 2451 1608 2497 apud
1630 2451 1863 2498 Patavium,
1877 2454 1948 2490 ubi
1968 2463 2004 2489 a.
2026 2454 2144 2492 1478.

1179 2510 1293 2547 obiit.
1326 2511 1502 2557 Scripsit
1547 2511 1771 2550 Sermones
1806 2514 1852 2549 in
1881 2513 2148 2560 festivitates

1180 2581 1356 2610 annuas.
1388 2573 1577 2609 ι1110001111
1606 2573 1710 2610 Β101.
1752 2574 1934 2611 Umbriae
1970 2587 2008 2622 p.
2054 2577 2144 2614 148.

1180 2633 1408 2670 Gandolfus
1437 2634 1485 2670 de
1515 2635 1704 2671 ducentis
1747 2635 2018 2681 scriptoribus
2059 2640 2144 2675 Au-

1181 2696 1437 2741 gustinianis
1466 2706 1505 2742 p.
1536 2697 1628 2733 315.

1236 2765 1393 2802 SIMON
1434 2767 1481 2804 cle
1518 2766 1706 2815 Gatana,
1739 2769 1831 2806 vide
1861 2770 1970 2807 infra
2002 2771 2147 2809 Simon

1182 2830 1229 2867 cle
1265 2830 1408 2868 Puteo.

1237 2892 1394 2929 SIMON
1440 2893 1650 2941 Fidatus,
1694 2897 1742 2933 de
1792 2896 1938 2935 Cassia
1986 2898 2146 2943 dictus,

1181 2956 1278 3001 quia
1307 2956 1453 2993 Cassia
1490 2958 1767 2995 Hernicorum
1808 2961 1908 2997 urbe
1948 2962 2147 2998 oriundus

1183 3019 1289 3066 erat,
1321 3020 1401 3056 fuit
1432 3021 1617 3058 Eremita
1648 3021 1815 3059 Ordinis
1846 3024 1885 3059 S.
1918 3024 2148 3070 Augustini

1182 3085 1226 3120 in
1240 3084 1448 3121 conventu
1468 3085 1722 3132 Florentino,
1743 3087 1811 3123 ubi
1836 3096 1871 3123 a.
1899 3086 2014 3124 1348.
2036 3088 2147 3125 diem

1184 3155 1305 3181 suum
1334 3147 1449 3182 obiit.
1482 3147 1676 3184 Prostant
1703 3148 1795 3193 ejus
1835 3148 2148 3188 Enarrationes

1184 3208 1448 3255 Evanyclicoe
1463 3210 1661 3247 veritatis
1692 3210 1780 3247 sive
1807 3209 1932 3248 Gesta
1955 3211 2149 3249 Salvato-

1186 3274 1264 3319 re's,
1301 3272 1414 3318 1485,
1439 3274 1528 3311 sine
1552 3284 1657 3311 auno
1680 3275 1734 3311 ct.
1757 3277 1858 3313 loco.
1880 3275 2005 3364 ῙΞῖιξΠ.
2032 3275 2146 3313 1507.
