2517 4009
651 232 680 270 l)
703 231 731 269 Ε

103 303 246 351 buerit,
276 303 386 342 facile
415 313 506 341 cum
546 313 644 353 opus
675 305 760 352 erit,
785 306 984 343 exercitus
1008 316 1053 344 ae

105 365 400 406 multitudinem
440 366 604 414 pecunia
647 366 899 415 comparabit.
944 366 1054 413 Quod

103 429 135 467 si
161 429 309 466 nonita
332 427 444 466 multi
472 428 609 465 nutriri
637 433 815 477 possunt,
840 428 1056 468 videndum

104 495 167 529 est
191 494 338 537 tamen,
368 494 411 528 ut
441 501 509 540 pro
541 491 790 540 vectigalium
817 495 973 529 tuorum
1001 503 1059 530 ra-

104 552 208 591 tione
253 551 466 590 nonnullos
510 551 680 601 habeas;
728 553 830 603 iique
871 552 936 591 tibi
982 564 1057 592 non

105 625 235 662 secuS,
265 625 310 654 ac
341 626 472 654 rerum
511 619 669 654 tuarum
713 616 821 654 salus
866 616 1059 654 carissimi

105 679 197 717 sint.
214 677 451 728 Magnopere
471 682 601 716 tamen
619 677 950 716 considerandum
974 679 1059 727 erit,

105 744 152 780 ut
179 750 247 778 eos
277 739 438 791 deligas,
468 751 568 790 quos
598 741 653 779 tui
680 741 990 787 amantissimos,
1020 744 1061 778 et

105 802 286 852 conjugis
315 803 370 841 tui
403 802 718 841 studiosissimos
748 813 836 841 esse
867 813 1062 853 cognove-

107 865 186 904 ris:
218 875 335 916 saepe
365 866 470 903 enim
515 865 676 914 accidit,
718 869 760 904 ut
802 876 903 915 quos
946 865 1061 917 longo

105 933 283 979 tempore
322 928 474 979 magnis
511 928 737 978 sumptibus
779 927 980 978 aluimus,
1027 930 1059 968 si

105 990 265 1044 quando
291 991 463 1029 maxime
487 990 709 1041 indigemus
735 1001 806 1028 nos
827 990 1060 1038 destituant,

107 1059 148 1094 et
178 1052 377 1092 interdum
408 1052 454 1091 ad
488 1052 621 1091 hostes
651 1057 869 1099 transeant,
898 1066 975 1104 quo
1006 1055 1061 1104 sit,

107 1121 152 1157 ut
183 1126 258 1154 non
290 1115 401 1154 nobis
430 1126 514 1164 eos,
545 1115 612 1154 sed
643 1120 779 1154 contra
811 1127 882 1154 nos
912 1117 1062 1158 tamdiu

108 1179 396 1230 paraverimus.
426 1177 612 1217 Nonnulli
653 1180 770 1217 etiam
811 1182 1063 1229 reperiuntur

108 1241 174 1291 qui
212 1239 306 1278 licet
347 1251 367 1278 a
410 1240 521 1278 nobis
564 1241 724 1279 minime
768 1242 1061 1293 transfugiant3

107 1304 242 1338 tamen
271 1310 363 1340 cum
393 1300 482 1338 belli
512 1300 673 1351 gerendi
713 1303 932 1340 necessitas
977 1315 1064 1354 pre-

109 1363 193 1409 mit,
224 1366 322 1400 tunc
351 1373 510 1413 operam
541 1374 652 1401 suam
680 1363 846 1412 jactant,
868 1369 964 1403 tuno
989 1366 1061 1404 sibi

109 1424 276 1462 nimium
307 1429 503 1475 arrogant,
533 1429 628 1463 tuno
658 1424 779 1464 duras
809 1425 928 1476 leges,
967 1438 1062 1478 gra-

110 1487 298 1536 vioraque
327 1497 459 1534 onera,
489 1491 529 1526 et
560 1487 705 1537 majora
730 1488 926 1538 stipendia
953 1489 1064 1527 nobis

110 1549 347 1599 imponunt:
377 1548 494 1600 quod,
539 1550 684 1597 nescio,
727 1562 774 1589 an
813 1550 926 1599 longe
957 1551 1066 1590 dete-

109 1610 292 1650 stabilius
321 1612 384 1659 sit,
414 1622 533 1662 quam
559 1611 608 1650 ab
640 1612 714 1650 illis
737 1611 878 1651 deseri.
905 1612 942 1651 Si
966 1625 1066 1664 quos

108 1685 214 1725 ergo,
246 1680 358 1713 nacta
388 1675 485 1720 eris,
515 1686 682 1724 quorum
716 1679 872 1725 praeter
901 1677 953 1714 rei
985 1676 1067 1715 bel·

109 1736 205 1775 licae
236 1737 456 1785 scientiam,
479 1737 595 1776 fidem
627 1739 745 1775 etiam
771 1749 861 1788 erga
889 1749 972 1786 vos,
997 1738 1064 1776 be-

109 1799 458 1850 nevolentiamque
510 1800 628 1850 probe
677 1801 948 1851 perspexeris,
997 1812 1064 1839 eos

111 1872 188 1899 non
220 1861 347 1900 solum
379 1864 544 1901 arctiore
576 1862 853 1910 familiaritate,
883 1865 1064 1914 comique

110 1938 294 1965 sermone
318 1926 385 1965 tibi
408 1926 631 1974 devincias;
649 1926 716 1964 sed
735 1928 853 1965 etiam
878 1932 917 1966 ut
937 1940 1066 1978 prom-

109 1991 268 2042 ptiores,
293 2002 338 2030 ac
361 1990 629 2042 diligentiores
653 1993 811 2040 efficias,
839 2004 906 2042 pro
930 1993 1065 2043 cujus-

109 2068 187 2107 que.
208 2056 372 2102 meritis,
403 2067 552 2106 proque
577 2060 735 2095 tuarum
763 2068 882 2107 opum
909 2059 1062 2097 ratione

109 2120 274 2170 largiore
299 2118 568 2158 munificentia
596 2120 856 2170 prosequeris.
882 2119 994 2167 Nam,
1021 2125 1064 2160 ut

110 2184 304 2232 omittam,
330 2181 434 2233 quod
461 2182 609 2220 virtute
626 2183 802 2233 insignes
826 2183 1063 2231 extollendo,

109 2256 177 2284 eos
208 2246 314 2296 ipsos
343 2245 412 2283 tibi
457 2245 646 2284 obnoxios
692 2245 860 2284 reddes:
903 2246 1065 2297 reliquis

109 2309 227 2347 etiam
259 2307 390 2358 (quod
425 2318 499 2345 non
532 2319 671 2357 parum
706 2307 965 2346 emolumenti
1009 2309 1064 2346 af-

110 2370 209 2419 fert)
239 2368 437 2420 quoddam
476 2369 588 2418 quasi
633 2369 762 2407 ealcar
804 2369 977 2419 adjicies,
1024 2374 1063 2408 et

109 2433 182 2471 hoo
211 2431 392 2481 exemplo
421 2429 700 2469 confirmabis:
732 2435 774 2469 ut
803 2432 835 2470 si
880 2432 1065 2471 beneme—

109 2494 231 2534 rendo
257 2495 341 2533 illos
366 2493 509 2532 imitari
534 2492 774 2542 studuerint,
801 2495 942 2532 similia
968 2506 1062 2545 quo·

107 2571 185 2610 que
237 2568 401 2597 munera
447 2567 489 2594 se
532 2560 852 2605 consequuturos
901 2558 1062 2596 minime

107 2622 335 2673 desperent.
352 2620 430 2660 Nisi
455 2619 560 2657 enim
579 2628 723 2667 majora
747 2618 922 2667 fortibus,
941 2632 1059 2670 quam

110 2685 264 2736 ignavis
284 2682 470 2734 praemia,
496 2681 743 2731 honoresque
767 2687 1060 2732 proponantur:

108 2745 444 2798 quemadmodum
476 2744 526 2782 illi
557 2755 716 2793 operam
747 2755 860 2782 suam
889 2755 963 2781 non
997 2756 1062 2783 na-

107 2808 287 2858 vabunt3
319 2808 375 2846 sic
420 2806 458 2845 hi
503 2817 721 2856 numquam
766 2804 812 2843 ad
860 2806 1060 2845 meliorem

111 2871 261 2922 frugem
310 2867 644 2909 emendabuntur.
694 2866 912 2905 Consuevit
956 2869 1061 2907 enim

111 2932 377 2971 inertissimus
407 2931 594 2981 quisque,
625 2929 688 2968 ubi
722 2930 938 2979 praemium
984 2942 1060 2968 non

109 2997 363 3045 assequatur,
393 3004 465 3031 suo
491 2993 615 3041 magis
642 2992 806 3041 ingenio,
830 3003 948 3040 quam
969 2993 1065 3031 alie-

111 3057 173 3094 nis
201 3054 544 3095 exhortationibus
574 3054 859 3104 obtemperare.

163 3117 238 3157 Sed
278 3118 453 3169 profecto
496 3117 562 3167 qui
612 3116 794 3165 regendis
838 3116 1063 3156 hominibus

112 3185 316 3230 praesunt,
347 3181 420 3219 nisi
452 3190 587 3218 eorum
620 3185 778 3228 peecata
804 3183 873 3217 aut
899 3179 1061 3227 tegibus,

108 3247 178 3281 aut
220 3243 416 3294 exemplis
458 3245 687 3286 coerceant,
730 3241 799 3278 lios
846 3252 917 3290 ego
959 3241 1061 3291 apud

110 3307 256 3344 summi
294 3306 363 3344 Dei
401 3303 571 3343 tribunal
610 3302 819 3353 aliquando
866 3303 1064 3352 negligen-

110 3368 185 3406 tiae
209 3377 306 3407 suae
327 3367 518 3407 rationem
545 3364 764 3405 reddituros
787 3364 965 3404 arbitror.
990 3365 1063 3404 Ne-

781 230 1164 270 l'RINCIPIS
1210 230 1533 272 OfFlctls

2005 235 2084 276 653

1129 315 1205 354 que
1236 305 1339 343 enim
1366 305 1454 345 data
1485 310 1546 345 est
1583 306 1656 346 illis
1679 317 1699 345 a
1722 308 1800 345 Deo
1825 312 2013 359 potestaS,
2043 312 2086 348 ut

1131 367 1232 405 diem
1266 368 1538 418 voluptaribus
1567 375 1787 419 conterant,
1815 375 1885 410 aut
1914 371 2085 411 subditis

1132 441 1286 468 errores
1309 431 1564 481 indulgeant3
1595 432 1663 471 sed
1691 439 1733 472 ut
1758 434 1922 484 populos
1946 446 2082 475 eorum

1131 505 1249 533 curae
1270 496 1505 534 commissos
1521 496 1634 534 bonis
1661 497 1836 536 moribus
1861 498 2084 546 instituant,

1132 562 1172 595 ct
1201 556 1248 595 ad
1280 558 1438 596 virtutis
1471 559 1543 598 iter
1571 558 1754 608 dirigant,
1784 562 1820 599 in
1853 573 1931 612 quo
1955 573 1975 601 a
2006 562 2086 613 ple-

1135 620 1266 670 risque
1297 622 1551 671 parumpensi
1585 621 1764 661 habetur.

1207 682 1436 728 Quinimmo
1482 684 1513 720 si
1563 685 1654 734 quis
1700 686 1844 723 terreni
1902 687 2090 738 principis

1134 744 1290 783 decreta
1329 746 1539 795 spreverit,
1570 751 1639 785 aut
1675 759 1833 798 quoque
1865 749 1978 788 modo
2009 750 2089 788 ino-

1135 807 1299 846 bediens
1338 809 1482 851 suerit,
1513 810 1648 846 statim
1686 809 1732 848 ad
1772 812 1995 850 carnilicem
2028 824 2088 851 ra-

1134 871 1254 920 pitur.
1298 871 1337 909 Si
1383 871 1473 920 quis
1519 882 1612 908 vero
1657 877 1791 910 contra
1828 871 2087 924 Omnipoten-

1135 933 1186 970 tis
1220 933 1288 970 Dei
1329 931 1464 980 jussa,
1501 937 1570 971 aut
1613 933 1819 972 interdicto
1867 935 1958 973 ludo
1995 936 2086 974 alie-

1136 1006 1184 1034 na
1229 997 1426 1045 rapuerit,
1471 999 1540 1034 aut
1584 997 1775 1045 ingenuos
1818 997 1960 1035 liberos
1996 1009 2088 1036 con·

1135 1058 1390 1108 stupraverit,
1433 1062 1502 1096 aut
1545 1059 1669 1096 Deum
1708 1063 1748 1097 et
1791 1060 1959 1098 Sanctos
2001 1060 2088 1111 ejus

1137 1121 1406 1170 spurcissimis
1437 1120 1690 1171 blasphemiis
1719 1121 1977 1170 lacessiverit,
2019 1129 2088 1163 aut

1136 1181 1242 1221 aliud
1275 1182 1508 1232 inexpiabile
1555 1183 1706 1222 facinus
1739 1183 1968 1233 admiserit,
2012 1197 2088 1224 non

1137 1244 1252 1284 modo
1282 1256 1357 1282 non
1389 1245 1593 1294 quaeritur
1621 1245 1667 1284 ad
1694 1258 1874 1296 paenam,
1900 1247 1966 1286 sed
1995 1249 2089 1298 ipsis

1137 1319 1294 1358 quoque
1326 1307 1568 1357 principibus
1598 1308 1880 1359 arridentibus,
1906 1312 2016 1360 quasi
2050 1322 2089 1349 re

1137 1370 1236 1407 bene
1266 1373 1376 1419 gesta
1423 1370 1582 1408 inflatus
1611 1382 1679 1420 per
1723 1371 1855 1410 limina
1899 1373 2091 1421 potentio·

1139 1442 1243 1476 rum,
1272 1435 1311 1468 et
1341 1432 1470 1481 populi
1507 1432 1768 1483 frequentiam
1801 1435 1961 1484 impune
2005 1446 2092 1473 ver-

1138 1498 1261 1532 satur.
1291 1493 1372 1531 tx'on
1405 1493 1521 1531 debet
1551 1495 1684 1545 igitur,
1715 1496 1780 1545 qui
1818 1507 1860 1534 se
1897 1498 2089 1547 optimum

1137 1557 1284 1604 Regem
1330 1555 1558 1606 profitetur,
1601 1559 1678 1607 pati
1733 1569 1873 1597 nomen
1929 1561 2091 1598 Divinae

1139 1618 1358 1667 Majestatis
1387 1619 1576 1657 conviciis
1611 1619 1802 1658 lacerarir
1844 1620 1910 1659 sed
1943 1626 1985 1660 ut
2027 1621 2094 1660 de-

1140 1679 1261 1718 bitam
1294 1691 1424 1718 rerum
1469 1682 1645 1719 omnium
1691 1683 1864 1721 Creatori
1908 1694 2093 1722 reveren-

1141 1743 1233 1781 tiam
1257 1747 1443 1793 praestet,
1468 1744 1710 1794 quicumque
1734 1745 1840 1783 illum
1864 1750 1932 1784 aut
1960 1745 2091 1794 verbo,

1138 1810 1207 1843 aut
1237 1810 1352 1855 gestu
1383 1805 1512 1855 aliquo
1544 1806 1689 1843 nefario
1727 1810 1920 1845 temerare
1965 1819 2092 1847 nusus

1140 1869 1270 1911 fuerit,
1301 1867 1444 1906 talibus
1474 1868 1675 1917 suppliciis
1705 1870 1911 1912 afficiatur.
1937 1875 1979 1909 ut
2002 1881 2090 1909 cae-

1142 1931 1237 1968 teris
1261 1930 1488 1980 exemplum
1519 1941 1607 1968 esse
1638 1933 1773 1981 possit.
1811 1933 1907 1971 Nam
1938 1933 1969 1970 si
2001 1932 2091 1970 data

1138 1998 1199 2032 est
1229 1993 1400 2042 Regibus
1431 1993 1611 2040 facultas,
1641 1998 1682 2032 ut
1703 1994 1784 2032 solo
1810 1994 1929 2033 verbo
1951 1995 2092 2045 flagitia

1141 2056 1381 2108 prohibendo
1424 2060 1580 2095 tantum
1626 2055 1794 2094 subditis
1824 2056 2025 2107 prodesse,
2054 2061 2094 2095 et

1138 2123 1264 2160 Deum
1312 2120 1503 2159 honorare
1544 2123 1719 2169 queant,
1763 2120 1827 2169 qui
1866 2119 1937 2158 hoc
1968 2119 2093 2158 facere

1139 2183 1378 2234 neglexerit,
1417 2193 1496 2233 quo
1526 2186 1724 2233 pretextu,
1753 2181 1949 2232 quibusve
1979 2183 2095 2221 ratio-

1139 2245 1257 2283 nibus
1291 2256 1404 2284 suam
1442 2244 1647 2283 excusabit
1690 2241 1920 2283 incuriam?
1958 2243 2094 2283 Ludus

1140 2318 1297 2358 quoque
1327 2307 1474 2353 talaris,
1504 2310 1545 2344 et
1574 2306 1816 2356 quicumque
1847 2306 1886 2344 in
1922 2317 1964 2344 se
2010 2310 2093 2345 tur-

1140 2369 1357 2419 pitudinem
1389 2368 1577 2414 continet,
1609 2367 1876 2418 prohibendus
1906 2373 1980 2416 est,
2025 2380 2092 2406 ne-

1138 2443 1214 2481 que
1246 2430 1318 2470 hoc
1347 2442 1366 2469 a
1405 2431 1577 2480 regentis
1619 2430 1744 2468 officio
1786 2429 1958 2469 alienum
2002 2441 2091 2469 esse

1133 2493 1313 2544 judices:
1345 2505 1391 2531 ex
1425 2503 1470 2530 eo
1502 2503 1672 2542 namque
1703 2491 1812 2537 ludo,
1859 2503 1948 2530 cum
1996 2492 2089 2530 nihil

1136 2557 1223 2596 boni
1257 2556 1475 2606 proveniat,
1505 2555 1603 2601 odia,
1642 2555 1820 2602 vulnera,
1865 2554 2007 2592 caedes
2048 2565 2088 2591 o-

1137 2622 1304 2664 riuntur,
1335 2623 1375 2656 et
1405 2618 1639 2669 plerumque
1678 2617 1869 2656 bonorum
1912 2616 2088 2655 omnium

1137 2682 1384 2728 amissiones,
1413 2691 1512 2730 quas
1544 2691 1619 2718 non
1667 2680 1791 2730 inopia
1835 2679 1979 2727 solum,
2020 2678 2089 2717 sed

1140 2745 1256 2792 furta,
1283 2743 1497 2787 latrocinia,
1519 2743 1693 2793 corporis
1718 2742 2028 2792 prostitutiones,
2051 2745 2091 2779 et

1139 2807 1263 2846 multa
1293 2805 1566 2856 hujuscemodi
1600 2806 1741 2856 flagitia
1777 2808 2090 2855 consequuntur.

1137 2869 1248 2916 Quod
1280 2870 1311 2907 si
1343 2869 1521 2907 remissio
1553 2868 1681 2918 aliqua
1711 2868 1910 2906 continuis
1954 2866 2092 2904 labori-

1139 2932 1212 2970 bus
1243 2929 1525 2980 interponenda
1557 2934 1643 2977 est3
1675 2929 1788 2967 lusus
1823 2928 1922 2978 pilae
1958 2939 1978 2966 a
2023 2938 2089 2965 vc-

1137 2993 1287 3030 teribus
1311 2993 1428 3030 etiam
1461 3002 1535 3029 non
1570 2991 1823 3040 improbatus,
1849 2989 2001 3034 calculi,
2029 3000 2091 3027 sa-

1139 3055 1305 3105 gittatio,
1350 3052 1496 3100 discus,
1538 3052 1735 3101 jaculatio,
1779 3052 1944 3101 aliaque,
1988 3061 2089 3100 quae.

1141 3127 1212 3154 nec
1243 3115 1468 3153 illiberalem
1491 3114 1720 3152 aviditatem
1745 3113 1905 3163 praeses·
1925 3117 2030 3153 runt.
2051 3117 2091 3150 et

1137 3177 1346 3227 aliquando
1378 3177 1464 3215 usui
1494 3187 1582 3213 esse
1605 3180 1779 3225 possunt,
1802 3176 1846 3213 iis
1870 3174 2089 3213 concedan-

1138 3244 1212 3278 tur.
1245 3240 1346 3285 Quin
1378 3240 1494 3277 etiam
1528 3238 1621 3277 utile
1660 3248 1748 3275 esse
1785 3237 1952 3275 arbitror
1994 3236 2086 3274 sub-

1135 3302 1227 3339 ditis
1258 3303 1352 3352 ipsis
1382 3301 1639 3352 persuadere,
1670 3304 1714 3338 ut
1757 3298 1913 3350 aliquod
1958 3299 2087 3337 missi-

1138 3366 1246 3412 tium,
1278 3364 1558 3403 balistarumve
1603 3373 1728 3414 genus
1766 3363 1935 3414 quisque
1978 3360 2081 3399 domi
