2517 4009
1105 292 1119 331 I

676 382 1198 450 MICHAELIS
1249 381 1541 447 FERNI

945 493 1310 527 MEDIOLANENSIS

439 585 743 653 JULII
815 586 1379 654 POMPONII
1453 587 1801 654 LAETI

853 699 1054 732 ELOGIUM
1078 697 1377 733 HISTORlCUM,

656 791 843 842 Fernus,
872 789 1114 845 Antiquarz'o
1143 789 1190 830 de
1218 788 1326 830 obitu
1357 787 1571 841 Pomponii.

172 941 328 1021 Julius
365 980 608 1032 Pomponius
639 981 801 1025 Laetus,
832 981 924 1021 felix
964 982 1086 1022 fortu-

119 1048 240 1084 natus
254 1043 447 1082 decessit:
471 1044 651 1083 Decessit
670 1045 908 1095 Pomponius
924 1045 1085 1095 linguae

120 1106 268 1146 latinae.
299 1108 541 1146 instaurator
572 1107 784 1146 maximus.
808 1107 871 1146 Sic
893 1108 1084 1150 morimur

117 1169 327 1209 mortales:
360 1180 433 1208 nec
457 1167 608 1220 juvant
631 1181 834 1220 quemque
875 1176 944 1209 aut
968 1182 1082 1222 opes,

117 1235 187 1271 aut
216 1230 461 1282 disciplinae.
491 1232 612 1270 Homo
643 1243 802 1283 semper
841 1234 997 1272 attrivit
1039 1246 1083 1273 se

116 1293 318 1332 continuis
349 1292 512 1343 vigiliis:
551 1293 782 1333 Studiorum
819 1295 1081 1336 assiduitate:

116 1355 244 1396 multa
273 1359 472 1394 terrarum
519 1358 791 1408 peragratione
837 1356 874 1394 id
918 1358 1080 1397 tandem

117 1419 304 1467 affectus,
336 1422 380 1458 ut
406 1419 590 1470 princeps
612 1420 878 1458 litteratorum
901 1423 1080 1460 omnium

116 1486 158 1522 et
188 1481 414 1529 haberetur,
448 1486 487 1520 et
516 1486 641 1530 esset,
671 1493 748 1521 una
779 1484 958 1522 omnium
989 1495 1081 1522 con-

117 1545 329 1589 sensione:
360 1543 429 1583 sed
463 1543 499 1583 id
532 1556 736 1596 nunquam
767 1545 954 1595 affectus,
985 1549 1082 1598 quin

115 1609 188 1648 sibi
219 1619 378 1659 quoque
408 1607 679 1659 oppetendum
711 1608 810 1646 foret
835 1620 912 1648 una
936 1615 1084 1649 morta-

117 1672 214 1712 lium
245 1672 424 1711 omnium
458 1671 554 1722 lege.
600 1671 687 1717 Quo
722 1672 925 1722 emigrasti
970 1674 1084 1712 Pom·

114 1732 238 1786 poni?
268 1734 340 1774 Ubi
372 1733 461 1773 illae
491 1739 583 1773 tuae
608 1733 799 1783 junoniae
830 1732 961 1773 aves?
999 1737 1081 1775 Tua

118 1796 184 1836 illa
212 1797 339 1848 stupri
374 1796 505 1835 nescia
539 1794 722 1835 Catella?
751 1797 844 1836 Illae
872 1809 1081 1838 nemorosa

117 1856 296 1897 inclusae
311 1867 432 1897 cavea
454 1856 635 1908 garrulae
660 1855 870 1897 aviculae?
885 1859 1083 1908 Moerent,

118 1925 305 1973 gemunt:
337 1919 598 1972 singultiunt:
637 1920 800 1970 lugent:
847 1921 884 1959 in
930 1922 1076 1972 quibus

119 1984 492 2036 tranquillissimam
525 1985 647 2022 vitam
692 1982 945 2023 traducebas:
989 1985 1074 2031 Quo

121 2049 177 2088 tui
194 2046 376 2094 videndi,
390 2046 630 2096 demirandi3
651 2047 964 2098 contemplandi;
982 2048 1085 2089 addo

120 2111 241 2151 etiam
277 2109 467 2150 adorandi
491 2120 611 2149 causa
631 2138 642 2154 ,
667 2113 776 2149 totus
800 2111 911 2150 velut
929 2111 976 2151 ad
1004 2113 1091 2151 uni·

120 2184 211 2213 cum
242 2173 447 2213 literarum
477 2172 682 2213 oraculum
708 2174 933 2214 confluebat
958 2175 1088 2225 orbis,

123 2237 412 2277 Constantinam
443 2237 633 2286 Terinae,
664 2236 727 2275 illa
771 2238 916 2276 infesta
961 2238 1088 2276 omni-

126 2301 204 2341 bus
233 2310 340 2338 mors
368 2299 621 2343 execrabilis,
652 2303 692 2338 et
722 2311 881 2350 semper
911 2300 1088 2350 probris,

126 2362 301 2402 convitio
330 2360 433 2410 dira,
467 2361 529 2400 vel
559 2361 608 2400 ob
638 2361 712 2400 hoc
742 2362 870 2401 solum
897 2363 1089 2414 impreca-

125 2426 231 2464 tione
253 2423 502 2463 detestanda.
529 2424 611 2463 Non
638 2435 801 2475 possum
827 2425 976 2464 referre
999 2425 1086 2474 tibi,

126 2493 277 2541 quanto
305 2487 427 2538 hujus
456 2487 495 2525 in
525 2486 634 2526 obitu
664 2488 844 2538 perculsa
873 2488 994 2527 Roma
1018 2487 1088 2526 do-

126 2552 222 2592 lore.
251 2551 499 2591 Contuemur
530 2560 623 2598 nos,
667 2554 863 2601 quotquot
906 2551 944 2589 in
990 2550 1087 2590 urbe

127 2625 293 2664 sumus,
322 2613 490 2654 studiosi
520 2613 727 2662 alterutri,
757 2619 795 2652 et
828 2614 864 2652 in
894 2615 978 2665 ipso
996 2625 1089 2652 con-

131 2678 357 2719 funduntur
374 2676 516 2716 obtutu
530 2676 658 2724 oculi,
684 2678 796 2727 quasi
818 2677 965 2728 pudeat
986 2678 1086 2716 mili-

129 2746 192 2783 tes
221 2743 459 2793 imperatore
489 2751 561 2779 suo
581 2740 824 2786 destitutos,
855 2744 1006 2779 tantam
1029 2740 1089 2792 ja-

129 2807 286 2844 cturam
306 2802 344 2840 in
377 2812 461 2840 rem
492 2799 706 2838 literariam
725 2800 954 2849 accepisse3
978 2802 1089 2838 tanto

130 2865 308 2918 principe
323 2868 515 2904 cunctum
533 2861 701 2901 latinum
728 2861 959 2911 imperium,
983 2860 1087 2911 quod

132 2927 197 2968 hic
211 2928 250 2966 in
264 2926 459 2979 dignitate
476 2925 622 2965 florens
643 2929 683 2963 et
707 2923 910 2963 excelsum
933 2924 1090 2973 sapien-

132 2990 288 3031 tissime
316 2987 594 3036 custodiebas,
633 2987 813 3026 orbatum
860 2996 964 3024 esse.
994 2985 1092 3032 Quis

132 3052 303 3093 alterum
325 3051 467 3092 reddet
488 3051 600 3090 nobis
626 3047 917 3101 Pomponium?
937 3049 1090 3087 Passim

131 3125 332 3168 rogamus.
349 3115 448 3162 Quis
463 3115 501 3154 in
523 3114 628 3153 illius
644 3123 774 3152 arcem
795 3116 873 3150 tam
891 3111 1092 3158 eminens,

135 3182 176 3218 et
204 3178 351 3227 elatuS,
381 3177 542 3218 audebit
562 3188 606 3216 se
628 3171 793 3227 rapere?
816 3174 888 3214 Cui
915 3184 1090 3224 unquam

136 3245 299 3291 natura,
330 3240 516 3288 coelum,
545 3239 698 3290 superi,
730 3236 841 3276 inferi
874 3241 952 3275 tam
999 3247 1091 3274 con-

134 3304 241 3346 cordi
256 3315 459 3344 consensu
475 3301 753 3356 praestabunt,
769 3304 813 3340 ut
830 3298 1087 3349 Pomponium

134 3367 312 3424 ingenio,
333 3366 495 3419 studiis,
512 3365 758 3418 cognitione,
775 3361 989 3415 probitate,
1013 3360 1088 3400 fide

1159 980 1306 1020 referre
1322 979 1448 1031 possit
1469 983 1538 1019 aut
1554 979 1706 1032 gratia?
1727 982 1977 1033 Contempsit
1999 983 2122 1034 (quod

1159 1056 1231 1083 sua
1262 1055 1421 1094 semper
1453 1047 1592 1082 natura
1626 1044 1717 1093 fuit)
1748 1045 1795 1084 ad
1827 1057 2028 1085 summam
2055 1047 2122 1086 ad-

1158 1107 1407 1145 mirationem
1439 1117 1598 1145 omnem
1631 1118 1789 1158 semper
1821 1109 1986 1158 fastum,
2022 1109 2120 1149 adeo

1160 1180 1309 1220 usque,
1343 1173 1386 1207 ut
1416 1168 1512 1207 nulli
1547 1180 1722 1220 unquam
1750 1172 1938 1222 principi,
1971 1173 2006 1209 in
2034 1173 2120 1222 qui-

1155 1231 1229 1270 bus
1259 1231 1451 1270 familiare
1484 1231 1576 1270 illud
1615 1233 1765 1271 crimen
1811 1238 1898 1279 est,
1943 1233 2115 1273 adiicere

1157 1305 1200 1332 se
1217 1294 1407 1342 voluerit3
1431 1294 1585 1333 illorum
1610 1300 1720 1344 gesta
1747 1295 1808 1333 vel
1834 1307 1975 1345 magno
2000 1308 2122 1348 quae-

1155 1358 1258 1395 situs
1287 1356 1484 1406 stipendio
1515 1357 1737 1403 scribenda,
1770 1370 1818 1396 ne
1850 1358 1946 1409 quid
1974 1364 2120 1398 morta-

1156 1419 1251 1458 lium
1276 1419 1343 1458 ulli
1365 1418 1551 1466 deberet,
1577 1420 1648 1457 sibi
1669 1419 1961 1471 desumpserit,
1989 1423 2116 1472 ipsam

1156 1486 1323 1521 naturae
1353 1491 1449 1519 suae
1481 1482 1709 1520 facilitatem
1737 1487 1777 1521 et
1798 1483 1992 1522 libertatis
2021 1485 2123 1522 invi-

1156 1544 1232 1584 dia.
1264 1545 1388 1583 Natus
1432 1549 1534 1583 erat‘
1585 1544 1621 1583 i=l
1665 1545 1770 1596 quod
1813 1557 1888 1584 non
1935 1548 2119 1597 ignoras,

1157 1607 1500 1646 salernitanorum
1537 1608 1759 1658 principum
1804 1609 2022 1648 clarissimo
2070 1609 2118 1648 de

1158 1671 1373 1720 sanguine:
1406 1670 1617 1709 Caeterum
1649 1670 1781 1710 studio
1822 1672 2055 1720 literarum,
2085 1676 2126 1712 et

1158 1733 1314 1771 virtutis
1358 1733 1598 1783 fragrantia,
1648 1745 1720 1773 nec
1764 1735 1891 1785 regias
1943 1746 2120 1786 unquam

1156 1796 1356 1846 quaesivit
1385 1800 1454 1834 aut
1483 1807 1578 1846 opes
1608 1801 1678 1835 aut
1708 1797 1902 1837 honores:
1937 1809 2009 1837 nec
2031 1799 2114 1838 lau·

1155 1857 1266 1897 davit
1296 1859 1334 1897 in
1365 1860 1472 1898 omni
1503 1861 1582 1898 vita
1613 1860 1719 1899 aliud
1751 1872 1930 1911 unquam
1969 1862 2114 1913 magis,

1156 1932 1277 1971 quam
1308 1921 1508 1973 despectis
1554 1923 1739 1962 maximis
1779 1923 2037 1963 facultatibus
2083 1926 2121 1963 in

1149 1982 1330 2023 libertate
1361 1985 1431 2024 sibi
1464 1986 1614 2024 vivere.
1642 1985 1859 2024 Urbanitas
1882 1991 1967 2024 erat
1992 1987 2030 2025 in
2055 1986 2119 2025 illo

1164 2048 1361 2099 plurima,
1391 2048 1577 2088 omnibus
1605 2050 1732 2087 comis
1760 2052 1800 2086 et
1836 2049 2127 2100 perbenignuS,

1165 2110 1234 2149 sed
1283 2122 1524 2162 congressus
1574 2110 1824 2161 quorundam
1875 2111 2121 2151 nebulonum

1165 2175 1602 2224 arrogantissimorum,
1625 2185 1794 2224 quorum
1817 2174 2025 2223 affluebat,
2047 2185 2124 2213 non

1164 2240 1245 2274 tam
1277 2234 1503 2273 ostentandi
1535 2235 1594 2273 sui
1625 2246 1770 2283 causa,
1814 2246 1934 2286 quarn
1978 2246 2126 2275 nomen

1164 2299 1282 2336 etiam
1322 2302 1362 2335 et
1404 2298 1547 2336 samam
1591 2309 1639 2336 ex
1685 2298 1789 2337 illius
1831 2297 2124 2337 consuetudine

1163 2360 1235 2399 sibi
1268 2359 1528 2410 indipiscendi
1567 2360 1724 2399 turbam
1768 2371 1818 2399 ex
1862 2361 1968 2398 omni
2014 2360 2125 2399 Italia

1165 2426 1380 2462 maximam
1416 2423 1638 2473 refugebat.
1669 2424 1727 2461 Me
1758 2433 1942 2473 semper,
1972 2426 2016 2461 ut
2043 2422 2127 2461 avi-

1163 2487 1302 2527 dulum
1333 2487 1557 2534 literarum,
1587 2491 1627 2524 et
1657 2497 1751 2525 vere
1783 2486 1888 2525 illius
1912 2489 2116 2536 praestan-

1163 2550 1341 2588 tissimae
1379 2554 1419 2587 et
1456 2548 1614 2587 divinae
1645 2548 1807 2587 virtutis
1837 2547 2118 2586 admiratorem

1162 2614 1396 2652 continuum
1428 2616 1609 2650 amanter
1639 2616 1701 2649 est
1724 2610 1974 2661 complexus:
2001 2610 2121 2648 etiam

1161 2686 1304 2715 arcana
1335 2675 1466 2725 aliqua
1496 2674 1697 2713 credebat.
1721 2674 1934 2713 Multorum
1960 2671 2122 2724 populo-

1163 2750 1274 2784 rum,
1305 2740 1536 2785 nationum,
1576 2739 1783 2788 gentium,
1814 2747 1914 2788 quos
1957 2735 2118 2784 adierit,

1165 2812 1321 2850 mores,
1352 2802 1475 2840 vitam
1511 2801 1736 2840 enarrabat.
1778 2801 1833 2838 De
1877 2799 2121 2850 principibus

1166 2865 1314 2912 multa,
1340 2868 1535 2915 quantum
1562 2863 1829 2914 peritissimus
1849 2863 2018 2912 quisque
2043 2861 2128 2900 Rei-

1165 2927 1344 2979 publicae
1381 2926 1701 2972 administrator,
1747 2925 1880 2975 procul
1926 2924 1975 2963 ab
2018 2923 2125 2962 omni

1167 3001 1333 3029 munere
1362 2989 1538 3039 publico,
1567 2988 1801 3026 disserebat.
1833 2987 2016 3026 Exentus
2063 2997 2123 3024 re-

1166 3063 1255 3091 rum
1286 3051 1401 3101 longe
1437 3055 1529 3089 ante
1575 3049 1734 3088 videbat
1779 3048 2124 3099 praedicebatque.

1166 3114 1275 3161 Quae
1305 3113 1430 3152 oculis
1459 3111 1697 3162 subjecisset
1738 3113 1844 3151 varia
1892 3111 1997 3149 orbis
2042 3111 2126 3150 loca

1165 3175 1267 3227 apud
1282 3175 1599 3225 Cosmographos
1609 3176 1798 3226 castigata
1814 3173 2127 3213 demonstrabat.

1164 3238 1373 3289 Cogitabat
1418 3248 1722 3287 nonnumquam
1767 3236 1815 3276 ad
1861 3236 2126 3287 peritissimos

1164 3300 1282 3340 Indos
1311 3312 1354 3340 se
1386 3301 1624 3344 transferre,
1653 3305 1692 3338 ct
1718 3299 1819 3339 hanc
1844 3299 1953 3338 urbis
1978 3299 2126 3348 parcis·

1164 3365 1307 3405 simam
1335 3364 1624 3413 conditionem,
1654 3364 1728 3402 nisi
1752 3361 2115 3403 eruditissimorum
