<?xml version="1.0" encoding="UTF-8"?>
<!DOCTYPE html PUBLIC "-//W3C//DTD XHTML 1.0 Transitional//EN"
    "http://www.w3.org/TR/xhtml1/DTD/xhtml1-transitional.dtd">
<html xmlns="http://www.w3.org/1999/xhtml" xml:lang="en" lang="en">
 <head>
  <title>
</title>
<meta http-equiv="Content-Type" content="text/html;charset=utf-8" />
  <meta name='ocr-system' content='tesseract 3.04.00' />
  <meta name='ocr-capabilities' content='ocr_page ocr_carea ocr_par ocr_line ocrx_word'/>
</head>
<body>
  <div class='ocr_page' id='page_1' title='image "./bibliothecalatin05fabruoft/bibliothecalatin05fabruoft_0138.png"; bbox 0 0 2533 4009; ppageno 0'>
   <div class='ocr_carea' id='block_1_1' title="bbox 465 261 1432 1989">
    <p class='ocr_par' dir='ltr' id='par_1_1' title="bbox 465 261 1432 1989">
     <span class='ocr_line' id='line_1_1' title="bbox 467 261 542 299; baseline 0 0"><span class='ocrx_word' id='word_1_1' title='bbox 467 261 542 299; x_wconf 75' lang='lat'>132</span> 
     </span>
     <span class='ocr_line' id='line_1_2' title="bbox 466 324 1422 382; baseline -0.008 -12"><span class='ocrx_word' id='word_1_2' title='bbox 466 334 532 382; x_wconf 86' lang='lat' dir='ltr'>qui</span> <span class='ocrx_word' id='word_1_3' title='bbox 579 332 736 380; x_wconf 76' lang='lat' dir='ltr'>incipit:</span> <span class='ocrx_word' id='word_1_4' title='bbox 770 327 926 365; x_wconf 67' lang='lat' dir='ltr'>Sincere</span> <span class='ocrx_word' id='word_1_5' title='bbox 957 330 991 363; x_wconf 79' lang='lat' dir='ltr'>et</span> <span class='ocrx_word' id='word_1_6' title='bbox 1027 326 1108 363; x_wconf 77' lang='lat' dir='ltr'>sine</span> <span class='ocrx_word' id='word_1_7' title='bbox 1151 324 1422 371; x_wconf 73' lang='lat' dir='ltr'>siinulati&#39;onc‚</span> 
     </span>
     <span class='ocr_line' id='line_1_3' title="bbox 465 385 1425 444; baseline -0.01 -11"><span class='ocrx_word' id='word_1_8' title='bbox 465 404 690 444; x_wconf 77' lang='lat' dir='ltr'>quanquam</span> <span class='ocrx_word' id='word_1_9' title='bbox 717 388 922 427; x_wconf 81' lang='lat' dir='ltr'>dedicatus</span> <span class='ocrx_word' id='word_1_10' title='bbox 947 385 1075 424; x_wconf 82' lang='lat' dir='ltr'>eidem</span> <span class='ocrx_word' id='word_1_11' title='bbox 1101 386 1321 434; x_wconf 75' lang='lat' dir='ltr'>Guilelmo,</span> <span class='ocrx_word' id='word_1_12' title='bbox 1347 387 1425 424; x_wconf 88' lang='lat' dir='ltr'>Eli-</span> 
     </span>
     <span class='ocr_line' id='line_1_4' title="bbox 468 447 1427 503; baseline -0.01 -9"><span class='ocrx_word' id='word_1_13' title='bbox 468 457 550 493; x_wconf 82' lang='lat' dir='ltr'>ensi</span> <span class='ocrx_word' id='word_1_14' title='bbox 580 456 785 503; x_wconf 68' lang='lat' dir='ltr'>Episcopo,</span> <span class='ocrx_word' id='word_1_15' title='bbox 806 450 867 485; x_wconf 80' lang='lat' dir='ltr'>cui</span> <span class='ocrx_word' id='word_1_16' title='bbox 890 449 1118 487; x_wconf 89' lang='lat' dir='ltr'>Brunellum</span> <span class='ocrx_word' id='word_1_17' title='bbox 1142 447 1319 497; x_wconf 81' lang='lat' dir='ltr'>Nigellus</span> <span class='ocrx_word' id='word_1_18' title='bbox 1335 459 1427 486; x_wconf 88' lang='lat' dir='ltr'>con—</span> 
     </span>
     <span class='ocr_line' id='line_1_5' title="bbox 468 511 1426 555; baseline -0.003 -6"><span class='ocrx_word' id='word_1_19' title='bbox 468 517 662 555; x_wconf 67' lang='lat' dir='ltr'>secravit:</span> <span class='ocrx_word' id='word_1_20' title='bbox 695 514 797 548; x_wconf 83' lang='lat' dir='ltr'>sicut</span> <span class='ocrx_word' id='word_1_21' title='bbox 827 511 945 548; x_wconf 82' lang='lat' dir='ltr'>ctiam</span> <span class='ocrx_word' id='word_1_22' title='bbox 992 521 1134 548; x_wconf 80' lang='lat' dir='ltr'>versus</span> <span class='ocrx_word' id='word_1_23' title='bbox 1176 511 1426 548; x_wconf 76' lang='lat' dir='ltr'>continentes</span> 
     </span>
     <span class='ocr_line' id='line_1_6' title="bbox 467 571 1427 618; baseline -0.007 -4"><span class='ocrx_word' id='word_1_24' title='bbox 467 577 611 617; x_wconf 66' lang='lat' dir='ltr'>,nonita</span> <span class='ocrx_word' id='word_1_25' title='bbox 640 571 839 618; x_wconf 76' lang='lat' dir='ltr'>Moralia,</span> <span class='ocrx_word' id='word_1_26' title='bbox 868 572 916 610; x_wconf 81' lang='lat' dir='ltr'>de</span> <span class='ocrx_word' id='word_1_27' title='bbox 942 573 1156 610; x_wconf 86' lang='lat' dir='ltr'>virtutibus</span> <span class='ocrx_word' id='word_1_28' title='bbox 1180 577 1218 609; x_wconf 83' lang='lat' dir='ltr'>et</span> <span class='ocrx_word' id='word_1_29' title='bbox 1245 572 1350 608; x_wconf 83' lang='lat' dir='ltr'>vitiis</span> <span class='ocrx_word' id='word_1_30' title='bbox 1370 582 1427 608; x_wconf 84' lang='lat' dir='ltr'>rc-</span> 
     </span>
     <span class='ocr_line' id='line_1_7' title="bbox 466 633 1429 685; baseline -0.007 -9"><span class='ocrx_word' id='word_1_31' title='bbox 466 640 618 685; x_wconf 81' lang='lat' dir='ltr'>busque</span> <span class='ocrx_word' id='word_1_32' title='bbox 650 636 799 680; x_wconf 82' lang='lat' dir='ltr'>sacris,</span> <span class='ocrx_word' id='word_1_33' title='bbox 833 634 1177 685; x_wconf 81' lang='lat' dir='ltr'>miscellaneisque</span> <span class='ocrx_word' id='word_1_34' title='bbox 1207 633 1319 680; x_wconf 83' lang='lat' dir='ltr'>aliis,</span> <span class='ocrx_word' id='word_1_35' title='bbox 1353 633 1429 670; x_wconf 83' lang='lat' dir='ltr'>Ma-</span> 
     </span>
     <span class='ocr_line' id='line_1_8' title="bbox 468 694 1426 747; baseline -0.008 -9"><span class='ocrx_word' id='word_1_36' title='bbox 468 699 693 747; x_wconf 80' lang='lat' dir='ltr'>nuscriptos</span> <span class='ocrx_word' id='word_1_37' title='bbox 742 698 778 733; x_wconf 94' lang='lat' dir='ltr'>in</span> <span class='ocrx_word' id='word_1_38' title='bbox 827 695 923 733; x_wconf 84' lang='lat' dir='ltr'>Bibl.</span> <span class='ocrx_word' id='word_1_39' title='bbox 971 696 1214 734; x_wconf 85' lang='lat' dir='ltr'>Cottoniana.</span> <span class='ocrx_word' id='word_1_40' title='bbox 1264 694 1426 732; x_wconf 81' lang='lat' dir='ltr'>Caetera</span> 
     </span>
     <span class='ocr_line' id='line_1_9' title="bbox 465 755 1428 811; baseline -0.008 -11"><span class='ocrx_word' id='word_1_41' title='bbox 465 760 566 811; x_wconf 80' lang='lat' dir='ltr'>apud</span> <span class='ocrx_word' id='word_1_42' title='bbox 615 760 775 797; x_wconf 84' lang='lat' dir='ltr'>Baleum</span> <span class='ocrx_word' id='word_1_43' title='bbox 807 763 846 796; x_wconf 81' lang='lat' dir='ltr'>ct</span> <span class='ocrx_word' id='word_1_44' title='bbox 891 760 1064 796; x_wconf 83' lang='lat' dir='ltr'>Pitseum</span> <span class='ocrx_word' id='word_1_45' title='bbox 1103 762 1223 795; x_wconf 89' lang='lat' dir='ltr'>sunt:</span> <span class='ocrx_word' id='word_1_46' title='bbox 1255 755 1301 794; x_wconf 85' lang='lat' dir='ltr'>ad</span> <span class='ocrx_word' id='word_1_47' title='bbox 1333 766 1428 793; x_wconf 78' lang='lat' dir='ltr'>eun-</span> 
     </span>
     <span class='ocr_line' id='line_1_10' title="bbox 466 815 1428 871; baseline -0.008 -10"><span class='ocrx_word' id='word_1_48' title='bbox 466 824 554 861; x_wconf 85' lang='lat' dir='ltr'>dem</span> <span class='ocrx_word' id='word_1_49' title='bbox 605 821 844 860; x_wconf 82' lang='lat' dir='ltr'>Guilelmum</span> <span class='ocrx_word' id='word_1_50' title='bbox 897 819 1074 871; x_wconf 73' lang='lat' dir='ltr'>Epistola</span> <span class='ocrx_word' id='word_1_51' title='bbox 1117 818 1162 857; x_wconf 81' lang='lat' dir='ltr'>de</span> <span class='ocrx_word' id='word_1_52' title='bbox 1213 815 1428 856; x_wconf 75' lang='lat' dir='ltr'>eruditione</span> 
     </span>
     <span class='ocr_line' id='line_1_11' title="bbox 465 880 1427 923; baseline -0.008 -1"><span class='ocrx_word' id='word_1_53' title='bbox 465 882 772 922; x_wconf 72' lang='lat' dir='ltr'>praelatorum:</span> <span class='ocrx_word' id='word_1_54' title='bbox 806 880 1093 921; x_wconf 66' lang='lat' dir='ltr'>Commentarii&#39;</span> <span class='ocrx_word' id='word_1_55' title='bbox 1132 881 1427 923; x_wconf 82' lang='lat' dir='ltr'>Numerorum,</span> 
     </span>
     <span class='ocr_line' id='line_1_12' title="bbox 466 939 1426 994; baseline -0.008 -10"><span class='ocrx_word' id='word_1_56' title='bbox 466 946 537 984; x_wconf 88' lang='lat' dir='ltr'>hoc</span> <span class='ocrx_word' id='word_1_57' title='bbox 581 951 668 984; x_wconf 81' lang='lat' dir='ltr'>est.</span> <span class='ocrx_word' id='word_1_58' title='bbox 700 950 742 983; x_wconf 88' lang='lat' dir='ltr'>ut</span> <span class='ocrx_word' id='word_1_59' title='bbox 783 945 981 994; x_wconf 71' lang='lat' dir='ltr'>intelligo,</span> <span class='ocrx_word' id='word_1_60' title='bbox 1013 945 1048 980; x_wconf 90' lang='lat' dir='ltr'>in</span> <span class='ocrx_word' id='word_1_61' title='bbox 1094 943 1353 980; x_wconf 77' lang='lat' dir='ltr'>Numerorum</span> <span class='ocrx_word' id='word_1_62' title='bbox 1385 939 1426 976; x_wconf 86' lang='lat' dir='ltr'>li-</span> 
     </span>
     <span class='ocr_line' id='line_1_13' title="bbox 466 1000 1427 1054; baseline -0.008 -7"><span class='ocrx_word' id='word_1_63' title='bbox 466 1010 580 1047; x_wconf 90' lang='lat' dir='ltr'>brum</span> <span class='ocrx_word' id='word_1_64' title='bbox 603 1036 612 1054; x_wconf 91' lang='lat'><strong><em>‚</em></strong></span> <span class='ocrx_word' id='word_1_65' title='bbox 643 1009 695 1045; x_wconf 86' lang='lat' dir='ltr'>De</span> <span class='ocrx_word' id='word_1_66' title='bbox 724 1007 829 1045; x_wconf 79' lang='lat' dir='ltr'>vitiis</span> <span class='ocrx_word' id='word_1_67' title='bbox 861 1006 1114 1044; x_wconf 76' lang='lat' dir='ltr'>Curatorum.</span> <span class='ocrx_word' id='word_1_68' title='bbox 1143 1005 1260 1052; x_wconf 87' lang='lat' dir='ltr'>incip.</span> <span class='ocrx_word' id='word_1_69' title='bbox 1284 1000 1427 1040; x_wconf 76' lang='lat' dir='ltr'>Sentice</span> 
     </span>
     <span class='ocr_line' id='line_1_14' title="bbox 466 1062 1425 1108; baseline -0.008 0"><span class='ocrx_word' id='word_1_70' title='bbox 466 1069 512 1108; x_wconf 79' lang='lat' dir='ltr'>de</span> <span class='ocrx_word' id='word_1_71' title='bbox 541 1069 700 1107; x_wconf 74' lang='lat' dir='ltr'>Domino</span> <span class='ocrx_word' id='word_1_72' title='bbox 736 1069 773 1105; x_wconf 75' lang='lat' dir='ltr'>ia</span> <span class='ocrx_word' id='word_1_73' title='bbox 798 1067 977 1104; x_wconf 74' lang='lat' dir='ltr'>bonitate.</span> <span class='ocrx_word' id='word_1_74' title='bbox 1003 1065 1155 1105; x_wconf 79' lang='lat' dir='ltr'>Mom&#39;ta</span> <span class='ocrx_word' id='word_1_75' title='bbox 1183 1063 1236 1102; x_wconf 83' lang='lat' dir='ltr'>ad</span> <span class='ocrx_word' id='word_1_76' title='bbox 1256 1062 1425 1101; x_wconf 77' lang='lat' dir='ltr'>amicum</span> 
     </span>
     <span class='ocr_line' id='line_1_15' title="bbox 465 1124 1423 1182; baseline -0.008 -12"><span class='ocrx_word' id='word_1_77' title='bbox 465 1133 585 1182; x_wconf 85' lang='lat' dir='ltr'>Incip.</span> <span class='ocrx_word' id='word_1_78' title='bbox 618 1133 828 1180; x_wconf 80' lang='lat' dir='ltr'>Postquam</span> <span class='ocrx_word' id='word_1_79' title='bbox 873 1128 999 1167; x_wconf 77' lang='lat' dir='ltr'>tristis</span> <span class='ocrx_word' id='word_1_80' title='bbox 1051 1127 1183 1178; x_wconf 75' lang='lat' dir='ltr'>hyems</span> <span class='ocrx_word' id='word_1_81' title='bbox 1234 1124 1423 1177; x_wconf 72' lang='lat' dir='ltr'>Zephyro.</span> 
     </span>
     <span class='ocr_line' id='line_1_16' title="bbox 469 1186 1426 1241; baseline -0.004 -13"><span class='ocrx_word' id='word_1_82' title='bbox 469 1193 618 1233; x_wconf 78' lang='lat' dir='ltr'>Contra</span> <span class='ocrx_word' id='word_1_83' title='bbox 649 1190 891 1229; x_wconf 71' lang='lat' dir='ltr'>barbariem.</span> <span class='ocrx_word' id='word_1_84' title='bbox 921 1191 1040 1241; x_wconf 86' lang='lat' dir='ltr'>lncip.</span> <span class='ocrx_word' id='word_1_85' title='bbox 1072 1189 1117 1229; x_wconf 81' lang='lat' dir='ltr'>Si</span> <span class='ocrx_word' id='word_1_86' title='bbox 1135 1188 1233 1227; x_wconf 65' lang='lat' dir='ltr'>mihi</span> <span class='ocrx_word' id='word_1_87' title='bbox 1254 1186 1426 1226; x_wconf 74' lang='lat' dir='ltr'>credide-</span> 
     </span>
     <span class='ocr_line' id='line_1_17' title="bbox 467 1250 1428 1305; baseline -0.007 -12"><span class='ocrx_word' id='word_1_88' title='bbox 467 1256 527 1293; x_wconf 84' lang='lat' dir='ltr'>ris</span> <span class='ocrx_word' id='word_1_89' title='bbox 558 1254 731 1305; x_wconf 70' lang='lat' dir='ltr'>linquam</span> <span class='ocrx_word' id='word_1_90' title='bbox 761 1251 969 1291; x_wconf 78' lang='lat' dir='ltr'><em>cohibebis.</em></span> <span class='ocrx_word' id='word_1_91' title='bbox 1001 1253 1099 1291; x_wconf 91' lang='lat' dir='ltr'>Cum</span> <span class='ocrx_word' id='word_1_92' title='bbox 1133 1251 1270 1289; x_wconf 89' lang='lat' dir='ltr'>horum</span> <span class='ocrx_word' id='word_1_93' title='bbox 1291 1250 1428 1299; x_wconf 88' lang='lat' dir='ltr'>aliqui-</span> 
     </span>
     <span class='ocr_line' id='line_1_18' title="bbox 466 1312 1429 1365; baseline -0.006 -10"><span class='ocrx_word' id='word_1_94' title='bbox 466 1317 542 1355; x_wconf 86' lang='lat' dir='ltr'>bus</span> <span class='ocrx_word' id='word_1_95' title='bbox 566 1327 776 1354; x_wconf 78' lang='lat' dir='ltr'>commune</span> <span class='ocrx_word' id='word_1_96' title='bbox 797 1315 942 1365; x_wconf 85' lang='lat' dir='ltr'>aliquid</span> <span class='ocrx_word' id='word_1_97' title='bbox 968 1314 1111 1352; x_wconf 83' lang='lat' dir='ltr'>habere</span> <span class='ocrx_word' id='word_1_98' title='bbox 1127 1312 1313 1351; x_wconf 89' lang='lat' dir='ltr'>videntur</span> <span class='ocrx_word' id='word_1_99' title='bbox 1330 1323 1429 1361; x_wconf 87' lang='lat' dir='ltr'>quae</span> 
     </span>
     <span class='ocr_line' id='line_1_19' title="bbox 467 1374 1430 1424; baseline -0.005 -7"><span class='ocrx_word' id='word_1_100' title='bbox 467 1384 627 1418; x_wconf 81' lang='lat' dir='ltr'>exstant</span> <span class='ocrx_word' id='word_1_101' title='bbox 658 1380 693 1416; x_wconf 94' lang='lat' dir='ltr'>in</span> <span class='ocrx_word' id='word_1_102' title='bbox 728 1378 820 1416; x_wconf 86' lang='lat' dir='ltr'>Bibl.</span> <span class='ocrx_word' id='word_1_103' title='bbox 846 1378 1108 1423; x_wconf 84' lang='lat' dir='ltr'>Cottoniana,</span> <span class='ocrx_word' id='word_1_104' title='bbox 1135 1376 1171 1412; x_wconf 91' lang='lat' dir='ltr'>in</span> <span class='ocrx_word' id='word_1_105' title='bbox 1198 1386 1276 1424; x_wconf 82' lang='lat' dir='ltr'>qua</span> <span class='ocrx_word' id='word_1_106' title='bbox 1297 1379 1336 1412; x_wconf 86' lang='lat' dir='ltr'>et</span> <span class='ocrx_word' id='word_1_107' title='bbox 1357 1374 1430 1412; x_wconf 88' lang='lat' dir='ltr'>alia</span> 
     </span>
     <span class='ocr_line' id='line_1_20' title="bbox 467 1438 1430 1490; baseline -0.006 -11"><span class='ocrx_word' id='word_1_108' title='bbox 467 1441 514 1479; x_wconf 85' lang='lat' dir='ltr'>de</span> <span class='ocrx_word' id='word_1_109' title='bbox 544 1441 687 1490; x_wconf 86' lang='lat' dir='ltr'>quibus</span> <span class='ocrx_word' id='word_1_110' title='bbox 717 1440 818 1490; x_wconf 84' lang='lat' dir='ltr'>apud</span> <span class='ocrx_word' id='word_1_111' title='bbox 850 1441 1022 1477; x_wconf 84' lang='lat' dir='ltr'>Pitseum</span> <span class='ocrx_word' id='word_1_112' title='bbox 1048 1438 1277 1476; x_wconf 85' lang='lat' dir='ltr'>silentium:</span> <span class='ocrx_word' id='word_1_113' title='bbox 1303 1442 1342 1474; x_wconf 83' lang='lat' dir='ltr'>ct</span> <span class='ocrx_word' id='word_1_114' title='bbox 1364 1448 1430 1474; x_wconf 93' lang='lat' dir='ltr'>no-</span> 
     </span>
     <span class='ocr_line' id='line_1_21' title="bbox 467 1499 1428 1550; baseline -0.005 -10"><span class='ocrx_word' id='word_1_115' title='bbox 467 1508 547 1542; x_wconf 84' lang='lat' dir='ltr'>tata</span> <span class='ocrx_word' id='word_1_116' title='bbox 589 1503 636 1541; x_wconf 83' lang='lat' dir='ltr'>ab</span> <span class='ocrx_word' id='word_1_117' title='bbox 679 1502 834 1542; x_wconf 87' lang='lat' dir='ltr'>Oudino</span> <span class='ocrx_word' id='word_1_118' title='bbox 877 1507 970 1539; x_wconf 90' lang='lat' dir='ltr'>tom.</span> <span class='ocrx_word' id='word_1_119' title='bbox 1004 1501 1043 1538; x_wconf 87' lang='grc'>2.</span> <span class='ocrx_word' id='word_1_120' title='bbox 1072 1511 1157 1550; x_wconf 79' lang='lat' dir='ltr'>pag.</span> <span class='ocrx_word' id='word_1_121' title='bbox 1201 1499 1313 1538; x_wconf 82' lang='grc'><strong>4654.</strong></span> <span class='ocrx_word' id='word_1_122' title='bbox 1346 1509 1428 1548; x_wconf 87' lang='lat' dir='ltr'>seq.</span> 
     </span>
     <span class='ocr_line' id='line_1_22' title="bbox 468 1564 1429 1611; baseline -0.003 -9"><span class='ocrx_word' id='word_1_123' title='bbox 468 1567 617 1604; x_wconf 79' lang='lat' dir='ltr'>Versus</span> <span class='ocrx_word' id='word_1_124' title='bbox 638 1566 684 1603; x_wconf 84' lang='lat' dir='ltr'>ad</span> <span class='ocrx_word' id='word_1_125' title='bbox 711 1567 922 1604; x_wconf 85' lang='lat' dir='ltr'>Honorium</span> <span class='ocrx_word' id='word_1_126' title='bbox 940 1595 949 1611; x_wconf 85' lang='lat'><strong>‚</strong></span> <span class='ocrx_word' id='word_1_127' title='bbox 974 1566 1143 1603; x_wconf 76' lang='lat' dir='ltr'>Priorem</span> <span class='ocrx_word' id='word_1_128' title='bbox 1171 1564 1429 1601; x_wconf 78' lang='lat' dir='ltr'>Cantuarien-</span> 
     </span>
     <span class='ocr_line' id='line_1_23' title="bbox 471 1622 1428 1677; baseline -0.006 -11"><span class='ocrx_word' id='word_1_129' title='bbox 471 1638 554 1666; x_wconf 90' lang='lat' dir='ltr'>sem</span> <span class='ocrx_word' id='word_1_130' title='bbox 581 1626 627 1665; x_wconf 81' lang='lat' dir='ltr'>(le</span> <span class='ocrx_word' id='word_1_131' title='bbox 653 1626 751 1677; x_wconf 70' lang='lat' dir='ltr'>liquo</span> <span class='ocrx_word' id='word_1_132' title='bbox 775 1626 907 1672; x_wconf 77' lang='lat' dir='ltr'>dulci,</span> <span class='ocrx_word' id='word_1_133' title='bbox 933 1626 978 1665; x_wconf 84' lang='lat' dir='ltr'>a&#39;e</span> <span class='ocrx_word' id='word_1_134' title='bbox 996 1624 1196 1665; x_wconf 78' lang='lat' dir='ltr'>Monachis</span> <span class='ocrx_word' id='word_1_135' title='bbox 1214 1656 1222 1672; x_wconf 89' lang='lat'><em>‚</em></span> <span class='ocrx_word' id='word_1_136' title='bbox 1252 1622 1428 1675; x_wconf 75' lang='lat' dir='ltr'>Epistola</span> 
     </span>
     <span class='ocr_line' id='line_1_24' title="bbox 466 1685 1430 1740; baseline -0.004 -14"><span class='ocrx_word' id='word_1_137' title='bbox 466 1690 733 1740; x_wconf 76' lang='lat' dir='ltr'>paraenetica.</span> <span class='ocrx_word' id='word_1_138' title='bbox 757 1691 810 1727; x_wconf 87' lang='lat' dir='ltr'>De</span> <span class='ocrx_word' id='word_1_139' title='bbox 835 1691 875 1727; x_wconf 91' lang='lat' dir='ltr'>S.</span> <span class='ocrx_word' id='word_1_140' title='bbox 904 1688 1124 1728; x_wconf 72' lang='lat' dir='ltr'>catharina</span> <span class='ocrx_word' id='word_1_141' title='bbox 1140 1718 1149 1733; x_wconf 83' lang='grc'>,</span> <span class='ocrx_word' id='word_1_142' title='bbox 1176 1685 1430 1737; x_wconf 77' lang='lat' dir='ltr'>Epitaphium</span> 
     </span>
     <span class='ocr_line' id='line_1_25' title="bbox 474 1748 1429 1790; baseline -0.004 -1"><span class='ocrx_word' id='word_1_143' title='bbox 474 1751 637 1789; x_wconf 85' lang='lat' dir='ltr'>Emmae</span> <span class='ocrx_word' id='word_1_144' title='bbox 667 1757 741 1789; x_wconf 79' lang='lat' dir='ltr'>etc.</span> <span class='ocrx_word' id='word_1_145' title='bbox 771 1750 971 1790; x_wconf 78' lang='lat' dir='ltr'>Miracula</span> <span class='ocrx_word' id='word_1_146' title='bbox 1001 1752 1039 1789; x_wconf 87' lang='lat' dir='ltr'>S.</span> <span class='ocrx_word' id='word_1_147' title='bbox 1072 1749 1227 1787; x_wconf 79' lang='lat' dir='ltr'>Mariae</span> <span class='ocrx_word' id='word_1_148' title='bbox 1259 1748 1429 1785; x_wconf 73' lang='lat' dir='ltr'>Genitri-</span> 
     </span>
     <span class='ocr_line' id='line_1_26' title="bbox 473 1808 1432 1855; baseline -0.005 -5"><span class='ocrx_word' id='word_1_149' title='bbox 473 1813 527 1851; x_wconf 77' lang='lat' dir='ltr'>cis</span> <span class='ocrx_word' id='word_1_150' title='bbox 557 1814 649 1850; x_wconf 89' lang='lat' dir='ltr'>DEI</span> <span class='ocrx_word' id='word_1_151' title='bbox 677 1812 790 1852; x_wconf 79' lang='lat' dir='ltr'>libris</span> <span class='ocrx_word' id='word_1_152' title='bbox 820 1814 893 1851; x_wconf 92' lang='lat' dir='ltr'><em>III.</em></span> <span class='ocrx_word' id='word_1_153' title='bbox 921 1814 981 1852; x_wconf 90' lang='lat' dir='ltr'>ubi</span> <span class='ocrx_word' id='word_1_154' title='bbox 1014 1811 1059 1849; x_wconf 77' lang='lat' dir='ltr'>de</span> <span class='ocrx_word' id='word_1_155' title='bbox 1083 1812 1123 1849; x_wconf 90' lang='lat' dir='ltr'>S.</span> <span class='ocrx_word' id='word_1_156' title='bbox 1148 1811 1361 1855; x_wconf 75' lang='lat' dir='ltr'>Danstano,</span> <span class='ocrx_word' id='word_1_157' title='bbox 1386 1808 1432 1846; x_wconf 82' lang='lat' dir='ltr'>(le</span> 
     </span>
     <span class='ocr_line' id='line_1_27' title="bbox 472 1870 1432 1927; baseline -0.003 -15"><span class='ocrx_word' id='word_1_158' title='bbox 472 1874 631 1913; x_wconf 68' lang='lat' dir='ltr'>,Iuliano</span> <span class='ocrx_word' id='word_1_159' title='bbox 675 1875 864 1927; x_wconf 78' lang='lat' dir='ltr'>Apostata</span> <span class='ocrx_word' id='word_1_160' title='bbox 906 1872 1130 1926; x_wconf 77' lang='lat' dir='ltr'>interfectO,</span> <span class='ocrx_word' id='word_1_161' title='bbox 1161 1872 1206 1911; x_wconf 80' lang='lat' dir='ltr'>cle</span> <span class='ocrx_word' id='word_1_162' title='bbox 1248 1875 1286 1911; x_wconf 81' lang='lat' dir='ltr'>S.</span> <span class='ocrx_word' id='word_1_163' title='bbox 1330 1870 1432 1909; x_wconf 75' lang='lat' dir='ltr'>Ilae-</span> 
     </span>
     <span class='ocr_line' id='line_1_28' title="bbox 471 1933 1431 1989; baseline -0.004 -14"><span class='ocrx_word' id='word_1_164' title='bbox 471 1936 580 1989; x_wconf 80' lang='lat' dir='ltr'>fonso</span> <span class='ocrx_word' id='word_1_165' title='bbox 612 1943 650 1976; x_wconf 88' lang='lat' dir='ltr'>et</span> <span class='ocrx_word' id='word_1_166' title='bbox 679 1939 765 1976; x_wconf 86' lang='lat' dir='ltr'>aliis</span> <span class='ocrx_word' id='word_1_167' title='bbox 796 1939 943 1976; x_wconf 78' lang='lat' dir='ltr'>Versus</span> <span class='ocrx_word' id='word_1_168' title='bbox 971 1936 1017 1974; x_wconf 84' lang='lat' dir='ltr'>de</span> <span class='ocrx_word' id='word_1_169' title='bbox 1045 1935 1126 1974; x_wconf 72' lang='lat' dir='ltr'>vita</span> <span class='ocrx_word' id='word_1_170' title='bbox 1155 1938 1192 1972; x_wconf 83' lang='lat' dir='ltr'>et</span> <span class='ocrx_word' id='word_1_171' title='bbox 1214 1933 1431 1973; x_wconf 69' lang='lat' dir='ltr'>virtutibus</span> 
     </span>
    </p>
   </div>
   <div class='ocr_carea' id='block_1_2' title="bbox 473 1999 1418 2212">
    <p class='ocr_par' dir='ltr' id='par_1_2' title="bbox 473 1999 1418 2212">
     <span class='ocr_line' id='line_1_29' title="bbox 473 1999 925 2049; baseline -0.002 -12"><span class='ocrx_word' id='word_1_172' title='bbox 473 1999 773 2037; x_wconf 77' lang='lat' dir='ltr'>Monachorum.</span> <span class='ocrx_word' id='word_1_173' title='bbox 803 2001 925 2049; x_wconf 81' lang='lat' dir='ltr'>incip.</span> 
     </span>
     <span class='ocr_line' id='line_1_30' title="bbox 514 2059 1418 2100; baseline -0.004 -9"><span class='ocrx_word' id='word_1_174' title='bbox 514 2060 598 2098; x_wconf 82' lang='lat' dir='ltr'>Quid</span> <span class='ocrx_word' id='word_1_175' title='bbox 623 2060 741 2092; x_wconf 83' lang='lat' dir='ltr'>deceat</span> <span class='ocrx_word' id='word_1_176' title='bbox 765 2061 961 2092; x_wconf 83' lang='lat' dir='ltr'>Monachum</span> <span class='ocrx_word' id='word_1_177' title='bbox 985 2061 1033 2091; x_wconf 81' lang='lat' dir='ltr'>vel</span> <span class='ocrx_word' id='word_1_178' title='bbox 1057 2060 1165 2100; x_wconf 86' lang='lat' dir='ltr'>qualis</span> <span class='ocrx_word' id='word_1_179' title='bbox 1192 2059 1311 2091; x_wconf 80' lang='lat' dir='ltr'>debeat</span> <span class='ocrx_word' id='word_1_180' title='bbox 1335 2065 1418 2094; x_wconf 88' lang='lat' dir='ltr'>esse,</span> 
     </span>
     <span class='ocr_line' id='line_1_31' title="bbox 555 2110 1381 2151; baseline -0.006 -9"><span class='ocrx_word' id='word_1_181' title='bbox 555 2113 616 2148; x_wconf 88' lang='lat' dir='ltr'>Qui</span> <span class='ocrx_word' id='word_1_182' title='bbox 638 2112 733 2151; x_wconf 71' lang='lat' dir='ltr'>J‘ubet</span> <span class='ocrx_word' id='word_1_183' title='bbox 756 2115 792 2142; x_wconf 87' lang='lat' dir='ltr'>ut</span> <span class='ocrx_word' id='word_1_184' title='bbox 819 2110 941 2145; x_wconf 85' lang='lat' dir='ltr'>dicam.</span> <span class='ocrx_word' id='word_1_185' title='bbox 968 2114 1117 2151; x_wconf 80' lang='lat' dir='ltr'>porrigat</span> <span class='ocrx_word' id='word_1_186' title='bbox 1141 2112 1210 2150; x_wconf 85' lang='lat' dir='ltr'>ipse</span> <span class='ocrx_word' id='word_1_187' title='bbox 1235 2116 1381 2139; x_wconf 81' lang='lat' dir='ltr'>manum.</span> 
     </span>
     <span class='ocr_line' id='line_1_32' title="bbox 474 2159 1307 2212; baseline -0.004 -14"><span class='ocrx_word' id='word_1_188' title='bbox 474 2159 615 2198; x_wconf 65' lang='lat' dir='ltr'>Passio</span> <span class='ocrx_word' id='word_1_189' title='bbox 645 2163 683 2200; x_wconf 84' lang='lat' dir='ltr'>S.</span> <span class='ocrx_word' id='word_1_190' title='bbox 715 2161 903 2199; x_wconf 73' lang='lat' dir='ltr'><em>Laurenti</em></span> <span class='ocrx_word' id='word_1_191' title='bbox 932 2161 1129 2212; x_wconf 73' lang='lat' dir='ltr'>Martyris</span> <span class='ocrx_word' id='word_1_192' title='bbox 1153 2188 1161 2199; x_wconf 88' lang='lat'><strong>.</strong></span> <span class='ocrx_word' id='word_1_193' title='bbox 1188 2159 1307 2209; x_wconf 76' lang='lat' dir='ltr'>Incip.</span> 
     </span>
    </p>
   </div>
   <div class='ocr_carea' id='block_1_3' title="bbox 510 2222 1302 2313">
    <p class='ocr_par' dir='ltr' id='par_1_3' title="bbox 510 2222 1302 2313">
     <span class='ocr_line' id='line_1_33' title="bbox 521 2222 1302 2262; baseline -0.001 -11"><span class='ocrx_word' id='word_1_194' title='bbox 521 2223 633 2253; x_wconf 83' lang='lat' dir='ltr'>Palma</span> <span class='ocrx_word' id='word_1_195' title='bbox 658 2222 871 2262; x_wconf 84' lang='lat' dir='ltr'>triumphalis</span> <span class='ocrx_word' id='word_1_196' title='bbox 894 2231 986 2254; x_wconf 82' lang='lat' dir='ltr'>roseo</span> <span class='ocrx_word' id='word_1_197' title='bbox 1009 2222 1160 2254; x_wconf 80' lang='lat' dir='ltr'>redimita</span> <span class='ocrx_word' id='word_1_198' title='bbox 1185 2228 1302 2253; x_wconf 88' lang='lat' dir='ltr'>cruore</span> 
     </span>
     <span class='ocr_line' id='line_1_34' title="bbox 510 2271 1280 2313; baseline -0.009 -6"><span class='ocrx_word' id='word_1_199' title='bbox 510 2276 646 2308; x_wconf 77' lang='lat' dir='ltr'>Divitiis</span> <span class='ocrx_word' id='word_1_200' title='bbox 671 2275 804 2305; x_wconf 79' lang='lat' dir='ltr'>cunctis</span> <span class='ocrx_word' id='word_1_201' title='bbox 827 2274 928 2313; x_wconf 82' lang='lat' dir='ltr'>(ligno</span> <span class='ocrx_word' id='word_1_202' title='bbox 952 2271 1121 2313; x_wconf 81' lang='lat' dir='ltr'>praecellit</span> <span class='ocrx_word' id='word_1_203' title='bbox 1144 2271 1280 2301; x_wconf 86' lang='lat' dir='ltr'>honore.</span> 
     </span>
    </p>
   </div>
   <div class='ocr_carea' id='block_1_4' title="bbox 481 2320 1344 2375">
    <p class='ocr_par' dir='ltr' id='par_1_4' title="bbox 481 2320 1344 2375">
     <span class='ocr_line' id='line_1_35' title="bbox 481 2320 1344 2375; baseline -0.012 -9"><span class='ocrx_word' id='word_1_204' title='bbox 481 2327 566 2366; x_wconf 82' lang='lat' dir='ltr'>Vita</span> <span class='ocrx_word' id='word_1_205' title='bbox 589 2327 626 2364; x_wconf 86' lang='lat' dir='ltr'>S.</span> <span class='ocrx_word' id='word_1_206' title='bbox 661 2324 786 2367; x_wconf 48' lang='lat' dir='ltr'>Pauli:</span> <span class='ocrx_word' id='word_1_207' title='bbox 812 2323 937 2375; x_wconf 77' lang='lat' dir='ltr'>primi</span> <span class='ocrx_word' id='word_1_208' title='bbox 965 2322 1188 2367; x_wconf 65' lang='lat' dir='ltr'>Eremitae,</span> <span class='ocrx_word' id='word_1_209' title='bbox 1216 2320 1344 2370; x_wconf 76' lang='lat' dir='ltr'>Inci&#39;p.</span> 
     </span>
    </p>
   </div>
   <div class='ocr_carea' id='block_1_5' title="bbox 516 2384 1354 2475">
    <p class='ocr_par' dir='ltr' id='par_1_5' title="bbox 516 2384 1354 2475">
     <span class='ocr_line' id='line_1_36' title="bbox 516 2384 1310 2420; baseline -0.01 0"><span class='ocrx_word' id='word_1_210' title='bbox 516 2389 617 2420; x_wconf 72' lang='lat' dir='ltr'>lussit</span> <span class='ocrx_word' id='word_1_211' title='bbox 644 2386 773 2417; x_wconf 78' lang='lat' dir='ltr'>adorari</span> <span class='ocrx_word' id='word_1_212' title='bbox 801 2388 918 2417; x_wconf 85' lang='lat' dir='ltr'>Decius</span> <span class='ocrx_word' id='word_1_213' title='bbox 941 2384 1117 2416; x_wconf 81' lang='lat' dir='ltr'>simulacra</span> <span class='ocrx_word' id='word_1_214' title='bbox 1140 2387 1282 2414; x_wconf 83' lang='lat' dir='ltr'>Deorum</span> <span class='ocrx_word' id='word_1_215' title='bbox 1301 2404 1310 2420; x_wconf 95' lang='lat'><em>,</em></span> 
     </span>
     <span class='ocr_line' id='line_1_37' title="bbox 519 2434 1354 2475; baseline -0.005 -8"><span class='ocrx_word' id='word_1_216' title='bbox 519 2439 575 2468; x_wconf 85' lang='lat' dir='ltr'>Vir</span> <span class='ocrx_word' id='word_1_217' title='bbox 603 2438 719 2468; x_wconf 82' lang='lat' dir='ltr'>sitiens</span> <span class='ocrx_word' id='word_1_218' title='bbox 743 2443 864 2475; x_wconf 81' lang='lat' dir='ltr'>poenas</span> <span class='ocrx_word' id='word_1_219' title='bbox 887 2439 918 2466; x_wconf 86' lang='lat' dir='ltr'>et</span> <span class='ocrx_word' id='word_1_220' title='bbox 941 2435 1074 2467; x_wconf 85' lang='lat' dir='ltr'>caedem</span> <span class='ocrx_word' id='word_1_221' title='bbox 1098 2434 1354 2465; x_wconf 77' lang='lat' dir='ltr'>catholicorum.</span> 
     </span>
    </p>
   </div>
   <div class='ocr_carea' id='block_1_6' title="bbox 533 2484 1440 2535">
    <p class='ocr_par' dir='ltr' id='par_1_6' title="bbox 533 2484 1440 2535">
     <span class='ocr_line' id='line_1_38' title="bbox 533 2484 1440 2535; baseline -0.007 -10"><span class='ocrx_word' id='word_1_222' title='bbox 533 2489 680 2525; x_wconf 78' lang='lat' dir='ltr'>Versus</span> <span class='ocrx_word' id='word_1_223' title='bbox 711 2485 923 2535; x_wconf 73' lang='lat' dir='ltr'>rhythmici</span> <span class='ocrx_word' id='word_1_224' title='bbox 950 2489 1087 2523; x_wconf 79' lang='lat' dir='ltr'>contra</span> <span class='ocrx_word' id='word_1_225' title='bbox 1104 2484 1323 2535; x_wconf 58' lang='lat' dir='ltr'>flagitiosos</span> <span class='ocrx_word' id='word_1_226' title='bbox 1349 2485 1440 2520; x_wconf 81' lang='lat' dir='ltr'>tem-</span> 
     </span>
    </p>
   </div>
   <div class='ocr_carea' id='block_1_7' title="bbox 476 2560 1444 3420">
    <p class='ocr_par' dir='ltr' id='par_1_7' title="bbox 476 2560 886 2612">
     <span class='ocr_line' id='line_1_39' title="bbox 476 2560 886 2612; baseline -0.012 -14"><span class='ocrx_word' id='word_1_227' title='bbox 476 2570 623 2612; x_wconf 80' lang='lat' dir='ltr'>porum</span> <span class='ocrx_word' id='word_1_228' title='bbox 653 2567 781 2596; x_wconf 80' lang='lat' dir='ltr'>mores</span> <span class='ocrx_word' id='word_1_229' title='bbox 811 2560 886 2594; x_wconf 80' lang='lat' dir='ltr'>etc.</span> 
     </span>
    </p>

    <p class='ocr_par' dir='ltr' id='par_1_8' title="bbox 482 2613 1443 2917">
     <span class='ocr_line' id='line_1_40' title="bbox 534 2613 1438 2668; baseline -0.007 -9"><span class='ocrx_word' id='word_1_230' title='bbox 534 2622 590 2659; x_wconf 77' lang='lat' dir='ltr'>Ex</span> <span class='ocrx_word' id='word_1_231' title='bbox 636 2619 834 2658; x_wconf 79' lang='lat' dir='ltr'>MGELLI</span> <span class='ocrx_word' id='word_1_232' title='bbox 886 2617 1045 2656; x_wconf 73' lang='lat' dir='ltr'>Fratris</span> <span class='ocrx_word' id='word_1_233' title='bbox 1088 2617 1133 2655; x_wconf 84' lang='lat' dir='ltr'>(Ie</span> <span class='ocrx_word' id='word_1_234' title='bbox 1179 2616 1316 2668; x_wconf 72' lang='lat' dir='ltr'>Reqalz&#39;</span> <span class='ocrx_word' id='word_1_235' title='bbox 1359 2613 1438 2654; x_wconf 87' lang='lat' dir='ltr'>loco</span> 
     </span>
     <span class='ocr_line' id='line_1_41' title="bbox 482 2679 1441 2732; baseline -0.003 -12"><span class='ocrx_word' id='word_1_236' title='bbox 482 2683 680 2732; x_wconf 80' lang='lat' dir='ltr'>excerptis</span> <span class='ocrx_word' id='word_1_237' title='bbox 695 2682 973 2731; x_wconf 86' lang='lat' dir='ltr'>Manuseriptis</span> <span class='ocrx_word' id='word_1_238' title='bbox 1000 2681 1186 2719; x_wconf 87' lang='lat' dir='ltr'>nonnulla</span> <span class='ocrx_word' id='word_1_239' title='bbox 1210 2680 1258 2718; x_wconf 89' lang='lat' dir='ltr'>de</span> <span class='ocrx_word' id='word_1_240' title='bbox 1281 2679 1441 2718; x_wconf 86' lang='lat' dir='ltr'>Judaeis</span> 
     </span>
     <span class='ocr_line' id='line_1_42' title="bbox 483 2741 1443 2794; baseline -0.002 -13"><span class='ocrx_word' id='word_1_241' title='bbox 483 2746 520 2781; x_wconf 92' lang='lat' dir='ltr'>in</span> <span class='ocrx_word' id='word_1_242' title='bbox 552 2744 690 2794; x_wconf 75' lang='lat' dir='ltr'>Anglia</span> <span class='ocrx_word' id='word_1_243' title='bbox 734 2743 846 2781; x_wconf 80' lang='lat' dir='ltr'>affert</span> <span class='ocrx_word' id='word_1_244' title='bbox 888 2744 1085 2781; x_wconf 79' lang='lat' dir='ltr'>Antonius</span> <span class='ocrx_word' id='word_1_245' title='bbox 1127 2742 1252 2780; x_wconf 88' lang='lat' dir='ltr'>Wood</span> <span class='ocrx_word' id='word_1_246' title='bbox 1283 2743 1319 2779; x_wconf 92' lang='lat' dir='ltr'>in</span> <span class='ocrx_word' id='word_1_247' title='bbox 1364 2741 1443 2780; x_wconf 87' lang='lat' dir='ltr'>An·</span> 
     </span>
     <span class='ocr_line' id='line_1_43' title="bbox 484 2805 1440 2854; baseline -0.002 -12"><span class='ocrx_word' id='word_1_248' title='bbox 484 2805 733 2854; x_wconf 84' lang='lat' dir='ltr'>tiquitatibus</span> <span class='ocrx_word' id='word_1_249' title='bbox 778 2805 1071 2844; x_wconf 84' lang='lat' dir='ltr'>Oxoniensibus</span> <span class='ocrx_word' id='word_1_250' title='bbox 1100 2805 1148 2843; x_wconf 91' lang='lat' dir='ltr'>ad</span> <span class='ocrx_word' id='word_1_251' title='bbox 1178 2806 1252 2844; x_wconf 87' lang='lat' dir='ltr'>An.</span> <span class='ocrx_word' id='word_1_252' title='bbox 1283 2805 1383 2843; x_wconf 90' lang='grc'><strong>4443</strong></span> <span class='ocrx_word' id='word_1_253' title='bbox 1414 2808 1440 2841; x_wconf 90' lang='lat' dir='ltr'>t.</span> 
     </span>
     <span class='ocr_line' id='line_1_44' title="bbox 489 2866 736 2917; baseline -0.012 -11"><span class='ocrx_word' id='word_1_254' title='bbox 489 2869 527 2906; x_wconf 90' lang='grc'>4.</span> <span class='ocrx_word' id='word_1_255' title='bbox 556 2878 641 2917; x_wconf 78' lang='lat' dir='ltr'>pag.</span> <span class='ocrx_word' id='word_1_256' title='bbox 673 2866 736 2904; x_wconf 89' lang='grc'>54.</span> 
     </span>
    </p>

    <p class='ocr_par' dir='ltr' id='par_1_9' title="bbox 484 2927 1444 3420">
     <span class='ocr_line' id='line_1_45' title="bbox 542 2927 1444 2979; baseline -0.002 -13"><span class='ocrx_word' id='word_1_257' title='bbox 542 2927 782 2966; x_wconf 81' lang='lat' dir='ltr'>Franciscus</span> <span class='ocrx_word' id='word_1_258' title='bbox 806 2927 983 2975; x_wconf 76' lang='lat' dir='ltr'>NIGER,</span> <span class='ocrx_word' id='word_1_259' title='bbox 1007 2929 1054 2966; x_wconf 88' lang='lat' dir='ltr'>de</span> <span class='ocrx_word' id='word_1_260' title='bbox 1080 2940 1155 2978; x_wconf 89' lang='lat' dir='ltr'>quo</span> <span class='ocrx_word' id='word_1_261' title='bbox 1180 2939 1302 2979; x_wconf 84' lang='lat' dir='ltr'>pauca</span> <span class='ocrx_word' id='word_1_262' title='bbox 1327 2938 1444 2977; x_wconf 85' lang='lat' dir='ltr'>supra</span> 
     </span>
     <span class='ocr_line' id='line_1_46' title="bbox 484 2998 1444 3049; baseline -0.005 -10"><span class='ocrx_word' id='word_1_263' title='bbox 484 3005 578 3039; x_wconf 86' lang='lat' dir='ltr'>tom.</span> <span class='ocrx_word' id='word_1_264' title='bbox 611 2999 648 3037; x_wconf 98' lang='grc'>2.</span> <span class='ocrx_word' id='word_1_265' title='bbox 680 3010 766 3049; x_wconf 81' lang='lat' dir='ltr'>pag.</span> <span class='ocrx_word' id='word_1_266' title='bbox 795 2998 885 3037; x_wconf 81' lang='grc'><strong>602.</strong></span> <span class='ocrx_word' id='word_1_267' title='bbox 916 3000 1092 3038; x_wconf 80' lang='lat' dir='ltr'>Venetus</span> <span class='ocrx_word' id='word_1_268' title='bbox 1134 3001 1275 3037; x_wconf 84' lang='lat' dir='ltr'>Doctor</span> <span class='ocrx_word' id='word_1_269' title='bbox 1294 3028 1303 3045; x_wconf 88' lang='lat'><strong>‚</strong></span> <span class='ocrx_word' id='word_1_270' title='bbox 1333 2999 1444 3036; x_wconf 90' lang='lat' dir='ltr'>cuius</span> 
     </span>
     <span class='ocr_line' id='line_1_47' title="bbox 486 3059 1443 3111; baseline -0.005 -11"><span class='ocrx_word' id='word_1_271' title='bbox 486 3064 685 3111; x_wconf 77' lang='lat' dir='ltr'>integrum</span> <span class='ocrx_word' id='word_1_272' title='bbox 733 3072 875 3099; x_wconf 91' lang='lat' dir='ltr'>nomen</span> <span class='ocrx_word' id='word_1_273' title='bbox 926 3061 1160 3100; x_wconf 76' lang='lat' dir='ltr'>Pescennius</span> <span class='ocrx_word' id='word_1_274' title='bbox 1205 3059 1443 3098; x_wconf 70' lang='lat' dir='ltr'>Franciscus</span> 
     </span>
     <span class='ocr_line' id='line_1_48' title="bbox 488 3121 1442 3174; baseline -0.002 -13"><span class='ocrx_word' id='word_1_275' title='bbox 488 3124 608 3173; x_wconf 73' lang='lat' dir='ltr'>Niyer</span> <span class='ocrx_word' id='word_1_276' title='bbox 627 3122 848 3164; x_wconf 80' lang='lat' dir='ltr'>Matheseos</span> <span class='ocrx_word' id='word_1_277' title='bbox 874 3125 1033 3174; x_wconf 81' lang='lat' dir='ltr'>peritus</span> <span class='ocrx_word' id='word_1_278' title='bbox 1054 3153 1062 3170; x_wconf 72' lang='lat'>,</span> <span class='ocrx_word' id='word_1_279' title='bbox 1087 3125 1200 3162; x_wconf 92' lang='lat' dir='ltr'>cuius</span> <span class='ocrx_word' id='word_1_280' title='bbox 1216 3121 1370 3160; x_wconf 85' lang='lat' dir='ltr'>libellus</span> <span class='ocrx_word' id='word_1_281' title='bbox 1397 3121 1442 3159; x_wconf 77' lang='lat' dir='ltr'>(lc</span> 
     </span>
     <span class='ocr_line' id='line_1_49' title="bbox 489 3184 1444 3235; baseline -0.004 -12"><span class='ocrx_word' id='word_1_282' title='bbox 489 3185 643 3223; x_wconf 79' lang='lat' dir='ltr'>ratione</span> <span class='ocrx_word' id='word_1_283' title='bbox 674 3184 870 3235; x_wconf 73' lang='lat' dir='ltr'>Epistolas</span> <span class='ocrx_word' id='word_1_284' title='bbox 895 3184 1094 3224; x_wconf 77' lang='lat' dir='ltr'>scribendi</span> <span class='ocrx_word' id='word_1_285' title='bbox 1110 3195 1283 3225; x_wconf 82' lang='lat' dir='ltr'>excusus</span> <span class='ocrx_word' id='word_1_286' title='bbox 1306 3185 1444 3222; x_wconf 82' lang='lat' dir='ltr'>Venet.</span> 
     </span>
     <span class='ocr_line' id='line_1_50' title="bbox 490 3247 1433 3298; baseline 0.002 -14"><span class='ocrx_word' id='word_1_287' title='bbox 490 3248 604 3285; x_wconf 83' lang='grc'><strong>4488.</strong></span> <span class='ocrx_word' id='word_1_288' title='bbox 627 3248 658 3285; x_wconf 82' lang='grc'>4.</span> <span class='ocrx_word' id='word_1_289' title='bbox 685 3249 860 3298; x_wconf 82' lang='lat' dir='ltr'>Friburgi</span> <span class='ocrx_word' id='word_1_290' title='bbox 885 3249 999 3288; x_wconf 86' lang='grc'><strong>4499.</strong></span> <span class='ocrx_word' id='word_1_291' title='bbox 1022 3248 1057 3287; x_wconf 60' lang='lat' dir='ltr'>lv.</span> <span class='ocrx_word' id='word_1_292' title='bbox 1084 3249 1322 3287; x_wconf 79' lang='lat' dir='ltr'>Daventriae</span> <span class='ocrx_word' id='word_1_293' title='bbox 1341 3247 1433 3286; x_wconf 86' lang='grc'><strong>4504</strong></span> 
     </span>
     <span class='ocr_line' id='line_1_51' title="bbox 491 3309 1436 3349; baseline 0 -2"><span class='ocrx_word' id='word_1_294' title='bbox 491 3311 526 3347; x_wconf 80' lang='grc'>4.</span> <span class='ocrx_word' id='word_1_295' title='bbox 557 3309 847 3348; x_wconf 80' lang='lat' dir='ltr'>Grammaticae</span> <span class='ocrx_word' id='word_1_296' title='bbox 877 3309 970 3349; x_wconf 80' lang='lat' dir='ltr'>libri</span> <span class='ocrx_word' id='word_1_297' title='bbox 996 3312 1093 3349; x_wconf 90' lang='lat' dir='ltr'><em>XIV.</em></span> <span class='ocrx_word' id='word_1_298' title='bbox 1122 3310 1169 3349; x_wconf 91' lang='lat' dir='ltr'>ad</span> <span class='ocrx_word' id='word_1_299' title='bbox 1196 3309 1436 3349; x_wconf 86' lang='lat' dir='ltr'>Leonardum</span> 
     </span>
     <span class='ocr_line' id='line_1_52' title="bbox 489 3373 1240 3420; baseline 0.001 -10"><span class='ocrx_word' id='word_1_300' title='bbox 489 3373 668 3418; x_wconf 69' lang='lat' dir='ltr'>Bonam,</span> <span class='ocrx_word' id='word_1_301' title='bbox 698 3373 868 3420; x_wconf 76' lang='lat' dir='ltr'>equitem</span> <span class='ocrx_word' id='word_1_302' title='bbox 899 3373 1240 3412; x_wconf 78' lang='lat' dir='ltr'>Mediolanensem.</span> 
     </span>
    </p>
   </div>
   <div class='ocr_carea' id='block_1_8' title="bbox 1264 252 1628 292">
    <p class='ocr_par' dir='ltr' id='par_1_10' title="bbox 1264 252 1628 292">
     <span class='ocr_line' id='line_1_53' title="bbox 1264 252 1628 292; baseline -0.008 0"><span class='ocrx_word' id='word_1_303' title='bbox 1264 252 1628 292; x_wconf 69' lang='lat' dir='ltr'>Ni(}Ei,i.Us</span> 
     </span>
    </p>
   </div>
   <div class='ocr_carea' id='block_1_9' title="bbox 1497 322 2449 808">
    <p class='ocr_par' dir='ltr' id='par_1_11' title="bbox 1498 322 2446 560">
     <span class='ocr_line' id='line_1_54' title="bbox 1550 322 2440 375; baseline 0.002 -15"><span class='ocrx_word' id='word_1_304' title='bbox 1550 322 1769 375; x_wconf 55' lang='lat' dir='ltr'>Epi-stolae,</span> <span class='ocrx_word' id='word_1_305' title='bbox 1799 335 1845 362; x_wconf 82' lang='lat' dir='ltr'>ex</span> <span class='ocrx_word' id='word_1_306' title='bbox 1875 325 2017 374; x_wconf 89' lang='lat' dir='ltr'>quibus</span> <span class='ocrx_word' id='word_1_307' title='bbox 2063 336 2139 363; x_wconf 81' lang='lat' dir='ltr'>una</span> <span class='ocrx_word' id='word_1_308' title='bbox 2168 324 2215 364; x_wconf 88' lang='lat' dir='ltr'>ad</span> <span class='ocrx_word' id='word_1_309' title='bbox 2254 324 2440 364; x_wconf 79' lang='lat' dir='ltr'>Jacobum</span> 
     </span>
     <span class='ocr_line' id='line_1_55' title="bbox 1498 385 2442 437; baseline 0.001 -13"><span class='ocrx_word' id='word_1_310' title='bbox 1498 386 1688 424; x_wconf 80' lang='lat' dir='ltr'>Comitem</span> <span class='ocrx_word' id='word_1_311' title='bbox 1706 385 1951 425; x_wconf 83' lang='lat' dir='ltr'>Purliliarum</span> <span class='ocrx_word' id='word_1_312' title='bbox 1970 388 2014 424; x_wconf 82' lang='grc' dir='ltr'>Α.</span> <span class='ocrx_word' id='word_1_313' title='bbox 2038 389 2051 426; x_wconf 89' lang='grc'>4</span> <span class='ocrx_word' id='word_1_314' title='bbox 2066 388 2139 425; x_wconf 85' lang='grc'>492</span> <span class='ocrx_word' id='word_1_315' title='bbox 2159 386 2206 425; x_wconf 88' lang='lat' dir='ltr'>de</span> <span class='ocrx_word' id='word_1_316' title='bbox 2226 397 2303 436; x_wconf 86' lang='lat' dir='ltr'>qua</span> <span class='ocrx_word' id='word_1_317' title='bbox 2324 397 2442 437; x_wconf 88' lang='lat' dir='ltr'>supra</span> 
     </span>
     <span class='ocr_line' id='line_1_56' title="bbox 1499 446 2443 500; baseline 0.003 -17"><span class='ocrx_word' id='word_1_318' title='bbox 1499 451 1524 483; x_wconf 89' lang='lat' dir='ltr'>t.</span> <span class='ocrx_word' id='word_1_319' title='bbox 1545 449 1564 484; x_wconf 83' lang='grc'>4</span> <span class='ocrx_word' id='word_1_320' title='bbox 1584 458 1618 497; x_wconf 91' lang='lat' dir='ltr'>p.</span> <span class='ocrx_word' id='word_1_321' title='bbox 1636 446 1712 485; x_wconf 89' lang='lat'>308</span> <span class='ocrx_word' id='word_1_322' title='bbox 1727 446 1811 484; x_wconf 80' lang='lat' dir='ltr'>Alia</span> <span class='ocrx_word' id='word_1_323' title='bbox 1831 451 2044 496; x_wconf 85' lang='lat' dir='ltr'>praemissa</span> <span class='ocrx_word' id='word_1_324' title='bbox 2062 450 2170 487; x_wconf 86' lang='lat' dir='ltr'>libris</span> <span class='ocrx_word' id='word_1_325' title='bbox 2189 449 2443 500; x_wconf 77' lang='lat' dir='ltr'>Astrologicis</span> 
     </span>
     <span class='ocr_line' id='line_1_57' title="bbox 1500 507 2446 560; baseline 0.002 -14"><span class='ocrx_word' id='word_1_326' title='bbox 1500 509 1590 547; x_wconf 86' lang='lat' dir='ltr'>Julii</span> <span class='ocrx_word' id='word_1_327' title='bbox 1623 508 1791 555; x_wconf 86' lang='lat' dir='ltr'>Firmici,</span> <span class='ocrx_word' id='word_1_328' title='bbox 1810 507 1928 546; x_wconf 82' lang='lat' dir='ltr'>editis</span> <span class='ocrx_word' id='word_1_329' title='bbox 1956 510 2057 560; x_wconf 83' lang='lat' dir='ltr'>apud</span> <span class='ocrx_word' id='word_1_330' title='bbox 2084 510 2227 549; x_wconf 78' lang='lat' dir='ltr'>Aldum</span> <span class='ocrx_word' id='word_1_331' title='bbox 2247 509 2360 549; x_wconf 79' lang='grc'><strong>4499.</strong></span> <span class='ocrx_word' id='word_1_332' title='bbox 2381 509 2446 548; x_wconf 78' lang='lat' dir='ltr'>iol.</span> 
     </span>
    </p>

    <p class='ocr_par' dir='ltr' id='par_1_12' title="bbox 1497 569 2449 808">
     <span class='ocr_line' id='line_1_58' title="bbox 1551 569 2444 621; baseline 0.001 -13"><span class='ocrx_word' id='word_1_333' title='bbox 1551 572 1754 608; x_wconf 79' lang='lat' dir='ltr'>Praetereo</span> <span class='ocrx_word' id='word_1_334' title='bbox 1798 569 1893 607; x_wconf 89' lang='lat' dir='ltr'>alios</span> <span class='ocrx_word' id='word_1_335' title='bbox 1937 570 2008 609; x_wconf 83' lang='lat' dir='ltr'>hoc</span> <span class='ocrx_word' id='word_1_336' title='bbox 2052 574 2207 611; x_wconf 87' lang='lat' dir='ltr'>nomine</span> <span class='ocrx_word' id='word_1_337' title='bbox 2245 571 2444 621; x_wconf 87' lang='lat' dir='ltr'>jnniores,</span> 
     </span>
     <span class='ocr_line' id='line_1_59' title="bbox 1500 631 2448 682; baseline 0.002 -12"><span class='ocrx_word' id='word_1_338' title='bbox 1500 631 1758 670; x_wconf 80' lang='lat' dir='ltr'>Franciscum</span> <span class='ocrx_word' id='word_1_339' title='bbox 1803 631 1986 682; x_wconf 51' lang='lat' dir='ltr'>Niqmm,</span> <span class='ocrx_word' id='word_1_340' title='bbox 2022 634 2308 673; x_wconf 85' lang='lat' dir='ltr'>Bassanensem</span> <span class='ocrx_word' id='word_1_341' title='bbox 2345 634 2448 672; x_wconf 86' lang='lat' dir='ltr'>circa</span> 
     </span>
     <span class='ocr_line' id='line_1_60' title="bbox 1499 693 2449 744; baseline 0 -12"><span class='ocrx_word' id='word_1_342' title='bbox 1499 694 1658 733; x_wconf 82' lang='lat' dir='ltr'>Annum</span> <span class='ocrx_word' id='word_1_343' title='bbox 1692 693 1809 732; x_wconf 86' lang='grc'><strong>4540.</strong></span> <span class='ocrx_word' id='word_1_344' title='bbox 1836 704 1881 731; x_wconf 86' lang='lat' dir='ltr'>ac</span> <span class='ocrx_word' id='word_1_345' title='bbox 1909 693 2120 744; x_wconf 82' lang='lat' dir='ltr'>deinceps:</span> <span class='ocrx_word' id='word_1_346' title='bbox 2147 698 2261 735; x_wconf 88' lang='lat' dir='ltr'>cuius</span> <span class='ocrx_word' id='word_1_347' title='bbox 2290 699 2384 734; x_wconf 88' lang='lat' dir='ltr'>sunt</span> <span class='ocrx_word' id='word_1_348' title='bbox 2406 695 2449 734; x_wconf 85' lang='lat' dir='ltr'>li-</span> 
     </span>
     <span class='ocr_line' id='line_1_61' title="bbox 1497 755 2449 808; baseline 0.001 -14"><span class='ocrx_word' id='word_1_349' title='bbox 1497 756 1566 794; x_wconf 87' lang='lat' dir='ltr'>ber</span> <span class='ocrx_word' id='word_1_350' title='bbox 1583 755 1632 794; x_wconf 86' lang='lat' dir='ltr'>de</span> <span class='ocrx_word' id='word_1_351' title='bbox 1653 757 1731 794; x_wconf 90' lang='lat' dir='ltr'>situ</span> <span class='ocrx_word' id='word_1_352' title='bbox 1749 760 1787 793; x_wconf 85' lang='lat' dir='ltr'>et</span> <span class='ocrx_word' id='word_1_353' title='bbox 1800 756 1975 794; x_wconf 88' lang='lat' dir='ltr'>moribus</span> <span class='ocrx_word' id='word_1_354' title='bbox 1995 755 2449 808; x_wconf 78' lang='lat' dir='ltr'>Rhetorum,etssegulae</span> 
     </span>
    </p>
   </div>
   <div class='ocr_carea' id='block_1_10' title="bbox 1501 816 2482 870">
    <p class='ocr_par' dir='ltr' id='par_1_13' title="bbox 1501 816 2482 870">
     <span class='ocr_line' id='line_1_62' title="bbox 1501 816 2482 870; baseline 0.002 -16"><span class='ocrx_word' id='word_1_355' title='bbox 1501 818 1801 868; x_wconf 64' lang='lat' dir='ltr'>elegantiarum</span> <span class='ocrx_word' id='word_1_356' title='bbox 1823 847 1830 866; x_wconf 84' lang='lat'>,</span> <span class='ocrx_word' id='word_1_357' title='bbox 1856 822 1895 856; x_wconf 84' lang='lat' dir='ltr'>et</span> <span class='ocrx_word' id='word_1_358' title='bbox 1917 816 2142 868; x_wconf 72' lang='lat' dir='ltr'>tragoedia:</span> <span class='ocrx_word' id='word_1_359' title='bbox 2161 816 2325 857; x_wconf 78' lang='lat' dir='ltr'>liberum</span> <span class='ocrx_word' id='word_1_360' title='bbox 2349 817 2482 870; x_wconf 31' lang='lat' dir='ltr'>arbi--</span> 
     </span>
    </p>
   </div>
   <div class='ocr_carea' id='block_1_11' title="bbox 1499 879 2456 1290">
    <p class='ocr_par' dir='ltr' id='par_1_14' title="bbox 1503 879 2455 992">
     <span class='ocr_line' id='line_1_63' title="bbox 1503 879 2455 930; baseline 0.003 -14"><span class='ocrx_word' id='word_1_361' title='bbox 1503 879 1636 926; x_wconf 79' lang='lat' dir='ltr'>trium,</span> <span class='ocrx_word' id='word_1_362' title='bbox 1649 880 1802 930; x_wconf 86' lang='lat' dir='ltr'>aliaque</span> <span class='ocrx_word' id='word_1_363' title='bbox 1819 890 1919 930; x_wconf 87' lang='lat' dir='ltr'>quae</span> <span class='ocrx_word' id='word_1_364' title='bbox 1931 884 2100 930; x_wconf 75' lang='lat' dir='ltr'>possunt</span> <span class='ocrx_word' id='word_1_365' title='bbox 2119 879 2220 930; x_wconf 88' lang='lat' dir='ltr'>apud</span> <span class='ocrx_word' id='word_1_366' title='bbox 2239 880 2455 929; x_wconf 75' lang='lat' dir='ltr'>Simlerum¹</span> 
     </span>
     <span class='ocr_line' id='line_1_64' title="bbox 1503 940 2393 992; baseline 0.002 -16"><span class='ocrx_word' id='word_1_367' title='bbox 1503 940 1639 977; x_wconf 81' lang='lat' dir='ltr'>videri.</span> <span class='ocrx_word' id='word_1_368' title='bbox 1657 941 1758 989; x_wconf 83' lang='grc'><strong>(233.</strong></span> <span class='ocrx_word' id='word_1_369' title='bbox 1779 942 1821 980; x_wconf 87' lang='lat' dir='ltr'>V.</span> <span class='ocrx_word' id='word_1_370' title='bbox 1839 942 1939 979; x_wconf 89' lang='lat' dir='ltr'>Zeno</span> <span class='ocrx_word' id='word_1_371' title='bbox 1957 941 2104 980; x_wconf 82' lang='lat' dir='ltr'>Lettere</span> <span class='ocrx_word' id='word_1_372' title='bbox 2138 945 2163 978; x_wconf 90' lang='lat' dir='ltr'>t.</span> <span class='ocrx_word' id='word_1_373' title='bbox 2195 941 2244 979; x_wconf 93' lang='lat' dir='ltr'>IV</span> <span class='ocrx_word' id='word_1_374' title='bbox 2267 946 2307 979; x_wconf 88' lang='lat' dir='ltr'>et</span> <span class='ocrx_word' id='word_1_375' title='bbox 2325 942 2393 992; x_wconf 90' lang='lat' dir='ltr'>V.)</span> 
     </span>
    </p>

    <p class='ocr_par' dir='ltr' id='par_1_15' title="bbox 1499 1002 2456 1290">
     <span class='ocr_line' id='line_1_65' title="bbox 1554 1002 2453 1054; baseline 0.004 -16"><span class='ocrx_word' id='word_1_376' title='bbox 1554 1002 1812 1041; x_wconf 77' lang='lat' dir='ltr'>Franciscum</span> <span class='ocrx_word' id='word_1_377' title='bbox 1854 1002 2018 1053; x_wconf 66' lang='lat' dir='ltr'>Niyrum</span> <span class='ocrx_word' id='word_1_378' title='bbox 2063 1003 2299 1054; x_wconf 84' lang='lat' dir='ltr'>Cyriacum,</span> <span class='ocrx_word' id='word_1_379' title='bbox 2339 1003 2453 1053; x_wconf 84' lang='lat' dir='ltr'>cujus</span> 
     </span>
     <span class='ocr_line' id='line_1_66' title="bbox 1499 1064 2456 1104; baseline 0.001 -3"><span class='ocrx_word' id='word_1_380' title='bbox 1499 1068 1660 1102; x_wconf 83' lang='lat' dir='ltr'>exstant</span> <span class='ocrx_word' id='word_1_381' title='bbox 1697 1064 1781 1103; x_wconf 88' lang='lat' dir='ltr'>libri</span> <span class='ocrx_word' id='word_1_382' title='bbox 1812 1069 1893 1103; x_wconf 86' lang='lat' dir='ltr'>tres</span> <span class='ocrx_word' id='word_1_383' title='bbox 1931 1065 2299 1104; x_wconf 84' lang='lat' dir='ltr'>Controversiarum</span> <span class='ocrx_word' id='word_1_384' title='bbox 2330 1064 2456 1102; x_wconf 86' lang='lat' dir='ltr'>foren-</span> 
     </span>
     <span class='ocr_line' id='line_1_67' title="bbox 1500 1126 2455 1178; baseline 0.002 -15"><span class='ocrx_word' id='word_1_385' title='bbox 1500 1128 1602 1164; x_wconf 89' lang='lat' dir='ltr'>sium</span> <span class='ocrx_word' id='word_1_386' title='bbox 1634 1131 1698 1173; x_wconf 83' lang='lat' dir='ltr'>et,</span> <span class='ocrx_word' id='word_1_387' title='bbox 1728 1127 1953 1177; x_wconf 83' lang='lat' dir='ltr'>disquisitio</span> <span class='ocrx_word' id='word_1_388' title='bbox 1983 1132 2102 1178; x_wconf 87' lang='lat' dir='ltr'>atque</span> <span class='ocrx_word' id='word_1_389' title='bbox 2131 1127 2385 1178; x_wconf 81' lang='lat' dir='ltr'>allegationes</span> <span class='ocrx_word' id='word_1_390' title='bbox 2407 1126 2455 1165; x_wconf 84' lang='lat' dir='ltr'>de</span> 
     </span>
     <span class='ocr_line' id='line_1_68' title="bbox 1500 1189 2456 1228; baseline 0.001 -1"><span class='ocrx_word' id='word_1_391' title='bbox 1500 1190 1581 1227; x_wconf 88' lang='lat' dir='ltr'>iure</span> <span class='ocrx_word' id='word_1_392' title='bbox 1625 1190 1893 1228; x_wconf 85' lang='lat' dir='ltr'>successionis</span> <span class='ocrx_word' id='word_1_393' title='bbox 1940 1190 1975 1227; x_wconf 92' lang='lat' dir='ltr'>in</span> <span class='ocrx_word' id='word_1_394' title='bbox 2019 1191 2213 1228; x_wconf 87' lang='lat' dir='ltr'>Ducatum</span> <span class='ocrx_word' id='word_1_395' title='bbox 2257 1189 2456 1228; x_wconf 82' lang='lat' dir='ltr'>Mantuae.</span> 
     </span>
     <span class='ocr_line' id='line_1_69' title="bbox 1500 1251 2073 1290; baseline 0 -1"><span class='ocrx_word' id='word_1_396' title='bbox 1500 1251 1675 1289; x_wconf 79' lang='lat' dir='ltr'>Francos.</span> <span class='ocrx_word' id='word_1_397' title='bbox 1708 1252 1780 1289; x_wconf 81' lang='lat' dir='ltr'>An.</span> <span class='ocrx_word' id='word_1_398' title='bbox 1813 1252 1927 1290; x_wconf 84' lang='grc'><strong>4628.</strong></span> <span class='ocrx_word' id='word_1_399' title='bbox 1959 1251 2073 1290; x_wconf 87' lang='grc'><strong>4629.</strong></span> 
     </span>
    </p>
   </div>
   <div class='ocr_carea' id='block_1_12' title="bbox 1557 1298 2517 1365">
    <p class='ocr_par' dir='ltr' id='par_1_16' title="bbox 1557 1298 2517 1365">
     <span class='ocr_line' id='line_1_70' title="bbox 1557 1298 2517 1365; baseline 0 -15"><span class='ocrx_word' id='word_1_400' title='bbox 1557 1312 1796 1352; x_wconf 76' lang='lat' dir='ltr'>Franciscus</span> <span class='ocrx_word' id='word_1_401' title='bbox 1824 1312 2234 1365; x_wconf 67' lang='lat' dir='ltr'>Petrejum.N19rum‚</span> <span class='ocrx_word' id='word_1_402' title='bbox 2271 1314 2384 1352; x_wconf 88' lang='lat' dir='ltr'>cuius</span> <span class='ocrx_word' id='word_1_403' title='bbox 2412 1313 2456 1351; x_wconf 93' lang='lat' dir='ltr'>li-</span> <span class='ocrx_word' id='word_1_404' title='bbox 2511 1298 2517 1308; x_wconf 53' lang='lat'>⁸</span> 
     </span>
    </p>
   </div>
   <div class='ocr_carea' id='block_1_13' title="bbox 1502 1375 2467 2298">
    <p class='ocr_par' dir='ltr' id='par_1_17' title="bbox 1502 1375 2457 1539">
     <span class='ocr_line' id='line_1_71' title="bbox 1504 1375 2456 1427; baseline 0.001 -15"><span class='ocrx_word' id='word_1_405' title='bbox 1504 1375 1595 1412; x_wconf 84' lang='lat' dir='ltr'>bros</span> <span class='ocrx_word' id='word_1_406' title='bbox 1620 1380 1700 1413; x_wconf 84' lang='lat' dir='ltr'>tres</span> <span class='ocrx_word' id='word_1_407' title='bbox 1730 1377 1965 1427; x_wconf 84' lang='lat' dir='ltr'>Nuptiarum</span> <span class='ocrx_word' id='word_1_408' title='bbox 1995 1376 2309 1415; x_wconf 83' lang='lat' dir='ltr'>Britannicarum</span> <span class='ocrx_word' id='word_1_409' title='bbox 2338 1385 2456 1414; x_wconf 82' lang='lat' dir='ltr'>excu-</span> 
     </span>
     <span class='ocr_line' id='line_1_72' title="bbox 1504 1437 2457 1477; baseline 0.002 -3"><span class='ocrx_word' id='word_1_410' title='bbox 1504 1448 1568 1475; x_wconf 86' lang='lat' dir='ltr'>sos</span> <span class='ocrx_word' id='word_1_411' title='bbox 1598 1437 1801 1476; x_wconf 82' lang='lat' dir='ltr'>Mediolani</span> <span class='ocrx_word' id='word_1_412' title='bbox 1834 1439 1949 1477; x_wconf 82' lang='grc'><strong>4559.</strong></span> <span class='ocrx_word' id='word_1_413' title='bbox 1980 1439 2014 1476; x_wconf 91' lang='grc'><strong>8.</strong></span> <span class='ocrx_word' id='word_1_414' title='bbox 2059 1438 2177 1477; x_wconf 87' lang='lat' dir='ltr'>habet</span> <span class='ocrx_word' id='word_1_415' title='bbox 2220 1437 2457 1476; x_wconf 85' lang='lat' dir='ltr'>Bibliotheca</span> 
     </span>
     <span class='ocr_line' id='line_1_73' title="bbox 1502 1499 1794 1539; baseline 0.01 -3"><span class='ocrx_word' id='word_1_416' title='bbox 1502 1499 1794 1539; x_wconf 84' lang='lat' dir='ltr'>Barberiniana.</span> 
     </span>
    </p>

    <p class='ocr_par' dir='ltr' id='par_1_18' title="bbox 1502 1561 2467 2298">
     <span class='ocr_line' id='line_1_74' title="bbox 1555 1561 2459 1615; baseline 0.001 -17"><span class='ocrx_word' id='word_1_417' title='bbox 1555 1561 1815 1602; x_wconf 71' lang='lat' dir='ltr'>Fratzcz&#39;scum</span> <span class='ocrx_word' id='word_1_418' title='bbox 1859 1564 2055 1615; x_wconf 50' lang='lat' dir='ltr'>myrum:</span> <span class='ocrx_word' id='word_1_419' title='bbox 2084 1567 2284 1602; x_wconf 82' lang='lat' dir='ltr'>auctorem</span> <span class='ocrx_word' id='word_1_420' title='bbox 2329 1562 2459 1600; x_wconf 84' lang='lat' dir='ltr'>Lexici</span> 
     </span>
     <span class='ocr_line' id='line_1_75' title="bbox 1503 1623 2461 1676; baseline 0.001 -16"><span class='ocrx_word' id='word_1_421' title='bbox 1503 1623 1637 1661; x_wconf 85' lang='lat' dir='ltr'>Italico</span> <span class='ocrx_word' id='word_1_422' title='bbox 1671 1627 1792 1663; x_wconf 80' lang='lat' dir='ltr'>Latini</span> <span class='ocrx_word' id='word_1_423' title='bbox 1825 1626 1913 1676; x_wconf 86' lang='lat' dir='ltr'>plus</span> <span class='ocrx_word' id='word_1_424' title='bbox 1956 1625 2121 1676; x_wconf 87' lang='lat' dir='ltr'>simplici</span> <span class='ocrx_word' id='word_1_425' title='bbox 2157 1626 2242 1663; x_wconf 85' lang='lat' dir='ltr'>viee</span> <span class='ocrx_word' id='word_1_426' title='bbox 2271 1623 2390 1672; x_wconf 85' lang='lat' dir='ltr'>editi,</span> <span class='ocrx_word' id='word_1_427' title='bbox 2420 1627 2461 1662; x_wconf 88' lang='lat' dir='ltr'>et</span> 
     </span>
     <span class='ocr_line' id='line_1_76' title="bbox 1503 1683 2462 1737; baseline 0.004 -17"><span class='ocrx_word' id='word_1_428' title='bbox 1503 1683 1618 1722; x_wconf 89' lang='lat' dir='ltr'>divisi</span> <span class='ocrx_word' id='word_1_429' title='bbox 1651 1688 1686 1723; x_wconf 90' lang='lat' dir='ltr'>in</span> <span class='ocrx_word' id='word_1_430' title='bbox 1719 1688 1837 1726; x_wconf 87' lang='lat' dir='ltr'>libros</span> <span class='ocrx_word' id='word_1_431' title='bbox 1868 1689 1914 1726; x_wconf 91' lang='lat' dir='ltr'>X.</span> <span class='ocrx_word' id='word_1_432' title='bbox 1946 1687 2161 1737; x_wconf 83' lang='lat' dir='ltr'>ordineque</span> <span class='ocrx_word' id='word_1_433' title='bbox 2185 1697 2316 1724; x_wconf 85' lang='lat' dir='ltr'>rerum</span> <span class='ocrx_word' id='word_1_434' title='bbox 2347 1696 2462 1724; x_wconf 89' lang='lat' dir='ltr'>voca-</span> 
     </span>
     <span class='ocr_line' id='line_1_77' title="bbox 1505 1746 2462 1797; baseline 0.003 -14"><span class='ocrx_word' id='word_1_435' title='bbox 1505 1746 1592 1787; x_wconf 87' lang='lat' dir='ltr'>bula</span> <span class='ocrx_word' id='word_1_436' title='bbox 1623 1754 1662 1787; x_wconf 88' lang='lat' dir='ltr'>et</span> <span class='ocrx_word' id='word_1_437' title='bbox 1688 1750 1906 1788; x_wconf 85' lang='lat' dir='ltr'>locutiones</span> <span class='ocrx_word' id='word_1_438' title='bbox 1929 1750 2081 1797; x_wconf 86' lang='lat' dir='ltr'>Dantis,</span> <span class='ocrx_word' id='word_1_439' title='bbox 2107 1747 2462 1796; x_wconf 84' lang='lat' dir='ltr'>Petrarchae‚Boc-</span> 
     </span>
     <span class='ocr_line' id='line_1_78' title="bbox 1502 1809 2460 1862; baseline 0 -15"><span class='ocrx_word' id='word_1_440' title='bbox 1502 1813 1596 1850; x_wconf 84' lang='lat' dir='ltr'>cacii</span> <span class='ocrx_word' id='word_1_441' title='bbox 1619 1841 1626 1859; x_wconf 85' lang='lat'>,</span> <span class='ocrx_word' id='word_1_442' title='bbox 1659 1812 1792 1850; x_wconf 81' lang='lat' dir='ltr'>Bembi</span> <span class='ocrx_word' id='word_1_443' title='bbox 1823 1812 2069 1862; x_wconf 88' lang='lat' dir='ltr'>aliorumque</span> <span class='ocrx_word' id='word_1_444' title='bbox 2091 1811 2239 1861; x_wconf 86' lang='lat' dir='ltr'>primae</span> <span class='ocrx_word' id='word_1_445' title='bbox 2262 1809 2401 1848; x_wconf 87' lang='lat' dir='ltr'>classis</span> <span class='ocrx_word' id='word_1_446' title='bbox 2423 1811 2460 1847; x_wconf 92' lang='lat' dir='ltr'>in</span> 
     </span>
     <span class='ocr_line' id='line_1_79' title="bbox 1506 1871 2462 1924; baseline -0.002 -13"><span class='ocrx_word' id='word_1_447' title='bbox 1506 1874 1636 1924; x_wconf 80' lang='lat' dir='ltr'>lingua</span> <span class='ocrx_word' id='word_1_448' title='bbox 1668 1874 1797 1912; x_wconf 84' lang='lat' dir='ltr'>Italica</span> <span class='ocrx_word' id='word_1_449' title='bbox 1829 1874 2068 1924; x_wconf 86' lang='lat' dir='ltr'>scriptorum</span> <span class='ocrx_word' id='word_1_450' title='bbox 2114 1872 2342 1923; x_wconf 79' lang='lat' dir='ltr'>digerentis.</span> <span class='ocrx_word' id='word_1_451' title='bbox 2372 1871 2462 1910; x_wconf 86' lang='lat' dir='ltr'>Mihi</span> 
     </span>
     <span class='ocr_line' id='line_1_80' title="bbox 1507 1932 2466 1984; baseline -0.003 -10"><span class='ocrx_word' id='word_1_452' title='bbox 1507 1935 1553 1974; x_wconf 92' lang='lat' dir='ltr'>ad</span> <span class='ocrx_word' id='word_1_453' title='bbox 1581 1947 1722 1974; x_wconf 90' lang='lat' dir='ltr'>manus</span> <span class='ocrx_word' id='word_1_454' title='bbox 1747 1940 1809 1974; x_wconf 87' lang='lat' dir='ltr'>est</span> <span class='ocrx_word' id='word_1_455' title='bbox 1832 1935 1952 1974; x_wconf 86' lang='lat' dir='ltr'>editio</span> <span class='ocrx_word' id='word_1_456' title='bbox 1975 1936 2125 1974; x_wconf 84' lang='lat' dir='ltr'>Veneta</span> <span class='ocrx_word' id='word_1_457' title='bbox 2165 1934 2281 1973; x_wconf 83' lang='grc'><strong>4568.</strong></span> <span class='ocrx_word' id='word_1_458' title='bbox 2306 1932 2329 1971; x_wconf 82' lang='lat' dir='ltr'>f.</span> <span class='ocrx_word' id='word_1_459' title='bbox 2357 1945 2466 1984; x_wconf 88' lang='lat' dir='ltr'>prae-</span> 
     </span>
     <span class='ocr_line' id='line_1_81' title="bbox 1507 1995 2461 2037; baseline -0.004 0"><span class='ocrx_word' id='word_1_460' title='bbox 1507 2000 1637 2037; x_wconf 81' lang='lat' dir='ltr'>ferens</span> <span class='ocrx_word' id='word_1_461' title='bbox 1677 2010 1817 2037; x_wconf 78' lang='lat' dir='ltr'>nomen</span> <span class='ocrx_word' id='word_1_462' title='bbox 1863 1998 2034 2037; x_wconf 85' lang='lat' dir='ltr'>auctoris</span> <span class='ocrx_word' id='word_1_463' title='bbox 2071 1996 2114 2035; x_wconf 84' lang='lat' dir='ltr'>di</span> <span class='ocrx_word' id='word_1_464' title='bbox 2152 1997 2202 2037; x_wconf 92' lang='lat' dir='ltr'>M.</span> <span class='ocrx_word' id='word_1_465' title='bbox 2241 1995 2461 2034; x_wconf 79' lang='lat' dir='ltr'>Francesco</span> 
     </span>
     <span class='ocr_line' id='line_1_82' title="bbox 1505 2057 2467 2110; baseline -0.004 -11"><span class='ocrx_word' id='word_1_466' title='bbox 1505 2060 1657 2100; x_wconf 77' lang='lat' dir='ltr'>Alunno</span> <span class='ocrx_word' id='word_1_467' title='bbox 1687 2060 1738 2099; x_wconf 78' lang='lat' dir='ltr'>cla</span> <span class='ocrx_word' id='word_1_468' title='bbox 1763 2062 1955 2099; x_wconf 79' lang='lat' dir='ltr'>Ferrara.</span> <span class='ocrx_word' id='word_1_469' title='bbox 1986 2059 2141 2098; x_wconf 90' lang='lat' dir='ltr'>Titulus</span> <span class='ocrx_word' id='word_1_470' title='bbox 2182 2061 2356 2110; x_wconf 86' lang='lat' dir='ltr'>priorum</span> <span class='ocrx_word' id='word_1_471' title='bbox 2385 2057 2467 2096; x_wconf 86' lang='lat' dir='ltr'>edi-</span> 
     </span>
     <span class='ocr_line' id='line_1_83' title="bbox 1508 2118 2466 2172; baseline -0.003 -11"><span class='ocrx_word' id='word_1_472' title='bbox 1508 2126 1683 2162; x_wconf 88' lang='lat' dir='ltr'>tionum:</span> <span class='ocrx_word' id='word_1_473' title='bbox 1716 2122 1749 2161; x_wconf 84' lang='lat' dir='ltr'>le</span> <span class='ocrx_word' id='word_1_474' title='bbox 1786 2122 1970 2161; x_wconf 75' lang='lat' dir='ltr'>richezze</span> <span class='ocrx_word' id='word_1_475' title='bbox 2011 2119 2114 2160; x_wconf 85' lang='lat' dir='ltr'>della</span> <span class='ocrx_word' id='word_1_476' title='bbox 2144 2120 2279 2172; x_wconf 72' lang='lat' dir='ltr'>linqua</span> <span class='ocrx_word' id='word_1_477' title='bbox 2306 2118 2466 2171; x_wconf 76' lang='lat' dir='ltr'>volyare</span> 
     </span>
     <span class='ocr_line' id='line_1_84' title="bbox 1509 2180 2465 2234; baseline -0.007 -8"><span class='ocrx_word' id='word_1_478' title='bbox 1509 2188 1581 2226; x_wconf 85' lang='lat' dir='ltr'>An.</span> <span class='ocrx_word' id='word_1_479' title='bbox 1607 2188 1720 2226; x_wconf 85' lang='grc'><strong>4554.</strong></span> <span class='ocrx_word' id='word_1_480' title='bbox 1750 2187 1864 2225; x_wconf 87' lang='grc'><strong>4556.</strong></span> <span class='ocrx_word' id='word_1_481' title='bbox 1896 2184 2009 2225; x_wconf 85' lang='grc'><strong>4557.</strong></span> <span class='ocrx_word' id='word_1_482' title='bbox 2035 2184 2111 2224; x_wconf 89' lang='lat' dir='ltr'>Sed</span> <span class='ocrx_word' id='word_1_483' title='bbox 2134 2184 2394 2234; x_wconf 85' lang='lat' dir='ltr'>posteriorum</span> <span class='ocrx_word' id='word_1_484' title='bbox 2421 2180 2465 2220; x_wconf 88' lang='lat' dir='ltr'>A.</span> 
     </span>
     <span class='ocr_line' id='line_1_85' title="bbox 1511 2243 2464 2298; baseline -0.004 -11"><span class='ocrx_word' id='word_1_485' title='bbox 1511 2250 1623 2288; x_wconf 83' lang='grc'><strong>4562.</strong></span> <span class='ocrx_word' id='word_1_486' title='bbox 1656 2250 1770 2288; x_wconf 87' lang='grc'><strong>4568.</strong></span> <span class='ocrx_word' id='word_1_487' title='bbox 1797 2248 1910 2288; x_wconf 84' lang='grc'><strong>4575.</strong></span> <span class='ocrx_word' id='word_1_488' title='bbox 1935 2245 2038 2285; x_wconf 86' lang='lat' dir='ltr'>della</span> <span class='ocrx_word' id='word_1_489' title='bbox 2057 2244 2217 2298; x_wconf 80' lang='lat' dir='ltr'>fabrica</span> <span class='ocrx_word' id='word_1_490' title='bbox 2240 2243 2464 2284; x_wconf 79' lang='lat' dir='ltr'>delMondo.</span> 
     </span>
    </p>
   </div>
   <div class='ocr_carea' id='block_1_14' title="bbox 1563 2307 2531 2361">
    <p class='ocr_par' dir='ltr' id='par_1_19' title="bbox 1563 2307 2531 2361">
     <span class='ocr_line' id='line_1_86' title="bbox 1563 2307 2531 2361; baseline -0.007 -11"><span class='ocrx_word' id='word_1_491' title='bbox 1563 2312 1666 2361; x_wconf 86' lang='grc'><strong>(234.</strong></span> <span class='ocrx_word' id='word_1_492' title='bbox 1690 2312 1763 2350; x_wconf 88' lang='lat' dir='ltr'>Est</span> <span class='ocrx_word' id='word_1_493' title='bbox 1789 2311 1882 2350; x_wconf 91' lang='lat' dir='ltr'>mihi</span> <span class='ocrx_word' id='word_1_494' title='bbox 1907 2310 2025 2348; x_wconf 84' lang='lat' dir='ltr'>editio</span> <span class='ocrx_word' id='word_1_495' title='bbox 2056 2309 2205 2347; x_wconf 86' lang='lat' dir='ltr'>Veneta</span> <span class='ocrx_word' id='word_1_496' title='bbox 2248 2319 2310 2346; x_wconf 92' lang='lat' dir='ltr'>an.</span> <span class='ocrx_word' id='word_1_497' title='bbox 2353 2307 2467 2346; x_wconf 82' lang='grc'><strong>4568.</strong></span> <span class='ocrx_word' id='word_1_498' title='bbox 2523 2349 2531 2359; x_wconf 31' lang='grc' dir='ltr'>ι</span> 
     </span>
    </p>
   </div>
   <div class='ocr_carea' id='block_1_15' title="bbox 1512 2368 2470 3420">
    <p class='ocr_par' dir='ltr' id='par_1_20' title="bbox 1512 2368 2468 2484">
     <span class='ocr_line' id='line_1_87' title="bbox 1512 2368 2468 2424; baseline -0.007 -12"><span class='ocrx_word' id='word_1_499' title='bbox 1512 2375 1645 2424; x_wconf 85' lang='lat' dir='ltr'>parvis</span> <span class='ocrx_word' id='word_1_500' title='bbox 1668 2385 1758 2412; x_wconf 90' lang='lat' dir='ltr'>cum</span> <span class='ocrx_word' id='word_1_501' title='bbox 1784 2371 2107 2411; x_wconf 87' lang='lat' dir='ltr'>annotationibus</span> <span class='ocrx_word' id='word_1_502' title='bbox 2129 2370 2234 2409; x_wconf 91' lang='lat' dir='ltr'>MSS.</span> <span class='ocrx_word' id='word_1_503' title='bbox 2256 2370 2380 2420; x_wconf 89' lang='lat' dir='ltr'>ipsius</span> <span class='ocrx_word' id='word_1_504' title='bbox 2407 2368 2468 2406; x_wconf 87' lang='lat' dir='ltr'>Jo.</span> 
     </span>
     <span class='ocr_line' id='line_1_88' title="bbox 1514 2430 2450 2484; baseline -0.006 -10"><span class='ocrx_word' id='word_1_505' title='bbox 1514 2436 1662 2474; x_wconf 76' lang='lat' dir='ltr'>Alberti</span> <span class='ocrx_word' id='word_1_506' title='bbox 1694 2435 1858 2473; x_wconf 79' lang='lat' dir='ltr'>Fabricii</span> <span class='ocrx_word' id='word_1_507' title='bbox 1881 2464 1888 2481; x_wconf 85' lang='lat'>,</span> <span class='ocrx_word' id='word_1_508' title='bbox 1918 2435 1983 2484; x_wconf 90' lang='lat' dir='ltr'>qui</span> <span class='ocrx_word' id='word_1_509' title='bbox 2010 2437 2050 2471; x_wconf 88' lang='lat' dir='ltr'>et</span> <span class='ocrx_word' id='word_1_510' title='bbox 2076 2443 2218 2471; x_wconf 85' lang='lat' dir='ltr'>nomen</span> <span class='ocrx_word' id='word_1_511' title='bbox 2243 2430 2450 2482; x_wconf 83' lang='lat' dir='ltr'>apposuit.)</span> 
     </span>
    </p>

    <p class='ocr_par' dir='ltr' id='par_1_21' title="bbox 1514 2492 2470 3042">
     <span class='ocr_line' id='line_1_89' title="bbox 1565 2492 2468 2546; baseline -0.003 -13"><span class='ocrx_word' id='word_1_512' title='bbox 1565 2499 1622 2535; x_wconf 91' lang='grc' dir='ltr'><strong>.Ιο.</strong></span> <span class='ocrx_word' id='word_1_513' title='bbox 1654 2495 1860 2535; x_wconf 78' lang='lat' dir='ltr'>Francisci</span> <span class='ocrx_word' id='word_1_514' title='bbox 1890 2495 2031 2546; x_wconf 50' lang='lat' dir='ltr'>Niqri,</span> <span class='ocrx_word' id='word_1_515' title='bbox 2068 2494 2327 2533; x_wconf 89' lang='lat' dir='ltr'>Bononiensis</span> <span class='ocrx_word' id='word_1_516' title='bbox 2369 2492 2468 2531; x_wconf 85' lang='lat' dir='ltr'>filios</span> 
     </span>
     <span class='ocr_line' id='line_1_90' title="bbox 1514 2556 2467 2608; baseline -0.006 -9"><span class='ocrx_word' id='word_1_517' title='bbox 1514 2561 1612 2599; x_wconf 90' lang='lat' dir='ltr'>duos</span> <span class='ocrx_word' id='word_1_518' title='bbox 1646 2558 1922 2598; x_wconf 56' lang='lat' dir='ltr'>Alexandrum</span> <span class='ocrx_word' id='word_1_519' title='bbox 1962 2558 2156 2608; x_wconf 56' lang='lat' dir='ltr'>Nimiam,</span> <span class='ocrx_word' id='word_1_520' title='bbox 2196 2556 2467 2603; x_wconf 87' lang='lat' dir='ltr'>Canonicum,</span> 
     </span>
     <span class='ocr_line' id='line_1_91' title="bbox 1514 2618 2470 2670; baseline -0.005 -10"><span class='ocrx_word' id='word_1_521' title='bbox 1514 2624 1626 2661; x_wconf 89' lang='lat' dir='ltr'>cuius</span> <span class='ocrx_word' id='word_1_522' title='bbox 1652 2622 1834 2660; x_wconf 79' lang='lat' dir='ltr'>historico</span> <span class='ocrx_word' id='word_1_523' title='bbox 1856 2621 2023 2670; x_wconf 78' lang='lat' dir='ltr'>mystica</span> <span class='ocrx_word' id='word_1_524' title='bbox 2049 2618 2377 2658; x_wconf 87' lang='lat' dir='ltr'>lectio&#39;Maniliani</span> <span class='ocrx_word' id='word_1_525' title='bbox 2398 2618 2470 2656; x_wconf 86' lang='lat' dir='ltr'>Bo-</span> 
     </span>
     <span class='ocr_line' id='line_1_92' title="bbox 1516 2679 2469 2723; baseline -0.007 0"><span class='ocrx_word' id='word_1_526' title='bbox 1516 2686 1715 2723; x_wconf 88' lang='lat' dir='ltr'>noniensis</span> <span class='ocrx_word' id='word_1_527' title='bbox 1754 2684 1997 2722; x_wconf 78' lang='lat' dir='ltr'>monumenti</span> <span class='ocrx_word' id='word_1_528' title='bbox 2042 2681 2224 2720; x_wconf 86' lang='lat' dir='ltr'>laudatur</span> <span class='ocrx_word' id='word_1_529' title='bbox 2254 2681 2291 2717; x_wconf 90' lang='lat' dir='ltr'>in</span> <span class='ocrx_word' id='word_1_530' title='bbox 2329 2679 2469 2718; x_wconf 91' lang='lat' dir='ltr'>Biblio-</span> 
     </span>
     <span class='ocr_line' id='line_1_93' title="bbox 1517 2740 2468 2797; baseline -0.007 -12"><span class='ocrx_word' id='word_1_531' title='bbox 1517 2748 1629 2785; x_wconf 78' lang='lat' dir='ltr'>theca</span> <span class='ocrx_word' id='word_1_532' title='bbox 1659 2746 1874 2797; x_wconf 85' lang='lat' dir='ltr'>Aprosiana</span> <span class='ocrx_word' id='word_1_533' title='bbox 1906 2756 1990 2795; x_wconf 79' lang='lat' dir='ltr'>pag.</span> <span class='ocrx_word' id='word_1_534' title='bbox 2023 2744 2082 2782; x_wconf 87' lang='grc'>42.</span> <span class='ocrx_word' id='word_1_535' title='bbox 2113 2747 2152 2781; x_wconf 88' lang='lat' dir='ltr'>et</span> <span class='ocrx_word' id='word_1_536' title='bbox 2181 2740 2368 2780; x_wconf 80' lang='lat' dir='ltr'>Blancum</span> <span class='ocrx_word' id='word_1_537' title='bbox 2400 2740 2468 2779; x_wconf 81' lang='lat' dir='ltr'>Ni-</span> 
     </span>
     <span class='ocr_line' id='line_1_94' title="bbox 1514 2803 2466 2860; baseline -0.008 -12"><span class='ocrx_word' id='word_1_538' title='bbox 1514 2821 1632 2860; x_wconf 77' lang='lat' dir='ltr'>9rum</span> <span class='ocrx_word' id='word_1_539' title='bbox 1676 2809 1862 2859; x_wconf 83' lang='lat' dir='ltr'>pictorem</span> <span class='ocrx_word' id='word_1_540' title='bbox 1894 2807 2113 2851; x_wconf 77' lang='lat' dir='ltr'>eximium,</span> <span class='ocrx_word' id='word_1_541' title='bbox 2142 2803 2258 2854; x_wconf 86' lang='lat' dir='ltr'>cujus</span> <span class='ocrx_word' id='word_1_542' title='bbox 2290 2803 2466 2854; x_wconf 79' lang='lat' dir='ltr'>sylloge,</span> 
     </span>
     <span class='ocr_line' id='line_1_95' title="bbox 1519 2865 2466 2910; baseline -0.008 0"><span class='ocrx_word' id='word_1_543' title='bbox 1519 2872 1711 2910; x_wconf 85' lang='lat' dir='ltr'>Bononiae</span> <span class='ocrx_word' id='word_1_544' title='bbox 1730 2869 1842 2907; x_wconf 82' lang='grc'><strong>4658.</strong></span> <span class='ocrx_word' id='word_1_545' title='bbox 1860 2868 1922 2905; x_wconf 87' lang='lat' dir='ltr'>sol.</span> <span class='ocrx_word' id='word_1_546' title='bbox 1942 2867 2045 2905; x_wconf 83' lang='lat' dir='ltr'>edita</span> <span class='ocrx_word' id='word_1_547' title='bbox 2063 2866 2316 2905; x_wconf 86' lang='lat' dir='ltr'>inscribitur:</span> <span class='ocrx_word' id='word_1_548' title='bbox 2338 2865 2466 2904; x_wconf 88' lang='lat' dir='ltr'>Prima</span> 
     </span>
     <span class='ocr_line' id='line_1_96' title="bbox 1518 2927 2467 2978; baseline -0.004 -8"><span class='ocrx_word' id='word_1_549' title='bbox 1518 2933 1723 2978; x_wconf 80' lang='lat' dir='ltr'>Cruciata,</span> <span class='ocrx_word' id='word_1_550' title='bbox 1749 2931 1832 2968; x_wconf 90' lang='lat' dir='ltr'>sive</span> <span class='ocrx_word' id='word_1_551' title='bbox 1858 2930 2025 2967; x_wconf 83' lang='lat' dir='ltr'>societas</span> <span class='ocrx_word' id='word_1_552' title='bbox 2054 2939 2254 2967; x_wconf 83' lang='lat' dir='ltr'>armorum</span> <span class='ocrx_word' id='word_1_553' title='bbox 2279 2927 2467 2968; x_wconf 86' lang='lat' dir='ltr'>Christia-</span> 
     </span>
     <span class='ocr_line' id='line_1_97' title="bbox 1521 2992 2100 3042; baseline -0.005 -10"><span class='ocrx_word' id='word_1_554' title='bbox 1521 3005 1685 3041; x_wconf 79' lang='lat' dir='ltr'>norum,</span> <span class='ocrx_word' id='word_1_555' title='bbox 1718 2993 1843 3031; x_wconf 87' lang='lat' dir='ltr'>Cruce</span> <span class='ocrx_word' id='word_1_556' title='bbox 1874 2992 2100 3042; x_wconf 80' lang='lat' dir='ltr'>insignium.</span> 
     </span>
    </p>

    <p class='ocr_par' dir='ltr' id='par_1_22' title="bbox 1514 3050 2467 3420">
     <span class='ocr_line' id='line_1_98' title="bbox 1571 3050 2466 3105; baseline -0.002 -14"><span class='ocrx_word' id='word_1_557' title='bbox 1571 3054 1718 3093; x_wconf 75' lang='lat' dir='ltr'>Julium</span> <span class='ocrx_word' id='word_1_558' title='bbox 1750 3053 1915 3105; x_wconf 77' lang='lat' dir='ltr'>Ni9rum</span> <span class='ocrx_word' id='word_1_559' title='bbox 1946 3053 2235 3091; x_wconf 82' lang='lat' dir='ltr'>Ferrariensem</span> <span class='ocrx_word' id='word_1_560' title='bbox 2265 3051 2305 3091; x_wconf 87' lang='lat' dir='ltr'>S.</span> <span class='ocrx_word' id='word_1_561' title='bbox 2333 3051 2362 3090; x_wconf 93' lang='grc' dir='ltr'>Ι.</span> <span class='ocrx_word' id='word_1_562' title='bbox 2399 3050 2466 3089; x_wconf 85' lang='lat' dir='ltr'>de-</span> 
     </span>
     <span class='ocr_line' id='line_1_99' title="bbox 1520 3113 2467 3165; baseline -0.006 -8"><span class='ocrx_word' id='word_1_563' title='bbox 1520 3118 1697 3157; x_wconf 85' lang='lat' dir='ltr'>functum</span> <span class='ocrx_word' id='word_1_564' title='bbox 1722 3117 1768 3155; x_wconf 88' lang='grc' dir='ltr'>Α.</span> <span class='ocrx_word' id='word_1_565' title='bbox 1793 3116 1907 3154; x_wconf 87' lang='grc'><strong>4720.</strong></span> <span class='ocrx_word' id='word_1_566' title='bbox 1923 3119 1987 3154; x_wconf 84' lang='lat' dir='ltr'>aet</span> <span class='ocrx_word' id='word_1_567' title='bbox 2001 3114 2063 3153; x_wconf 88' lang='grc'>72.</span> <span class='ocrx_word' id='word_1_568' title='bbox 2081 3114 2197 3165; x_wconf 89' lang='lat' dir='ltr'>cujus</span> <span class='ocrx_word' id='word_1_569' title='bbox 2220 3113 2380 3152; x_wconf 91' lang='lat' dir='ltr'>historia</span> <span class='ocrx_word' id='word_1_570' title='bbox 2401 3124 2467 3163; x_wconf 89' lang='lat' dir='ltr'>po-</span> 
     </span>
     <span class='ocr_line' id='line_1_100' title="bbox 1517 3176 2466 3236; baseline -0.003 -19"><span class='ocrx_word' id='word_1_571' title='bbox 1517 3185 1648 3236; x_wconf 82' lang='lat' dir='ltr'>stuma</span> <span class='ocrx_word' id='word_1_572' title='bbox 1689 3179 1737 3217; x_wconf 88' lang='lat' dir='ltr'>dc</span> <span class='ocrx_word' id='word_1_573' title='bbox 1779 3178 2040 3229; x_wconf 84' lang='lat' dir='ltr'>Scriptoribus</span> <span class='ocrx_word' id='word_1_574' title='bbox 2084 3176 2346 3223; x_wconf 81' lang='lat' dir='ltr'>Florentinis,</span> <span class='ocrx_word' id='word_1_575' title='bbox 2387 3185 2466 3225; x_wconf 87' lang='lat' dir='ltr'>qua</span> 
     </span>
     <span class='ocr_line' id='line_1_101' title="bbox 1517 3236 2466 3293; baseline -0.007 -12"><span class='ocrx_word' id='word_1_576' title='bbox 1517 3243 1662 3293; x_wconf 86' lang='lat' dir='ltr'>passim</span> <span class='ocrx_word' id='word_1_577' title='bbox 1705 3252 1801 3280; x_wconf 86' lang='lat' dir='ltr'>usus</span> <span class='ocrx_word' id='word_1_578' title='bbox 1837 3251 1925 3280; x_wconf 90' lang='lat' dir='ltr'>sum</span> <span class='ocrx_word' id='word_1_579' title='bbox 1957 3241 1993 3278; x_wconf 92' lang='lat' dir='ltr'>in</span> <span class='ocrx_word' id='word_1_580' title='bbox 2032 3240 2104 3278; x_wconf 87' lang='lat' dir='ltr'>hoc</span> <span class='ocrx_word' id='word_1_581' title='bbox 2145 3249 2287 3289; x_wconf 84' lang='lat' dir='ltr'>opere,</span> <span class='ocrx_word' id='word_1_582' title='bbox 2325 3236 2466 3287; x_wconf 86' lang='lat' dir='ltr'>prodiit</span> 
     </span>
     <span class='ocr_line' id='line_1_102' title="bbox 1516 3298 2462 3350; baseline -0.006 -7"><span class='ocrx_word' id='word_1_583' title='bbox 1516 3306 1712 3343; x_wconf 75' lang='lat' dir='ltr'>Ferrariae</span> <span class='ocrx_word' id='word_1_584' title='bbox 1743 3302 1857 3342; x_wconf 87' lang='grc'><strong>4722.</strong></span> <span class='ocrx_word' id='word_1_585' title='bbox 1889 3303 1951 3341; x_wconf 81' lang='lat' dir='ltr'>fol.</span> <span class='ocrx_word' id='word_1_586' title='bbox 1981 3303 2035 3341; x_wconf 89' lang='lat' dir='ltr'>De</span> <span class='ocrx_word' id='word_1_587' title='bbox 2065 3301 2137 3340; x_wconf 90' lang='lat' dir='ltr'>hoc</span> <span class='ocrx_word' id='word_1_588' title='bbox 2165 3301 2280 3350; x_wconf 81' lang='lat' dir='ltr'>Nigro</span> <span class='ocrx_word' id='word_1_589' title='bbox 2309 3298 2462 3338; x_wconf 86' lang='lat' dir='ltr'>consuli</span> 
     </span>
     <span class='ocr_line' id='line_1_103' title="bbox 1514 3362 2464 3420; baseline -0.005 -13"><span class='ocrx_word' id='word_1_590' title='bbox 1514 3373 1642 3420; x_wconf 86' lang='lat' dir='ltr'>potest</span> <span class='ocrx_word' id='word_1_591' title='bbox 1658 3367 1880 3416; x_wconf 82' lang='lat' dir='ltr'>Hieronymi</span> <span class='ocrx_word' id='word_1_592' title='bbox 1899 3363 2090 3404; x_wconf 83' lang='lat' dir='ltr'>Barufaldi</span> <span class='ocrx_word' id='word_1_593' title='bbox 2113 3362 2286 3414; x_wconf 89' lang='lat' dir='ltr'>Epistola</span> <span class='ocrx_word' id='word_1_594' title='bbox 2310 3362 2464 3402; x_wconf 84' lang='lat' dir='ltr'>inserta</span> 
     </span>
    </p>
   </div>
  </div>
 </body>
</html>
