2517 4009
889 275 1266 313 PAULINUS

144 353 204 391 40.
234 349 540 390 Dissertationes
570 346 778 397 quaedam.

142 416 206 453 44.
232 410 436 463 Appendix
467 408 663 460 quaedam
694 414 902 448 auctorum
935 414 1042 448 vete-

88 488 175 516 rum
206 477 248 514 ln
277 475 355 513 hac¹
381 473 452 510 viri
471 472 691 510 doctissimi
720 472 950 509 collectione
979 471 1044 509 de-

87 537 283 576 sideratur
327 539 463 585 utpote
506 538 718 584 postquam
752 533 814 571 illa
846 533 1042 583 prodivit,

86 599 272 649 vulgatus
324 598 467 636 Versus
497 594 543 633 de
571 595 714 633 Herico
743 594 840 632 clicce
877 594 1045 645 Foroju-

88 659 203 700 liensi
228 670 306 710 quo
348 659 385 698 S.
432 658 617 696 Paulinus
664 658 777 696 amici
819 658 891 694 viri
925 657 1044 695 sunus

87 724 216 771 luxit,
247 721 378 761 editus
426 733 447 760 a
494 720 543 759 de
588 719 687 759 Beuf
714 720 751 757 in
780 719 1039 757 Dissertation

86 796 160 825 sur
189 783 388 824 I’Histoire
420 780 728 832 Ecclesiastique
758 783 797 818 et
839 779 951 819 civile
996 780 1042 820 cle

86 846 206 886 Paris
235 851 263 884 t.
288 848 301 885 4
340 858 376 897 p.
408 846 495 884 426.
525 844 746 883 Jambicum
777 847 839 881 est
878 854 1038 882 carmen

83 911 310 950 novenariis
339 907 640 959 quatuordecim
670 909 877 944 constans.

135 971 380 1012 PAULINUS
400 967 637 1009 Biterrensi&
654 998 661 1012 .
684 967 875 1017 (Beziers)
893 968 930 1006 in
947 968 1039 1006 Gal-

84 1036 135 1074 lia
162 1036 407 1086 EpiscopuS,
438 1032 569 1071 clarus
597 1030 671 1069 sub
715 1031 842 1080 quinti
890 1030 1037 1069 saeculi

86 1099 208 1136 initia.
238 1096 335 1146 Ejus
364 1093 582 1146 Epz'stolam
606 1092 731 1131 Idatio
757 1093 975 1130 Lemicensi
999 1094 1036 1130 In

84 1159 278 1199 Chronico
307 1160 564 1196 memoratam
610 1152 657 1191 de
690 1152 814 1203 siquis
854 1153 1039 1204 terrificis

84 1221 187 1272 apud
218 1220 430 1259 Baronium
460 1215 507 1255 ad
539 1227 602 1254 an.
635 1216 710 1253 448
740 1220 877 1253 extare
902 1216 1038 1254 scribit

85 1283 244 1323 Clariss.
283 1279 466 1319 Oudinus
507 1283 600 1315 tom.
634 1278 669 1315 4.
698 1288 784 1326 pag.
827 1278 918 1316 923.
961 1277 1038 1316 Sed

89 1355 162 1383 nec
191 1343 255 1382 illo
284 1342 368 1381 loco
414 1350 543 1389 neque
573 1338 661 1376 alibi
693 1337 807 1376 hodie
836 1339 939 1377 edita
970 1352 1038 1378 ex-

87 1410 168 1444 stat
191 1403 294 1456 quod
318 1404 452 1442 sciam.
469 1400 609 1440 Eidem
624 1400 805 1448 Paulino,
825 1412 900 1439 non
924 1402 1038 1452 plane

85 1472 191 1508 certa
212 1472 344 1506 tamen
370 1463 599 1516 conjectura
625 1464 646 1501 a
669 1461 773 1499 Viris
797 1463 1037 1512 quibusdam

85 1530 212 1569 doctis
240 1528 428 1567 tribuitur
468 1523 643 1564 Homilz'a
677 1523 717 1562 in
753 1525 790 1564 S.
829 1525 1039 1564 Genesium

81 1591 377 1638 Arelatensem,
401 1600 503 1640 quae
532 1591 665 1625 exstat
694 1591 734 1625 et
759 1589 862 1626 inter
886 1589 1036 1627 Paulini

82 1655 218 1694 Nolani
247 1653 374 1704 Opera
403 1655 443 1690 et
471 1649 574 1701 apud
606 1649 766 1687 Surium
792 1649 840 1688 ad
867 1651 918 1690 25
958 1651 1038 1690 Au-

83 1718 202 1768 gusti.

135 1776 366 1817 Benedictus
382 1775 634 1818 PAULINUS
647 1775 965 1828 Burdeyalensis,
988 1777 1037 1816 ad

87 1852 206 1893 quem
237 1840 396 1891 scripsit
424 1841 596 1880 Faustus
626 1842 818 1880 Reiensis.
849 1840 945 1879 Vide
970 1851 1036 1879 su·

82 1915 153 1954 pra
181 1907 275 1942 tom.
306 1903 342 1941 2.
372 1914 461 1954 pag.
494 1903 573 1942 557
603 1909 644 1941 et
689 1914 806 1954 quem
841 1914 933 1942 cum
964 1903 1038 1941 No—

84 1965 174 2004 lano
192 1965 352 2003 videtur
367 1965 609 2004 confundere
625 1967 663 2005 S.
685 1966 829 2005 Avitus
845 1966 972 2016 Epist.
1000 1966 1032 2003 4.

136 2025 383 2066 PAULINUS
406 2027 703 2079 Forojulieusis.
728 2029 854 2080 Supra
878 2026 1037 2079 Aquile-

77 2100 216 2140 yenszs.
817 2115 819 2120 -

136 2150 382 2190 PAULINUS
397 2151 707 2192 Mediolanensis
722 2153 947 2203 Presbyter,
969 2153 1036 2203 qui

83 2213 212 2252 Vitam
230 2215 402 2265 Magistri
419 2216 480 2253 sui
496 2216 536 2254 S.
560 2212 763 2253 Ambrosii
778 2214 1042 2254 Mediolanen-

87 2276 142 2314 sis
170 2275 353 2327 Episcopi
383 2281 542 2327 petente
572 2277 599 2315 S
632 2276 1040 2331 Augustino-scripsit

88 2337 186 2376 Vide
228 2339 411 2377 Vossium
460 2350 544 2389 pag.
575 2339 652 2378 244
695 2350 777 2390 seq.
820 2339 945 2378 Obvia
976 2339 1039 2377 illa

89 2399 192 2450 apud
223 2400 383 2439 Surium
416 2401 450 2438 4.
480 2399 605 2451 April.
634 2405 673 2438 et
698 2401 872 2451 praefixa
899 2402 1040 2440 Roma-

88 2473 162 2500 nae
196 2472 359 2512 operum
391 2462 429 2500 S.
458 2461 655 2500 Ambrosii
684 2463 843 2501 editioni
874 2464 896 2501 a
925 2465 1041 2502 Baro-

88 2524 164 2561 nio.
195 2523 292 2562 Vide
322 2524 594 2562 Possevinum.
625 2524 774 2563 Eadem
801 2525 849 2563 ad
874 2525 1040 2563 Codices

87 2586 377 2636 Manuscriptos
419 2587 617 2636 recognita
666 2587 703 2623 in
747 2586 963 2637 appendice
993 2586 1040 2624 ad

90 2652 184 2686 tom.
215 2647 252 2685 2.
289 2646 383 2686 edit.
426 2647 466 2686 S.
509 2647 706 2686 Ambrosii
754 2647 1042 2686 Benedictinor.

89 2709 198 2749 Idem
228 2710 295 2760 qui
320 2713 423 2748 teste
447 2710 594 2749 Isidoro
619 2712 724 2761 Hisp.
755 2721 838 2761 cap.
872 2711 905 2748 4.
931 2710 978 2749 de
1000 2711 1038 2749 S.

88 2772 133 2811 E.
151 2770 439 2810 Benedictiones
464 2771 799 2811 Patriarcharum
821 2772 948 2811 libello
973 2774 1034 2810 tri-

87 2834 202 2885 plicis
248 2834 530 2885 intelligentiae
573 2835 788 2885 explicuit,
820 2834 936 2885 cujus
980 2846 1041 2873 ar-

90 2897 267 2947 gumenti
284 2896 425 2936 librum
451 2896 644 2936 habemus
665 2899 686 2936 a
708 2896 896 2952 RUFINO
920 2897 1041 2947 Aqui-

90 2959 242 3009 lejensi.
273 2959 408 3009 Neque
438 2959 539 2998 alius
574 2959 761 2999 Paulinus
790 2960 857 3010 qui
882 2964 925 2998 ut
958 2961 1042 2997 liiu-

92 3031 217 3060 conus
246 3019 376 3060 adhuc
403 3020 645 3060 Caelestium
677 3022 928 3073 Pelagianum
951 3023 1044 3060 Car-

94 3083 254 3135 thagine
282 3083 539 3134 oppugnavit.
570 3083 666 3123 Vide
699 3084 872 3123 Concilia
901 3083 1043 3122 Labbei

150 3249 189 3292 a)
208 3250 342 3284 Paulini
367 3259 468 3293 opera
494 3249 512 3282 a
536 3253 662 3283 Brunio
677 3250 819 3291 expolita
836 3254 869 3282 et
887 3250 1052 3282 illustrata

94 3301 308 3342 prodierunt.
329 3304 434 3334 Paris.
461 3300 555 3333 1685.
577 3301 608 3332 4.
631 3301 714 3333 Vide
741 3303 822 3332 Actu
843 3299 944 3331 Erud.
963 3300 1050 3331 illius

92 3353 171 3383 anni
196 3360 228 3392 p.
245 3351 320 3384 482.
337 3356 438 3392 atque
457 3350 684 3392 ephemerides
712 3349 928 3382 Eruditorum
952 3352 1055 3381 Paris.

93 3410 167 3442 pag.
195 3400 265 3434 117.
284 3404 328 3432 De
347 3402 496 3434 editione
518 3399 749 3432 Rosweidiana
773 3403 938 3440 Antwerp.
964 3400 1056 3432 1622.

1989 282 2002 318 4
2018 279 2070 318 95

1123 352 1218 385 tom.
1252 348 1286 384 2.
1319 359 1404 398 pag.
1437 347 1550 386 4578.
1593 350 1728 386 Baron.
1760 347 1806 387 ad
1837 348 1885 387 A.
1913 348 1953 386 C.
1986 349 2074 388 397.

1121 421 1227 448 num.
1259 410 1309 447 23
1339 415 1379 447 et
1409 409 1486 448 448
1518 421 1625 448 num.
1660 412 1720 449 44.
1752 421 1833 460 seq.

1171 471 1191 494 ³*
1223 471 1289 508 Vir
1318 471 1478 510 doctiss.
1512 473 1554 509 l).
1583 473 1639 509 Jo.
1666 472 1900 511 Ambrosius
1923 473 2068 523 Minga-

1117 533 1239 572 rellus
1269 534 1365 572 Can.
1390 533 1593 582 Regularis
1617 534 1655 571 S.
1681 533 1897 572 Salvatoris
1921 536 2067 573 Bonon.

1119 595 1223 634 baud
1253 599 1345 633 ante
1389 595 1535 632 multos
1578 606 1704 633 annos
1750 597 1929 647 vulgavit
1964 608 2072 635 com-

1122 658 1405 695 mentationem
1437 655 1650 705 quamdam
1673 655 1719 694 de
1745 656 2074 697 benedictionibus

1120 716 1455 758 Patriarcharum
1500 717 1675 756 nondum
1719 719 1807 757 alibi
1855 731 2073 768 excusam,

1117 793 1284 831 eamque
1317 792 1436 819 unam
1468 779 1718 818 tribuendam
1749 792 1838 819 esse
1856 782 2072 830 contendit,

1114 846 1177 884 cui
1207 849 1248 883 et
1280 848 1398 882 vetus
1427 842 1552 881 codex
1581 841 1771 880 adscribit
1801 844 1964 882 Paulino
1993 846 2072 882 Mo—

1113 907 1345 953 diolanensi,
1377 916 1496 956 quam
1518 904 1566 942 de
1586 904 1659 943 hoc
1683 910 1918 955 argumento
1949 908 2072 957 scrip-

1113 972 1213 1008 sisse
1246 969 1364 1007 tradit
1390 968 1564 1007 lsidorus
1585 966 1634 1005 de
1659 968 1742 1006 Ser.
1765 968 2071 1007 Ecclesiasticis.

1113 1033 1175 1071 Ex
1205 1043 1283 1082 quo
1313 1031 1381 1081 fit,
1416 1036 1459 1070 ut
1487 1042 1579 1070 cum
1611 1041 1711 1081 opus
1742 1030 1847 1069 istud
1873 1031 1989 1081 plane
2016 1031 2074 1068 di-

1114 1106 1278 1134 versum
1317 1096 1370 1132 sit
1412 1094 1460 1133 ab
1497 1105 1571 1141 eo,
1603 1093 1708 1144 quod
1739 1093 1882 1132 Rufino
1913 1093 2076 1144 Aquile-

1109 1157 1212 1207 jensi
1243 1169 1264 1196 a
1296 1158 1391 1195 viris
1432 1156 1593 1195 doctiss.
1633 1155 1857 1206 jandudum
1888 1156 2075 1194 vendica-

1113 1224 1197 1258 tum
1229 1223 1292 1257 est
1311 1251 1322 1267 ,
1348 1219 1425 1257 duo
1450 1223 1545 1257 sunt
1567 1220 1783 1268 scriptores
1800 1249 1810 1266 ,
1832 1219 1899 1268 qui
1921 1217 1969 1256 de
1997 1229 2073 1256 uno

1113 1281 1334 1331 eodemque
1364 1285 1600 1331 argumento
1644 1281 1939 1319 disseruerunt.
1967 1279 2073 1331 Opu-

1114 1343 1271 1381 sculum
1297 1342 1404 1380 istud
1430 1346 1541 1381 extat
1568 1343 1670 1380 inter
1691 1343 1879 1381 Veterum
1908 1344 2069 1380 Patrum

1114 1405 1283 1443 Latinor.
1309 1404 1498 1454 opuscula
1525 1404 1686 1454 vulgata
1709 1415 1730 1443 a
1748 1405 1818 1442 PP.
1836 1405 1986 1443 Canon.
2002 1404 2075 1442 Re-

1114 1465 1320 1516 gularibus
1363 1466 1401 1504 S.
1452 1465 1674 1504 Salvatoris
1716 1467 1914 1504 Bononiae
1959 1465 2078 1505 4754.

1116 1530 1153 1566 in
1181 1528 1219 1567 [ι.
1248 1528 1270 1550 *

1167 1590 1366 1642 Meropius
1409 1589 1570 1629 Pontius
1616 1589 1780 1629 Anicius
1828 1589 2073 1629 PAULINUS

1117 1653 1410 1704 Aquitanicus,
1440 1655 1593 1691 amicus
1638 1653 1825 1699 Ausonii,
1855 1654 2077 1703 Episcopus

1113 1716 1293 1755 Nolanus
1337 1717 1374 1753 in
1406 1716 1619 1766 Campania
1665 1716 1798 1755 Italica
1829 1715 1875 1754 A.
1905 1716 1947 1756 C.
1978 1715 2068 1755 434,

1114 1780 1328 1818 defunctus
1348 1791 1355 1817 :
1382 1779 1583 1817 doctrinae
1607 1783 1647 1817 et
1664 1779 1914 1829 eloquent-iae
1931 1778 2047 1817 laude
2064 1809 2073 1827 ,

1112 1843 1288 1893 poeticae
1328 1853 1485 1892 quoque
1518 1841 1716 1880 facultatis
1746 1841 1866 1892 gloria
1904 1841 2075 1879 clarissi-

1113 1915 1229 1952 mus,
1254 1903 1302 1942 de
1328 1915 1405 1954 quo
1431 1908 1588 1954 praeter
1611 1904 1782 1942 editores
1803 1909 1842 1942 et
1864 1903 2075 1941 Tillemon-

1110 1969 1207 2005 tium
1234 1971 1340 2004 tomo
1371 1967 1471 2005 XIV.
1500 1968 1723 2005 memoriar.
1755 1971 1795 2004 et
1825 1967 2008 2004 Vossium
2035 1978 2073 2016 p.

1110 2030 1201 2068 244.
1245 2029 1447 2068 Oudinum
1487 2033 1582 2067 tom.
1617 2031 1650 2069 4.
1681 2040 1768 2080 pag.
1816 2029 1929 2068 4288.
1976 2027 2075 2067 Acta

1110 2093 1348 2131 Sanctorum
1373 2096 1466 2130 tom.
1489 2092 1551 2130 IV.
1577 2092 1667 2130 Jun.
1687 2092 1749 2131 22.
1771 2102 1855 2142 pag.
1876 2091 1963 2130 493.
1990 2102 2072 2141 seq.

1111 2154 1307 2205 Operibus
1336 2153 1427 2203 ejus
1455 2155 1477 2192 a
1507 2155 1690 2202 Ducaeo,
1725 2153 1960 2199 Rosweido,
1987 2153 2078 2192 Chi-

1113 2217 1243 2263 ssetio‚
1272 2221 1313 2255 et
1342 2217 1403 2254 Jo.
1430 2218 1608 2267 Baptista
1636 2217 1770 2254 Bruno
1800 2217 1833 2265 a)
1864 2215 2075 2254 illustratis

1111 2279 1290 2318 addenda
1312 2290 1413 2329 quae
1444 2280 1482 2316 in
1508 2279 1637 2318 lucem
1663 2278 1826 2329 protulit
1854 2275 2077 2329 πολυμαθέ-

1110 2340 1253 2382 qm&
1281 2342 1519 2380 Mnratorius
1557 2342 1594 2379 in
1625 2339 1830 2379 anecdotis
1863 2341 2011 2378 Latinis
2044 2344 2070 2376 t.

1114 2407 1128 2444 4
1164 2405 1369 2444 Mediolan.
1401 2403 1518 2444 4697.
1559 2404 1593 2441 4.
1625 2402 1673 2441 de
1703 2403 1848 2452 quibus
1872 2400 1954 2450 jam
1993 2400 2074 2438 dixi

1115 2468 1151 2505 in
1178 2467 1275 2506 Bibl.
1293 2468 1415 2506 Latin.
1438 2467 1502 2505 IV.
1527 2468 1562 2505 3.
1582 2465 1708 2504 Caroli
1727 2464 1918 2502 Perraulti
1936 2468 2075 2513 poema

1113 2529 1306 2568 Gallicum
1325 2529 1373 2568 de
1391 2529 1464 2566 hoc
1483 2527 1646 2566 Paulino
1662 2525 1805 2577 prodiit
1822 2527 1940 2564 Paris.
1961 2526 2074 2563 4686.

1114 2592 1151 2628 8.
1189 2591 1390 2630 Videndus
1419 2595 1459 2628 et
1488 2591 1657 2628 Miraeus
1686 2587 1733 2626 ad
1764 2586 1957 2625 Gennadii
1987 2598 2072 2637 cap.

1117 2652 1180 2690 48.
1212 2652 1394 2690 Labbeus
1424 2655 1450 2688 t.
1483 2651 1506 2689 2
1536 2649 1584 2687 dc
1624 2650 1662 2688 S.
1693 2649 1738 2687 F.
1768 2659 1855 2699 pag.
1880 2648 1967 2687 464.
1999 2653 2072 2686 etc.

1113 2717 1168 2754 De
1212 2715 1251 2753 S.
1290 2712 1503 2752 AMAix‘DO
1534 2711 1818 2762 Burdegalensi
1855 2711 2075 2761 Episcopo,

1113 2777 1160 2815 ad
1187 2787 1305 2826 quom
1327 2775 1520 2814 Paulinus
1540 2775 1699 2825 scripsit
1722 2804 1729 2821 ,
1751 2772 1841 2811 vide
1864 2774 1961 2811 Acta
1979 2774 2077 2812 San-

1113 2845 1210 2878 ctor.
1244 2843 1269 2876 t.
1302 2839 1337 2877 3.
1368 2837 1475 2875 Junii
1506 2837 1567 2875 48.
1599 2848 1636 2886 p.
1661 2836 1748 2875 587.
1780 2846 1862 2885 seq.

1168 2901 1275 2947 Quae
1319 2899 1367 2938 de
1400 2899 1560 2938 duobus
1587 2898 1811 2947 junioribus
1848 2895 2075 2936 I‘AULlMS

1116 2963 1321 3014 Episcopis
1341 2962 1505 3001 Nolanis
1525 2961 1781 3011 disputantur
1797 2961 1832 2997 in
1852 2959 1960 2998 Actis
1977 2960 2074 2998 San-

1115 3031 1211 3064 ctor.
1255 3030 1350 3064 tom.
1382 3025 1458 3071 IV,
1489 3025 1594 3062 Junii
1627 3034 1712 3073 pag.
1742 3023 1832 3060 228.
1863 3033 1946 3073 seq.
1977 3034 2074 3073 quo-

1120 3099 1207 3127 rum
1240 3098 1346 3127 unus
1375 3087 1512 3125 obierit
1549 3085 1592 3124 A.
1626 3085 1714 3123 442.
1745 3085 1844 3123 alter
1876 3085 2076 3124 Wandali-

1114 3255 1145 3286 8.
1188 3254 1338 3286 Labbeus
1374 3258 1456 3286 tom.
1489 3254 1522 3285 ⁶2.
1560 3262 1636 3294 pag.
1662 3253 1733 3284 162.
1757 3260 1827 3294 seq.
1850 3255 1937 3285 Petri
1964 3256 2084 3287 Franc.

1116 3303 1263 3336 chifletii
1285 3304 1445 3336 Paulinus
1486 3303 1672 3336 inusitatus
1696 3303 1802 3336 lucem
1826 3303 1908 3337 vidit
1933 3305 2081 3338 Divione.

1118 3354 1212 3386 1662.
1235 3354 1267 3384 4.
