2533 4009
455 237 534 278 230
1020 250 1024 251 ⁷
1300 243 1586 283 PETRUS

454 307 513 345 bis
543 311 707 348 internis
723 315 761 346 et
778 310 918 347 librum
937 309 1158 348 secundum
1175 313 1398 362 compendii

452 378 719 415 secretorum,
769 367 1056 419 supponentem
1100 370 1149 408 de
1195 374 1399 412 curatione

452 431 673 468 morborum
704 431 724 466 ii
755 429 943 466 membris
983 432 1213 470 nutritionis
1242 433 1290 470 ad
1319 445 1400 472 cor.

453 491 585 527 Venet.
620 489 730 526 4484.
758 489 871 527 4575.
907 489 1021 527 4589.
1050 492 1165 530 4623.
1192 493 1256 531 fol.
1277 495 1397 545 Lugd.

452 551 624 587 ⁴5:¹51.8.
656 549 749 586 vide
779 549 1036 588 Mercklinum
1070 563 1153 602 pag.
1187 553 1275 592 640.

500 607 769 653 .·1.ς[ι·οῖαί)ῐιιηι
808 609 974 660 planum
1005 614 1041 650 in
1073 614 1219 652 tabulis
1261 627 1400 654 ascen-

447 670 568 706 dens.
600 671 809 708 continens
848 673 1024 720 qualibet
1054 674 1148 713 hora
1169 678 1298 725 ‘atque
1329 679 1400 715 mi-

448 735 540 768 nuto
569 733 827 780 aequationes
857 732 1063 773 domorum
1103 737 1235 785 Coeli,
1280 739 1400 787 signi-

447 792 648 828 ficationes
671 793 886 843 imaginum
909 825 916 842 ⁷
940 807 1089 834 moram
1117 799 1197 835 nati
1225 800 1261 836 in
1287 804 1398 839 utero

447 853 608 897 matris7
639 864 730 891 cum
778 857 953 894 tractatu
994 857 1280 907 Nativitatum,
1325 872 1398 899 nec

444 923 518 949 non
546 912 662 952 horas
684 915 912 966 inaequales
935 930 1002 967 pro
1028 920 1205 968 quolibet
1229 921 1396 961 Climate

441 974 588 1012 Mundi.
619 977 742 1014 Venet
791 979 905 1017 4502.
940 980 975 1016 4.

494 1036 659 1074 Effinxit
690 1038 902 1088 plusquam
947 1041 1263 1092 quadringentas
1301 1046 1397 1083 ima-

440 1097 552 1145 gines
585 1098 834 1138 diversarum
867 1113 999 1140 rerum
1018 1132 1026 1150 ,
1048 1105 1192 1142 artium
1215 1117 1398 1155 operum-

440 1169 537 1207 que,
570 1160 668 1197 sitas
698 1161 772 1199 sub
802 1161 1010 1202 duodecim
1038 1166 1162 1216 signis
1187 1167 1337 1206 Zodiaci
1358 1172 1398 1205 et

440 1220 612 1258 Planetis
642 1228 796 1272 septem
827 1235 872 1263 ac
917 1225 1127 1264 duodecim
1167 1228 1396 1277 Mensilms,

438 1292 562 1330 eaque
593 1286 723 1322 omnia
750 1286 947 1335 pingenda
973 1290 1129 1326 curavit
1154 1290 1192 1326 in
1221 1290 1301 1328 foro
1326 1301 1398 1329 seu

438 1343 524 1380 aula
559 1346 730 1383 maxima
768 1348 905 1394 JuriS‚
936 1348 1112 1387 aedificio
1156 1352 1305 1389 Patavii
1335 1363 1398 1390 ce-

438 1405 646 1444 leberrimo
675 1419 753 1456 quo
778 1408 874 1446 nihil
899 1413 978 1447 tota
1005 1411 1115 1448 Italia
1143 1414 1398 1462 magnificen-

441 1467 519 1505 tius
532 1472 691 1506 exstare
704 1469 931 1508 scribitNic.
945 1471 1239 1511 Comnenust.l
1259 1474 1394 1523 p.279.

495 1529 669 1566 vertisse
700 1530 869 1569 traditur
899 1543 946 1569 ex
979 1533 1128 1571 Graeco
1152 1545 1201 1572 an
1228 1546 1276 1572 ex
1301 1536 1398 1574 Ara-

438 1587 522 1626 bico
553 1589 808 1639 Hippocratis
846 1593 1025 1632 libellum
1055 1595 1103 1632 dc
1147 1595 1396 1646 Astrologia‚

443 1649 632 1688 Galerium
664 1652 712 1690 dc
737 1653 894 1692 cholera
926 1657 1034 1705 nigra
1065 1661 1105 1693 et
1133 1656 1182 1694 dc
1206 1658 1397 1707 regimine

438 1712 639 1750 Sanitatis.
660 1712 744 1751 Abr
747 1714 884 1753 ahamz
897 1716 1035 1755 Judaei
1052 1715 1400 1756 etAbramz'Aven-

437 1784 562 1811 zenae
591 1776 786 1824 quaedam
819 1778 1029 1828 opuscula.

490 1835 638 1874 Omitto
668 1837 756 1887 ejus
787 1838 1134 1890 Physzwoqnomzam
1161 1843 1291 1880 ltalice
1317 1843 1399 1881 edi-

439 1900 518 1933 tam
562 1898 693 1936 PataV.
733 1899 847 1938 4474.
879 1902 915 1938 8.
946 1901 989 1923 *³*
1018 1903 1117 1941 Cum
1158 1904 1216 1940 tit.
1259 1905 1395 1943 Latine

439 1962 479 1994 et
499 1957 658 1997 Gallice.
682 1962 795 1998 Petro
817 1962 912 2000 falso
943 1963 1061 2001 tribui
1091 1964 1279 2003 authores
1312 1967 1396 2004 Tri-

440 2019 628 2067 themius‚
647 2022 863 2072 Symphor.
883 2022 1116 2074 Camperius
1136 2030 1176 2063 et
1195 2026 1395 2065 Naudeus.

438 2082 691 2121 Mazzuchelli
719 2096 753 2133 p.
794 2085 856 2124 40.
887 2086 1161 2135 (Lucchesini.)
1192 2092 1232 2125 et
1262 2089 1398 2127 Latine

447 2144 549 2181 4548
581 2145 619 2181 8.
639 2144 909 2184 Geomantiam
941 2149 1080 2185 Latine
1111 2149 1251 2187 Venet.
1284 2151 1398 2188 4549.

442 2204 543 2242 4586
563 2206 597 2243 8.
615 2210 653 2243 et
671 2209 849 2246 Tricasso
860 2210 1071 2248 Mantuano
1090 2211 1305 2260 interprete
1324 2213 1399 2250 lta—

441 2266 513 2303 lice
546 2268 659 2305 4556.
684 2270 720 2305 8.
747 2271 1008 2320 [leptameron
1026 2300 1034 2316 ,
1079 2272 1199 2310 Paris.
1226 2272 1339 2310 4567.
1362 2274 1396 2311 8.

439 2339 528 2366 cum
557 2328 772 2367 elucidario
794 2331 1089 2370 Necromantico
1118 2337 1158 2370 et
1179 2332 1393 2373 Elementz's

435 2390 599 2439 Mayz'cls
611 2389 758 2429 ctlz'bro
774 2395 1137 2442 eaepertmentorum
1152 2394 1399 2434 mirabilium

440 2450 486 2488 (Ie
514 2451 666 2500 anulzs,
697 2453 914 2492 secundum
957 2455 1130 2494 XXVIII.
1174 2456 1399 2498 mansiones

439 2514 582 2552 Lunae:
603 2519 689 2553 tum
710 2516 840 2566 Opera
857 2516 958 2554 artis
984 2517 1124 2556 librum
1145 2518 1396 2568 Chemicum‚

440 2580 482 2612 et
503 2576 679 2615 libellum
706 2579 767 2616 cui
801 2578 943 2617 titulus
973 2578 1118 2617 Pollex
1147 2581 1232 2618 sive
1252 2579 1394 2619 Index.

494 2637 510 2658 *³
543 2637 626 2675 Non
657 2640 892 2689 ambigens,
923 2641 992 2679 sed
1012 2645 1121 2679 certo
1146 2642 1279 2679 sciens
1303 2643 1399 2680 scri-

441 2699 487 2735 lio
520 2700 675 2737 l‘etrum
708 2700 756 2737 de
777 2701 915 2739 Abano
945 2703 1116 2740 vertisse
1143 2701 1316 2740 libellum
1342 2701 1397 2740 lu-

440 2759 653 2798 minarium
696 2762 878 2799 Abrahae
922 2762 1160 2810 Avenzare,

441 2822 549 2860 sculo
582 2825 777 2873 interpres
824 2824 984 2862 titulum
1018 2824 1158 2861 indidit
1194 2823 1240 2862 de
1268 2825 1397 2874 cossnz'-

441 2881 538 2920 tione
567 2894 713 2921 causae
756 2884 885 2922 crisis.
919 2885 1165 2934 Impressum
1197 2890 1260 2923 est
1290 2887 1396 2936 typis

442 2946 612 2982 vetustis
644 2946 679 2982 in
710 2947 746 2983 4.
779 2946 860 2983 loco
890 2950 929 2982 et
959 2957 1063 2983 anno
1094 2947 1259 2983 incertis
1289 2946 1309 2968 *

495 3005 685 3044 PETRUS
713 3005 910 3057 Aquensis
942 3007 1303 3057 Archiepiscopus,
1341 3008 1399 3044 in-

445 3065 525 3110 ira,
554 3067 701 3106 Petrus
731 3067 944 3107 Aureolus.

500 3127 689 3166 l‘liTllUS
726 3129 771 3167 (le
809 3128 979 3179 Aquila,
1025 3130 1110 3167 sive
1147 3128 1396 3180 Aquilanus‚

447 3185 539 3221 Ord.
569 3189 700 3226 Minor.
731 3195 769 3227 et
801 3192 1018 3240 Episcopus
1044 3192 1082 3229 S.
1108 3190 1247 3241 Angeli
1275 3191 1311 3228 in
1339 3202 1399 3229 re-

449 3256 523 3292 gno
553 3248 707 3296 Neapol.
742 3252 881 3289 Doctor
910 3252 1108 3304 sufficiens
1144 3253 1397 3302 appellatuS,

449 3311 585 3343 auctor
609 3309 764 3348 Scotelli
787 3313 871 3349 sivc
897 3314 982 3350 libri
1010 3315 1046 3351 in
1072 3324 1150 3363 quo
1173 3324 1248 3350 non
1269 3313 1398 3351 solum

452 3367 553 3403 Scoti
585 3367 760 3406 doctrina
791 3372 1022 3421 compendio
1060 3374 1297 3423 exponitur‚
1327 3372 1395 3410 sed

1210 2765 1271 2801 cui
1303 2775 1400 2813 opu-

1474 316 1594 354 etiam
1625 318 1688 355 via
1719 322 1912 361 sternitur
1939 325 1986 363 ad
2008 327 2048 365 S.
2074 326 2246 367 Thomae
2271 333 2312 367 et
2336 331 2430 370 alio-

1474 388 1562 415 rum
1592 376 1925 422 Scholasticorum
1956 386 2140 437 dogmata
2185 390 2339 430 facilius
2369 393 2429 430 in-

1475 437 1698 487 telligenda.
1730 441 1875 480 Prodiit
1899 451 1987 494 post
2018 451 2258 489 vetustiores
2288 451 2428 491 editio—

1475 509 1546 536 nes
1575 502 1799 540 recensitus
1828 503 1850 540 3
1879 505 2040 545 Claudio
2064 508 2264 560 Stephano
2286 514 2430 553 Novel-

1475 560 1592 605 letio‚
1624 562 1742 599 Paris.
1775 564 1890 602 4585.
1937 566 1971 603 8.
2015 568 2182 620 Scripsit
2222 578 2428 623 praeterea

1477 621 1757 673 Compendzum
1786 635 1912 675 super
1944 628 2180 678 Mayzstrum
2209 635 2429 674 Sententia-

1473 694 1590 731 r,mn
1621 689 1660 722 et
1689 686 1938 736 quaestiones
1961 700 2001 726 zn
2027 690 2092 728 IV.
2119 690 2242 732 libros
2266 697 2429 735 Senten-

1474 745 1622 784 tearum
1642 747 1773 798 Juoeta
1801 748 1911 787 Scotz·
1936 748 2156 790 doccrmam
2185 755 2321 805 Spirae
2351 759 2430 808 pri-

1473 817 1583 845 mum
1615 809 1730 847 4480.
1759 809 1902 848 deinde
1931 821 2026 849 cura
2047 812 2266 854 Constantii
2292 818 2429 857 Cardi—

1474 869 1573 907 nalis
1594 870 1761 908 Sarnani
1787 870 1913 909 editas
1937 873 2078 911 Venet.
2107 875 2224 913 4584.
2247 878 2428 929 Denique

1471 929 1763 969 Commentaria
1782 931 1820 969 in
1842 931 1963 971 libros
1977 932 2200 974 Aristotelis
2214 935 2261 975 de
2277 940 2424 979 anima.

1471 992 1591 1041 Incip.
1631 991 1775 1030 Anima
1803 993 1985 1032 nascitur
2013 994 2118 1033 sicut
2145 994 2282 1036 tabula
2315 1010 2425 1040 rasa.

1471 1052 1568 1090 Vide
1599 1054 1887 1103 possevinum,
1918 1056 2189 1108 Waddingum
2219 1069 2306 1110 pag.
2337 1061 2429 1102 275.

1471 1114 1591 1152 Jubet
1615 1119 1655 1152 et
1669 1115 1844 1166 Cangius
1866 1117 2060 1167 inspicere
2085 1119 2270 1159 Codicem
2292 1123 2427 1163 Manu-

1473 1185 1548 1212 scr.
1581 1176 1671 1215 324.
1701 1177 1798 1215 Bibl.
1821 1178 1859 1216 S.
1880 1179 2067 1217 Germani
2092 1179 2141 1219 de
2166 1181 2293 1220 Pratis
2307 1184 2427 1223 Paris.

1526 1238 1669 1276 PETRI
1701 1239 1727 1276 1.
1772 1238 2003 1289 Arayonum
2041 1241 2156 1292 Reyis
2193 1245 2425 1285 constitutio

1472 1297 1670 1338 adversus
1699 1300 1920 1339 haereticos
1950 1301 2218 1354 WaldenseS,
2255 1305 2429 1356 vulgari-

1473 1364 1534 1397 ter
1563 1361 1773 1400 Sahatatos
1802 1367 1842 1400 et
1871 1364 2071 1414 pauperes
2095 1365 2143 1404 de
2169 1366 2361 1417 Lugduno
2381 1367 2426 1407 A.

1473 1421 1588 1460 4497.
1618 1424 1816 1473 publicata
1846 1428 1979 1462 exstat
2009 1426 2048 1463 in
2093 1427 2240 1466 Baluzii
2279 1439 2427 1480 appen-

1471 1482 1557 1521 dice
1587 1484 1633 1522 ad
1679 1486 1848 1524 Marcam
1893 1485 2147 1537 Hispanicam
2194 1500 2279 1540 pag.
2313 1491 2426 1530 4384.

1471 1543 1580 1582 Aliae
1610 1545 1698 1596 ejus
1727 1549 2035 1587 constitutiones
2065 1559 2191 1600 usque
2219 1551 2268 1590 ad
2311 1552 2427 1592 Anno

1478 1604 1591 1642 4240.
1622 1615 1708 1654 pag.
1739 1606 1854 1645 4386.
1887 1606 2003 1646 4588.
2029 1608 2144 1646 4390.
2175 1610 2292 1648 4399.

1527 1667 1720 1706 PETRUS
1749 1666 2093 1718 Archadiaconus,
2125 1670 2321 1709 incertum
2347 1670 2428 1710 ide-

1473 1740 1564 1766 mne
1607 1740 1699 1768 cum
1743 1729 1906 1768 PETRO
1949 1731 2119 1769 Diacono
2161 1742 2281 1781 quem
2311 1732 2428 1770 collo-

1472 1794 1662 1839 quentem
1694 1780 1739 1828 in*
1762 1791 1933 1841 Dialogis
1962 1791 2047 1829 sius
2090 1791 2243 1830 inducit
2285 1792 2431 1843 Grego-

1474 1853 1558 1890 rius
1587 1853 1765 1901 Magnus.
1795 1852 1855 1890 Ab
1883 1851 2097 1890 Edmundo
2125 1854 2302 1892 Martene
2346 1854 2433 1904 qui—

1479 1913 1568 1952 dem
1599 1919 1693 1952 tom.
1726 1915 1792 1952 IX.
1825 1918 2120 1952 monumentor.
2150 1926 2186 1964 p.
2214 1913 2305 1954 277.
2340 1915 2430 1955 294.

1473 1975 1624 2013 editum
1656 1975 1850 2014 habemus
1876 1974 2021 2014 librum
2046 1976 2093 2014 de
2118 1975 2290 2015 diversis
2311 1987 2432 2028 quae-

1474 2034 1665 2075 stionibus
1691 2037 1731 2074 in
1759 2036 1961 2075 Danielem
1991 2036 2228 2088 Prophetam
2252 2049 2343 2076 cum
2367 2049 2431 2076 re-

1473 2096 1748 2148 sponsionibus
1777 2098 1887 2146 suz's,
1918 2110 2038 2147 quem
2066 2098 2190 2148 jussit
2231 2101 2427 2139 Dominus

1472 2161 1553 2198 Rex
1593 2160 1760 2199 Carolus
1798 2160 2064 2199 transcribere
2101 2172 2149 2199 ex
2195 2161 2429 2200 authentico

1473 2222 1575 2259 Petri
1607 2221 1895 2260 Archidiaconi.

1528 2283 1719 2321 PETRUS
1748 2282 1794 2321 de
1822 2282 2067 2334 Arqentz'na,
2106 2283 2429 2334 Augustinianus

1473 2345 1608 2383 nullus
1634 2345 1731 2392 fuit,
1760 2356 1850 2383 nam
1881 2357 1950 2396 pro
1974 2347 2089 2383 Petro
2114 2356 2234 2394 quem
2259 2344 2306 2383 ad
2334 2345 2433 2384 San-

1472 2406 1611 2446 derum
1656 2417 1878 2457 provocans
1921 2407 2097 2456 Cangius
2143 2407 2348 2455 nominat,
2392 2407 2431 2444 in

1474 2466 1638 2506 Sanderi
1668 2468 1763 2506 Bibl.
1794 2468 2156 2518 Manuscriptorum
2177 2467 2300 2518 Belgii
2321 2471 2433 2517 parte

1473 2529 1510 2565 2.
1541 2540 1628 2579 pag.
1659 2529 1748 2567 246.
1781 2529 1953 2567 Thomas
1983 2528 2032 2567 de
2062 2527 2310 2578 Argentina‚
2337 2529 2435 2566 Ere-

1474 2592 1569 2629 mita
1598 2591 1919 2641 Augustinianus
1950 2593 2254 2629 memorautur:
2279 2589 2327 2628 de
2356 2600 2433 2639 quo

1473 2653 1595 2699 infra,
1627 2663 1698 2690 suo
1729 2653 1826 2690 loco.

1527 2711 2310 2764 PETRUS.4r9entoratensz·s‚Carmenta
2325 2695 2444 2751 circa*

1473 2777 1546 2813 An.
1580 2775 1693 2814 4720.
1726 2777 1894 2824 scriptor
1933 2775 2119 2812 historiae
2150 2773 2240 2811 belli
2280 2774 2433 2824 Argen-

1472 2839 1685 2874 toratensis
1715 2836 1789 2874 sub
1825 2835 2014 2874 Gualtero
2056 2836 2253 2885 Episcopo
2285 2835 2352 2884 qui
2382 2834 2431 2873 ab

1471 2897 1516 2935 A.
1548 2898 1664 2935 4260.
1695 2897 1766 2934 fuit
1796 2896 1842 2934 ad
1874 2896 1987 2934 4263.
2013 2896 2163 2934 Laudat
2187 2895 2429 2934 possevinus

1471 2963 1511 2995 et
1531 2970 1579 2995 ex
1603 2959 1817 2995 Possevino
1842 2957 2038 3006 Alegrius,
2060 2958 2247 3008 Gangius,
2269 2957 2426 3006 aliique.

1525 3020 1718 3058 PETRUS
1747 3019 1793 3057 de
1821 3019 2054 3066 Aruernia,
2084 3019 2314 3058 Canonicus
2356 3020 2428 3057 Ρ3-

1472 3082 1651 3119 risiensis
1667 3083 1834 3131 scriptor
1851 3079 2173 3130 Quodlzbetorum
2195 3082 2280 3119 sive
2300 3081 2430 3129 Quae-

1472 3142 1639 3180 stionum
1669 3141 2053 3192 Quodlibelicarum,
2083 3153 2186 3192 quae
2210 3141 2429 3181 Manuscri-

1471 3208 1560 3252 ptae
1592 3205 1766 3242 venetiis
1795 3209 1898 3242 teste
1928 3205 2138 3242 Tomasino
2175 3213 2262 3253 pag.
2292 3201 2354 3240 25.
2386 3204 2427 3239 et

1472 3266 1509 3302 in
1541 3265 1707 3304 Abbatia
1736 3266 1901 3304 Alnensi
1931 3264 2024 3303 Ord.
2054 3265 2219 3303 Cisterc.
2263 3262 2426 3301 ditionis

1472 3326 1701 3364 Leodiensis
1730 3330 1834 3364 teste
1859 3325 2034 3364 Sandero
2073 3329 2169 3362 tom.
2197 3324 2233 3362 2.
2265 3335 2301 3373 p.
2331 3323 2422 3362 246.

1471 3386 1567 3424 Vide.
1597 3397 1715 3436 supra
1746 3398 1832 3436 pag.
1861 3386 1952 3425 744.
1979 3387 2124 3425 Petrus
2146 3383 2192 3422 de
2219 3383 2421 3422 Alvernia.

2528 3318 2533 3373 'l
