2517 4009
910 193 1334 236 PROCOI’RUS

110 272 202 310 dem
234 269 424 320 impensis
439 268 556 306 Marci
575 267 624 305 de
643 269 877 316 Comitibus,
897 268 960 306 fol.
979 266 1069 310 ibid.

111 334 303 383 impensis
331 332 377 370 M.
409 329 610 368 Michaelis
631 331 833 369 Mazzolini
852 330 901 368 de
918 331 1067 376 Parma,

111 395 228 433 4484.
259 393 323 431 fol.
350 402 456 430 cum.
486 392 713 430 Comment.
742 394 798 430 J0.
830 392 878 431 de
903 392 1068 441 Aingrc,

110 457 248 495 Venet.
279 465 349 504 per
377 453 518 502 Georg.
544 453 836 492 Arrivabenum
865 453 979 493 4488.
1006 453 1070 491 fol.

111 519 213 567 Lips.
243 527 314 566 per
345 514 486 564 Wolfg.
510 515 727 553 Molitorem
752 517 865 555 4486.
885 515 949 553 fol.
974 524 1068 552 cum

106 579 261 618 Comm.
289 577 347 614 Jo.
379 575 428 614 de
458 576 606 624 Aingre
636 582 676 615 et
719 579 817 616 Dan.
862 576 1068 626 Caietani,

106 640 247 678 Venet.
270 637 390 678 4500.
419 638 536 676 4509.
562 638 623 676 sol.
655 644 695 677 et
726 638 931 678 Mediolani
963 636 1066 686 apud

107 702 209 755 Alex
237 702 516 740 Minutianum.
550 702 667 739 4544.
699 701 760 739 fol.
794 700 908 738 Basil.
954 698 1069 737 ⁴545.

107 765 144 803 8.
173 765 312 803 Venet.
345 763 384 800 in
415 762 582 801 aedibus
614 763 701 801 Aldi
733 767 772 800 et
796 762 979 800 Andreae
1005 761 1074 799 So-

105 826 212 871 ceri,
246 823 367 864 1527.
400 825 437 861 8.

161 884 336 926 Libellus
365 885 411 924 de
440 886 677 925 Accentz'bus
709 887 826 924 Paris.
874 898 939 936 ap.
980 885 1074 924 Rob.

107 949 356 999 Stephanum
392 949 506 987 ⁴526.
538 950 574 987 8.

162 1010 336 1050 Carmen
365 1011 557 1049 Prisciani
588 1010 636 1049 a'e
658 1010 915 1050 Astronomz'a
939 1014 1075 1047 exstat

109 1075 148 1111 in
179 1072 366 1123 operibus
399 1072 527 1110 Bedac
560 1078 667 1111 tomo
700 1074 725 1111 Ι.
759 1085 795 1123 p.
827 1072 918 1111 ἶι3ῐι.

165 1135 374 1172 Tractatus
404 1134 444 1172 in
487 1133 693 1173 duodecim
734 1135 888 1185 primos
929 1143 1073 1172 versus

108 1197 195 1236 XII.
231 1194 432 1234 librorum
460 1196 669 1244 AEneidos,
690 1196 726 1234 id
745 1201 826 1243 est,
845 1198 882 1234 in
904 1199 1075 1246 primum

107 1269 274 1297 versum
304 1258 509 1310 cujusque
535 1259 624 1297 libri
641 1271 652 1307 ·,
670 1263 805 1297 exstat
823 1259 900 1297 MS.
925 1258 961 1295 in
979 1257 1078 1295 Bibl.

117 1321 276 1372 Belgica
306 1322 385 1360 MS.
416 1321 444 1358 1.
475 1331 510 1370 p.
532 1319 594 1358 57.

166 1382 402 1421 Priscianus
433 1380 563 1431 major
593 1387 655 1420 est
686 1383 724 1419 in
754 1382 853 1420 Bibl.
899 1380 1078 1419 Paullina

116 1445 338 1495 Lipsiensi:
367 1442 497 1482 minor·
541 1444 578 1480 in
610 1443 707 1482 Bibl.
754 1444 822 1482 SS.
870 1443 994 1492 Sergii
1040 1445 1080 1478 et

108 1507 253 1545 Bacchi
285 1507 322 1543 in
353 1505 494 1544 Gallia.
525 1507 645 1543 Bern.
679 1505 727 1544 de
747 1504 1001 1545 Montfaucon
1019 1505 1081 1542 Bi-

103 1569 156 1608 bl.
188 1570 254 1608 MS
298 1580 336 1618 p.
368 1566 460 1606 597.
493 1567 612 1606 4249.
658 1568 865 1606 Posterius
908 1577 1082 1616 auguror

103 1641 194 1669 esse
223 1629 510 1680 compendium
543 1630 676 1680 operis
709 1629 886 1680 majoris.

163 1691 413 1744 Pereqrinus
452 1690 765 1739 PRISCIANUS,
797 1691 1080 1736 Ferrariensis,

104 1756 264 1794 Jurium
302 1755 449 1792 Doctor
471 1783 480 1802 ,
507 1755 731 1793 Historicus
748 1759 788 1792 et
809 1752 1085 1803 Philosophus,

106 1816 412 1856 Astronomiam
440 1817 578 1854 docuit
602 1817 831 1863 Ferrariae,
856 1815 989 1853 clarus
1013 1814 1088 1851 cir-

109 1891 154 1918 ca
185 1890 220 1917 a.
254 1880 369 1924 4495.
405 1879 587 1929 Scripsit
617 1877 664 1917 de
699 1877 946 1929 Antiquitate
989 1876 1083 1914 Fer-

109 1940 252 1980 rariae
278 1972 289 1989 ‚
336 1952 438 1991 opus
482 1941 667 1991 insigne,
697 1941 766 1979 IX.
812 1937 1086 1977 voluminibus

112 2008 336 2051 constans,
359 2015 407 2042 ex
429 2003 614 2054 pluribus
632 2002 819 2041 Archivis
837 2004 1084 2044 contextum,

120 2064 190 2104 sed
224 2065 354 2104 adhuc
386 2065 600 2104 ineditum.
622 2066 797 2104 Primum
829 2067 891 2101 est
921 2065 958 2100 in
989 2062 1087 2101 Bibl.

111 2129 232 2178 Regia
251 2128 490 2174 Dresdensi,
508 2132 614 2166 teste
629 2127 795 2166 Goetzio
814 2127 890 2164 vol.
909 2127 936 2164 1.
954 2125 1087 2176 pi437.

170 2189 562 2237 PRISClLLlANUS,
574 2190 797 2240 Episcopus
814 2188 953 2227 Abilae
972 2218 980 2236 ,
996 2188 1090 2225 Tre-

111 2255 209 2291 viris
251 2264 272 2291 a
314 2253 486 2291 Maximo
531 2256 705 2301 tyranno
750 2261 895 2290 caesus
926 2261 1004 2288 sec.
1047 2250 1090 2287 V.

111 2314 211 2365 Ejus
247 2315 425 2354 Canones
456 2312 730 2364 Epistolarum
768 2311 892 2351 Pauli
918 2317 1014 2350 sunt
1052 2312 1089 2349 in

113 2376 211 2415 Bibl.
261 2375 439 2414 Paullina
484 2376 705 2425 Lipsiensi,
755 2380 860 2413 teste
904 2374 1091 2419 Catalof-ro

110 2438 336 2476 Felleriano
380 2448 404 2487 p
448 2437 511 2474 63.
535 2441 576 2474 et
604 2438 901 2475 Montfauconio
933 2448 969 2486 p.
1001 2437 1092 2475 394.

112 2498 316 2550 Opuscula
338 2497 536 2550 quaedam
561 2500 722 2550 scripsit
744 2528 751 2544 ‚
771 2510 876 2548 quae
902 2499 1092 2546 Hierony-

118 2571 209 2600 mus
239 2565 436 2599 memorat
469 2559 517 2598 de
549 2561 693 2610 Script.
721 2560 828 2599 Eccl.
855 2571 888 2598 c.
915 2559 1001 2598 424.
1031 2560 1093 2596 Υἱ-

115 2628 197 2661 tam
229 2633 325 2661 vero
355 2622 538 2673 pluribus
564 2627 727 2672 tangere
753 2622 956 2660 nolumus.

178 2684 386 2724 PRISCUS
406 2716 414 2732 ,
434 2685 656 2735 Episcopus
674 2684 769 2722 Afer
788 2714 794 2731 ,
811 2695 888 2723 uua
908 2695 1000 2722 cum
1025 2683 1094 2721 ali-

133 2752 230 2798 quot
244 2747 331 2786 aliis
347 2747 602 2797 coepiscopis
622 2750 760 2784 auctor
778 2745 1090 2795 EpistolacQap.

121 2810 369 2860 Cyprianuin
401 2808 450 2848 de
480 2807 776 2859 rebaptizandis
807 2807 1032 2846 haereticis.

172 2871 299 2921 CaJus
333 2869 441 2909 Titus
471 2871 692 2918 PROBUS,
724 2871 791 2920 qui
822 2868 1024 2920 Epitomen
1054 2867 1093 2905 in

113 2929 308 2971 X.·libros
343 2931 491 2970 Valerii
518 2932 693 2971 Maaet'mi
721 2933 909 2982 scripsit,
942 2932 978 2968 in
1006 2930 1087 2967 edi-

111 2991 286 3032 tionibus
322 2991 443 3042 hujus
473 2995 765 3043 antiquioribus
794 2993 979 3032 occurrit.
1029 2993 1088 3031 Ex

113 3056 175 3094 his
219 3065 395 3092 memoro
439 3055 712 3094 Basileensem
748 3055 866 3094 4540.
896 3056 931 3093 8.
977 3055 1089 3094 Adde

113 3117 279 3156 Fabricii
314 3115 408 3154 Bibl.
445 3117 626 3154 Latinam
660 3117 706 3155 ll.
739 3118 777 3155 5.

184 3266 217 3298 a*i
233 3266 360 3298 Eadem
385 3274 461 3298 cum
475 3269 693 3306 responsione
710 3268 933 3299 bohemorum
951 3268 1093 3300 habetur

111 3318 144 3348 in
164 3315 254 3349 Bibl.
277 3316 568 3354 ueilsbrumwwi,
592 3321 685 3356 proni
705 3321 847 3349 testatur
865 3319 932 3350 ΥΠ.
949 3320 1024 3350 Rev.
1046 3321 1094 3348 Jo.

2043 193 2119 232 317

1197 263 1407 303 Mellant'as
1426 265 1617 303 PROBUS
1638 294 1646 313 ‚
1666 264 1877 311 iubemus,
1897 265 2121 302 monachus

1144 325 1181 364 S.
1227 326 1365 364 Albani
1398 327 1646 375 moguntiae,
1677 327 1745 376 qui
1777 326 1949 365 testibus
1980 326 2116 364 Anna-

1145 387 1248 426 libus
1281 388 1549 427 Fuldensibus
1577 399 1611 426 a.
1653 389 1742 427 858.
1774 389 1919 427 obiisse
1958 387 2117 426 dicitur.

1145 450 1185 488 Si
1218 449 1333 486 modo
1365 449 1427 488 hic
1456 456 1544 496 est,
1575 450 1680 499 quod
1702 452 1847 488 asserit
1869 449 2118 488 Mabillonius

1144 516 1185 549 et
1209 511 1406 549 Auctores
1425 511 1473 549 de
1492 512 1512 550 l‘
1531 512 1623 550 hist.
1644 513 1817 551 literaire
1839 512 1887 551 de
1912 514 1947 551 la
1969 514 2120 551 France

1144 578 1239 611 tom.
1281 574 1324 610 V.
1367 585 1404 623 p.
1435 574 1524 611 209.
1558 575 1671 612 Dedit
1708 575 1830 613 Vitam
1860 577 1900 615 S.
1949 578 2118 616 Patricia

1149 633 1240 672 libr.
1285 635 1338 671 ΙΙ.
1367 646 1469 684 quae
1501 635 1605 673 edita
1636 641 1698 674 est
1728 642 1823 674 tom.
1855 638 1919 676 111.
1944 638 2121 689 Operum

1148 696 1280 735 Bedae
1325 708 1362 746 p.
1406 696 1496 734 225.
1524 697 1619 744 (cui
1651 697 1748 735 falso
1780 699 2052 748 tribuebatur)
2082 702 2120 738 in

1150 757 1294 797 Triade
1318 758 1616 808 Thavmaturga
1646 760 1854 798 Hiberniae
1878 762 1935 799 Jo.
1960 763 2121 811 Colgani

1149 822 1253 871 1151.
1273 825 1314 858 et
1338 821 1374 858 in
1401 821 1513 859 Actis
1536 821 1774 859 Sanctorum
1793 826 1872 860 tom
1914 825 1980 862 111.
1996 825 2123 864 Martii

1151 894 1238 933 pag.
1287 882 1350 921 97.
1391 883 1481 932 lpse
1526 887 1665 921 auctor
1695 883 1771 921 sub
1801 883 1920 922 finem
1954 885 2039 923 libri
2078 887 2125 924 ll.

1151 955 1296 982 nomen
1329 956 1448 983 suum
1498 944 1561 983 hic
1604 944 1740 982 verbis
1785 945 1980 995 prodidit:
2027 947 2126 986 Ecce

1152 1003 1301 1054 habes.
1330 1004 1463 1058 frater
1490 1005 1654 1045 Pauline
1671 1037 1681 1054 ,
1705 1018 1730 1045 α
1756 1018 1814 1045 me
1839 1005 1982 1046 humili
2004 1009 2126 1047 Probo

1148 1066 1392 1118 postulatum
1424 1071 1584 1107 nostrae
1620 1067 1893 1120 fraternitatis
1927 1069 2128 1120 judicium

1153 1130 1397 1181 Intelligitur
1425 1135 1561 1169 autem
1595 1132 1784 1170 Paulinus
1809 1132 2033 1182 Episcopus
2065 1134 2128 1172 111·-

1154 1193 1317 1231 berniae
1341 1193 1674 1242 Septentrionalis
1696 1199 1736 1231 et
1761 1194 1895 1233 Abbas
1917 1194 2103 1234 ludensis
2119 1227 2128 1244 ,

1155 1255 1222 1304 qui
1254 1265 1288 1292 a.
1321 1255 1411 1293 920.
1442 1255 1549 1293 obiit.
1580 1255 1677 1294 Vide
1702 1258 1914 1295 Waraeum
1947 1257 1996 1296 de
2027 1258 2130 1296 Scri-

1155 1317 1337 1366 ptoribus
1363 1315 1579 1355 Hiberniae
1605 1318 1632 1355 1.
1659 1317 1696 1356 6.
1721 1329 1757 1367 p.
1785 1318 1846 1355 49.
1878 1319 1975 1357 Acta
2005 1320 2075 1359 SS.
2100 1326 2130 1358 t.

1154 1377 1199 1414 11.
1230 1378 1357 1416 Martii
1388 1389 1423 1427 p.
1470 1378 1561 1417 520.
1594 1379 1683 1417 524.
1715 1378 1934 1428 Colganum
1967 1382 1997 1419 1.
2026 1393 2058 1419 c.
2092 1393 2128 1431 p.

1156 1439 1220 1478 64.
1268 1439 1360 1478 249.
1404 1440 1561 1491 Baronii
1607 1441 1933 1491 martyrologium
1981 1443 2019 1481 d.
2069 1445 2131 1483 47.

1154 1502 1308 1549 Martii,
1340 1501 1548 1540 Baluzium
1580 1507 1716 1540 annot.
1749 1502 1796 1541 ad
1829 1503 1984 1542 Servati
2032 1507 2126 1556 Lupi

1155 1564 1288 1615 Epist.
1316 1563 1380 1602 20.

1213 1627 1408 1666 PROBUS
1445 1625 1492 1664 de
1534 1627 1690 1666 ratione
1735 1632 1953 1680 temporum
1981 1630 2048 1669 MS
2093 1631 2130 1668 in

1159 1689 1242 1728 Bibl
1301 1690 1607 1727 Pontiniacensi.
1640 1691 1828 1729 Bel-nard.
1859 1691 1908 1730 de
1937 1682 2131 1732 Montfau-

1163 1763 1236 1790 con
1269 1751 1366 1789 Bibl.
1396 1751 1733 1790 Bibliothecarum
1764 1754 1861 1792 MSt.
1893 1765 1929 1803 p.
1961 1755 2075 1794 4334.

1214 1814 1628 1852 PBOBlGrammatici
1647 1814 1993 1854 Institutaarte‘um
2005 1818 2130 1868 primo

1158 1877 1242 1915 loco
1274 1877 1311 1913 in
1352 1876 1594 1915 Collectione
1625 1878 2013 1926 Grammaticorum,
2054 1881 2131 1918 Me.-

1159 1938 1249 1977 diol.
1268 1938 1371 1988 apud
1389 1940 1447 1977 Jo.
1468 1939 1665 1989 Angelum
1686 1940 1967 1978 Scinzenzelar
1982 1972 1992 1989 ,
2014 1943 2129 1980 4504.

1161 2002 1225 2040 fol.
1252 2002 1364 2040 Probi
1394 2001 1555 2041 Iste‘tuta
1571 2001 1722 2040 artium
1739 2005 1776 2039 et
1798 2001 2014 2052 Catholt'ca,
2037 2015 2129 2042 cum

1162 2065 1249 2103 aliis
1291 2065 1573 2104 Grammaticis
1618 2066 1862 2114 minoribus,
1908 2067 2132 2113 Veicetiae,

1165 2128 1266 2165 4509
1325 2127 1389 2165 fol.
1429 2139 1497 2178 per
1542 2128 1757 2166 Henricum
1798 2133 1837 2166 et
1868 2130 1924 2166 Jo.
1970 2130 2130 2168 Mariam

1163 2188 1252 2238 ejus
1276 2189 1399 2228 filium
1428 2190 1634 2227 Librarios.
1661 2189 1896 2229 Parrhasius
1923 2191 1959 2228 in
1983 2192 2133 2240 praefa-

1164 2252 1272 2288 tione
1296 2250 1424 2298 docet,
1444 2251 1551 2289 hunc
1569 2251 1737 2290 Probum
1755 2263 1777 2289 a
1793 2252 1944 2300 Gellio,
1968 2254 2132 2299 Donato,

1168 2315 1307 2352 Servio
1336 2317 1376 2351 et
1407 2314 1607 2351 Prisciano
1637 2314 1853 2362 allegatum
1887 2314 2037 2362 fuisse,
2063 2318 2131 2365 qui

1165 2376 1402 2414 auctoritate
1428 2375 1533 2414 illius
1558 2375 1727 2413 libenter
1754 2377 1812 2414 usi
1843 2382 1950 2415 sunt.
1985 2379 2131 2416 Pisauri

1168 2438 1283 2487 impr.
1317 2438 1472 2475 Hieron.
1506 2438 1705 2476 Soncinus
1738 2438 1852 2477 4544.
1886 2439 1949 2477 fol.

1219 2499 1500 2539 PROCOPIUS
1524 2498 1651 2550 Rufus
1669 2529 1675 2545 2
1695 2501 1868 2550 primum
1889 2501 2108 2539 monachus
2123 2533 2132 2547 ,

1167 2566 1257 2611 post
1301 2562 1555 2600 llussitarum
1601 2564 1919 2611 antesignanus,
1962 2563 2010 2600 de
2055 2574 2134 2613 quo

1168 2623 1279 2673 plura
1326 2624 1535 2669 Historici,
1567 2634 1669 2672 quae
1701 2623 1777 2662 huc
1810 2634 1885 2661 non
1919 2626 2133 2673 pertinent.

1168 2685 1270 2734 EJ‘us
1301 2689 1342 2722 et
1381 2686 1548 2723 aliorum
1582 2686 1835 2724 llussitarum
1878 2684 2054 2736 Epistola
2083 2686 2137 2725 ad

1167 2747 1355 2786 Boleemos
1373 2753 1506 2786 exstat
1533 2749 1569 2785 in
1596 2749 1769 2786 Martcne
1795 2753 1833 2786 ct
1859 2748 2018 2787 Durand
2047 2750 2134 2788 Col-

1167 2811 1256 2848 lect.
1303 2810 1479 2860 ampliss.
1528 2808 1609 2848 Vll.
1648 2822 1682 2860 p.
1719 2813 1766 2849 49
1797 2815 1829 2856 a)
1872 2810 2052 2861 Epistola
2080 2811 2135 2849 ad

1167 2871 1467 2922 Szyismundum
1492 2872 1586 2922 Imp.
1613 2883 1705 2912 cuin
1724 2872 1842 2922 hujus
1863 2874 2132 2922 responsione,

1166 2934 1256 2972 ibid.
1285 2946 1319 2984 p.
1348 2936 1436 2973 433.
1465 2935 1551 2973 434·
1581 2934 1800 2986 Propositio
1828 2934 1998 2973 Concilio
2021 2936 2134 2974 Basa·-

1167 2995 1397 3048 lz'enszfactv
1413 2995 1644 3047 (lepere'culo
1663 2994 1864 3034 bellorum.
1879 2996 1969 3034 ibid.
1988 3009 2012 3047 p
2042 2998 2132 3036 602.

1220 3058 1496 3097 PROFACIL'S
1512 3089 1522 3106 ‚
1541 3059 1628 3096 aliis
1656 3059 1948 3097 riri-linimus
1968 3090 1978 3106 ,
2006 3062 2132 3097 natio-

1166 3133 1213 3159 ne.
1243 3121 1445 3168 judaeus,
1479 3122 1602 3170 patria
1629 3121 1912 3168 Massiliensis,
1944 3124 2132 3172 quamvis

1168 3271 1247 3301 Luil.
1273 3270 1441 3302 nocherus
1466 3272 1499 3301 in
1526 3271 1683 3307 catalogo
1711 3281 1741 3311 p.
1772 3270 1841 3303 119.
