2533 4009
490 237 565 276 6³20

484 315 643 357 tamque
671 306 751 357 jam
784 303 902 341 suam
931 300 1136 338 triremum
1168 298 1335 337 classem
1362 308 1431 336 au-

481 369 647 420 gendam
680 375 835 404 summa
867 374 937 401 sua
967 373 1058 400 cum
1091 362 1314 411 potestate,
1345 359 1430 397 dili-

481 433 637 475 centia,
667 428 906 475 solertiaque
938 424 1166 462 incumbere
1212 425 1334 470 scito,
1380 420 1428 460 ad

477 472 575 542 quac
608 502 681 528 non
711 488 823 527 modo
847 488 1004 537 Regiam
1028 497 1139 524 suam
1164 486 1331 533 L'rbem,
1357 483 1425 522 sed

478 556 638 600 Alienis
656 554 790 601 utique.
813 550 984 597 InsulaS,
1013 550 1219 594 Lemnum,
1239 547 1426 593 Imbrum,

477 619 644 666 Seven,
670 615 881 663 Scy-atum,
906 611 1183 661 Scopulosque
1204 610 1426 649 admiscen-

474 679 566 718 duin
599 680 801 716 curarunt.
835 675 971 713 Valere
1003 679 1039 712 te
1072 684 1191 723 quam
1237 672 1304 711 diu
1347 672 1427 710 seli·

473 744 641 786 ciorem‚
673 745 711 777 et
743 744 780 776 te
811 738 1071 776 Sanctissima
1105 737 1176 775 bac
1208 738 1243 774 in
1267 735 1427 785 expedi-

472 806 575 842 tione
593 803 764 841 revisere
782 805 884 851 opto.
901 798 1025 837 Pridie
1043 798 1148 838 Idus.
1176 797 1399 850 Septembr.

527 868 730 905 Praeterea
754 862 901 909 clusis,
924 866 963 899 et
985 861 1031 900 ad
1058 862 1161 900 diem
1187 862 1294 900 hunc
1317 860 1422 901 XIII.

473 928 638 969 Kalend.
669 925 859 965 Octobres
891 925 1139 964 morantibus
1169 925 1322 970 literis,
1353 926 1427 964 No-

470 993 568 1031 biles
617 987 790 1028 nonnulli
833 988 1069 1026 Genuenses
1109 987 1185 1026 Viri
1219 988 1339 1026 certis
1377 999 1424 1025 ex

473 1054 602 1094 Rhodo
623 1051 798 1103 epistolis
821 1052 1117 1101 significarunt,
1146 1051 1316 1089 Rhodios
1341 1050 1426 1089 Ali-

472 1118 676 1167 gyptiecae
706 1113 829 1152 Classi
866 1114 1067 1163 ingentem
1114 1113 1274 1153 Cladem
1324 1115 1426 1152 intu-

473 1179 592 1223 lisse,
623 1182 661 1215 et
691 1186 792 1226 quos
839 1175 885 1214 ad
920 1181 1064 1214 terram
1097 1175 1354 1223 desilientes,
1386 1181 1426 1214 et

472 1242 621 1279 maenia
655 1249 845 1289 quassare
885 1238 1086 1277 calcantes
1126 1243 1423 1287 convenerant,

472 1302 518 1341 ad
553 1312 694 1339 novem
729 1301 935 1339 hominum
974 1301 1090 1339 millia
1135 1306 1300 1352 captos,
1339 1312 1424 1339 cae-

469 1375 612 1414 sosque
645 1363 811 1409 fecisse,
855 1362 1166 1413 machinasque,
1211 1376 1256 1403 ac
1299 1365 1421 1415 spolia

466 1427 595 1464 omnia
626 1425 789 1464 barbara
820 1424 1056 1475 diripuisse,
1087 1431 1127 1464 et
1158 1427 1259 1465 inter
1302 1428 1425 1478 capti-

467 1500 538 1526 vos
568 1501 588 1527 e
619 1487 975 1539 praestantioribus
1005 1487 1232 1527 Admiratos
1263 1500 1334 1527 sex
1367 1491 1424 1527 in-

466 1552 693 1600 tercepisse.
725 1551 835 1596 Quae
866 1549 1026 1599 quidem
1061 1550 1312 1589 felicissimae
1359 1562 1422 1589 res

463 1618 656 1664 quantum
681 1613 924 1652 Christicolis
939 1611 1158 1662 adjumenti
1189 1614 1418 1663 extiterint,

461 1676 721 1725 Barbarisque
775 1675 949 1725 profanis
1011 1675 1191 1714 hostibus
1243 1676 1418 1714 obfuisse

462 1749 556 1776 sane
588 1743 624 1775 te
651 1737 870 1786 intelligere
891 1738 1068 1785 scimus,
1099 1740 1274 1787 optime,
1298 1743 1418 1788 atque

462 1800 757 1850 sapientissime
790 1804 926 1850 pater,
957 1805 996 1837 ct
1030 1799 1108 1838 fere
1140 1804 1297 1851 patrum
1326 1801 1418 1839 insi·

462 1875 561 1912 gne,
593 1867 631 1900 et
661 1863 885 1901 immortale
915 1861 1057 1900 decus.

542 1927 584 1965 L.
616 1926 656 1963 R.
691 1927 728 1963 P.
762 1926 806 1964 Τ.

828 1987 1104 2026 Dicatissimus
1134 1985 1330 2038 Kyriacus

910 2051 1198 2090 Anconitanus.

900 2157 985 2196 Vll.

486 2264 748 2311 Αηεοηὶίαηα,
782 2262 1019 2316 Illyricaqice
1050 2263 1164 2304 laus.-
1198 2269 1234 2304 εἰ
1262 2265 1380 2305 Aneo-

512 2335 754 2383 nilcmorzcm,
777 2335 1181 2390 Ithaqzcsczeorumque
1197 2337 1357 2391 feeclzcs:

537 2419 592 2446 eac
642 2408 688 2445 K.
742 2406 786 2446 P.
840 2409 885 2445 Α.
939 2409 1095 2447 Marino
1146 2409 1193 2448 (le
1223 2410 1337 2448 Restc‘

591 2481 794 2529 [iaqusaeo
844 2481 931 2518 Viro
970 2480 1028 2521 Cl.
1075 2481 1278 2533 Kyriacus

632 2551 912 2591 Anconilcmus.
947 2552 1237 2592 Picenz‘colleus.

510 2699 563 2772 W
587 2740 700 2776 enisti
729 2740 915 2790 tandem,
941 2745 1126 2791 optume,
1148 2743 1407 2793 praestantis-

457 2802 635 2850 simoque
665 2803 829 2847 Merme,
862 2809 1036 2842 nostram
1071 2808 1172 2842 nanc
1197 2804 1410 2843 Anconita-

458 2875 545 2901 nam
579 2865 614 2901 P.
647 2865 688 2902 (ἶ.
719 2877 764 2903 ex
795 2867 1037 2915 amplissimo
1063 2868 1227 2905 Vestrae
1251 2867 1409 2905 nobilis-

457 2927 577 2963 simae
607 2925 789 2965 Civitatis
818 2928 951 2966 ordine
984 2931 1177 2981 Legatus,
1203 2935 1242 2967 et
1267 2931 1410 2969 Orator

455 2988 633 3034 egregins
652 3018 660 3032 ‚
690 2988 735 3025 ed
769 2991 1069 3038 renovandum,
1099 2993 1318 3042 quinimmo
1343 3003 1407 3042 po-

457 3049 533 3083 tins
559 3049 681 3087 ilicum
711 3051 745 3087 in
775 3052 913 3090 melius
939 3054 1260 3101 emendandum,
1289 3055 1407 3092 refor-

458 3110 722 3160 rnanrlunupir:
761 3114 895 3152 f-wnlus
931 3114 1082 3164 jamdiu
1132 3119 1402 3156 intermissum

459 3174 557 3206 inti-r
587 3172 866 3222 Anconitanos,
898 3181 937 3213 et
969 3184 1122 3216 vestros
1153 3180 1302 3217 tamdiu
1339 3191 1406 3217 no-

458 3229 515 3265 bis
561 3234 819 3273 ariiiitissiinos
867 3238 1135 3289 Itliag-jusaeos:
1185 3242 1400 3280 Civitatum

512 3361 555 3398 z'l)
579 3361 662 3392 Vide
688 3364 844 3397 Itinerar.
870 3369 995 3400 Kiriaci
1022 3371 1182 3404 Anconit.

1221 227 1534 266 CYRIACI
1587 218 1744 267 ,Et-NG.

1505 297 1656 335 scilicet
1686 301 1944 350 utrarumque
1974 302 2092 342 Cives
2122 303 2254 352 inter,
2285 302 2376 342 binc
2403 304 2459 342 in-

1503 359 1551 397 de
1582 361 1727 407 socios,
1759 362 1923 411 incolas,
1955 368 1994 402 et
2022 365 2194 404 colonos.
2224 365 2334 416 Opus
2373 366 2459 417 qui-

1504 420 1593 458 dem
1627 421 1838 461 honestum
1872 426 1907 461 in
1942 427 2098 475 primis,
2135 432 2174 465 et
2212 427 2459 478 exoptabile,

1505 485 1628 533 pium,
1666 486 1777 532 utile,
1808 486 1990 535 dignum,
2020 488 2262 536 humanum,
2307 494 2347 528 et
2391 489 2458 528 ho-

1505 547 1695 593 norabile,
1726 553 2095 600 opportunumque,
2124 558 2163 590 et
2202 553 2461 603 quodammo-

1503 607 1551 645 do
1583 608 1672 647 liinc
1703 610 1792 648 inde
1822 612 2078 659 Civitatibu5‚
2109 616 2373 665 gentibusque
2404 615 2460 652 in-

1506 671 1631 708 vicem
1666 674 1935 712 necessarium
1966 676 2164 714 excitatis.
2185 676 2258 715 Sed
2283 688 2360 728 quo
2386 677 2458 720 sis,

1501 738 1663 783 optume
1701 737 1867 782 alcuine,
1910 737 2093 786 alacrior,
2138 739 2369 791 avidiorque
2410 739 2457 778 ad

1503 796 1598 836 haec
1631 798 1712 848 ipsa
1744 798 2023 838 honestissima
2060 800 2213 840 faedera
2258 801 2458 848 ineunda,

1503 860 1790 912 firmandaque,
1814 862 1915 901 haud
1942 862 2059 902 dubie
2085 863 2238 912 habeto,
2256 864 2358 915 quod
2380 865 2461 903 fae-

1501 923 1660 962 deratae
1691 923 1805 963 binae
1837 925 1910 963 hae
1940 927 2104 976 antiquo
2131 926 2306 974 nobiles,
2337 932 2457 976 atque

1501 986 1723 1025 liberrimae
1768 988 1954 1026 civitates
2004 989 2243 1037 maritimae,
2286 989 2457 1027 invicem

1500 1051 1767 1089 amicissimae
1799 1051 1982 1099 Ancona,
2012 1057 2052 1090 et
2081 1051 2294 1102 Epidauria
2330 1051 2459 1103 Ragn-

1501 1113 1606 1159 sion‚
1637 1113 1903 1152 adamantiois
1938 1114 2240 1154 benevolentiae
2286 1115 2458 1154 vinculis

1495 1175 1678 1226 junctae,
1708 1176 1809 1215 duae
1842 1177 1963 1215 veluti
1987 1177 2266 1216 stabilissimae
2289 1177 2455 1228 Illiryci,

1500 1239 1770 1290 Adriaticique
1801 1240 1930 1287 sinus,
1970 1239 2016 1278 ad
2064 1244 2279 1290 utrumque
2324 1239 2454 1288 latus,

1498 1306 1537 1339 et
1555 1302 1828 1341 ineluctabiles
1852 1313 1965 1340 arces
1985 1303 2201 1341 extiterint.
2223 1301 2330 1342 Haec
2347 1303 2452 1342 enim

1498 1366 1544 1403 ad
1578 1366 1771 1412 italicum,
1802 1364 1864 1403 illa
1902 1364 2061 1415 quidem
2103 1365 2150 1403 ad
2188 1366 2452 1406 Dalmaticum

1497 1439 1568 1467 sua
1605 1439 1786 1478 quaeque
1812 1427 1959 1474 littora,
2006 1428 2208 1478 mariaque
2249 1433 2448 1478 tutantes,

1496 1501 1665 1541 quarum
1692 1489 1853 1539 quidem,
1876 1490 2066 1529 nobilium
2093 1490 2447 1541 Civitatumsitus,

1497 1554 1696 1602 regiones,
1731 1557 1770 1590 et
1794 1554 1974 1603 egregias
1994 1553 2220 1603 qualitates,
2247 1553 2356 1592 hisce
2385 1553 2451 1593 be-

1497 1615 1746 1653 nevolentiae
1779 1620 1870 1653 tuae
1902 1615 1995 1653 duxi
2021 1626 2139 1665 quarn
2164 1616 2300 1665 paucis
2325 1615 2446 1654 adno-

1495 1677 1676 1715 tanduiu.
1725 1678 1791 1715 list
1838 1678 1943 1714 enim
1972 1677 2123 1715 Civitas
2153 1678 2314 1716 Ancona
2342 1677 2450 1716 nobi-

1494 1739 1553 1784 lis,
1568 1740 1595 1791 (4
1612 1741 1618 1781 1
1633 1744 1672 1776 et
1689 1743 1769 1777 toto
1792 1739 1870 1777 fere
1889 1739 1982 1777 orbe
2003 1739 2215 1789 praeclara,
2230 1739 2451 1790 egregium-

1493 1813 1570 1851 que
1598 1802 1724 1840 l’iceni
1760 1802 1986 1851 provinciae
2032 1806 2164 1851 caput.
2196 1801 2282 1847 Quo
2323 1802 2443 1840 etiam

1493 1875 1635 1902 nomen
1662 1864 1754 1902 dare
1774 1875 1842 1914 pro
1859 1865 2094 1903 excellentia
2114 1865 2278 1912 meruit,
2297 1869 2339 1903 ut
2364 1863 2443 1903 An-

1492 1927 1673 1965 conitana
1703 1927 1873 1965 Μαι-011111
1915 1930 2231 1977 nuncuparetur.
2281 1927 2438 1966 Etenim

1492 1989 1591 2027 Vero
1621 1989 1753 2036 altiuS,
1799 1994 1841 2028 ut
1884 2001 1927 2027 ea
1965 1989 2012 2028 de
2040 1989 2238 2040 praeclare
2275 1989 2446 2028 Civitate

1490 2052 1653 2101 antiqua
1683 2052 1731 2090 ab
1761 2053 1908 2101 origine
1934 2057 2137 2102 repetam,
2163 2052 2230 2103 qui
2262 2063 2349 2090 eam
2381 2055 2448 2090 ho-

1491 2115 1618 2152 mines
1654 2115 1702 2152 ab
1742 2114 1892 2165 origine
1936 2114 2212 2164 condiderint,
2243 2126 2366 2165 quare
2396 2126 2444 2154 ex

1490 2183 1601 2226 parte
1641 2179 1848 2224 venerint,
1881 2189 1955 2216 non
2000 2179 2098 2216 satis
2139 2178 2294 2217 cei-tuni
2342 2179 2445 2218 inter

1489 2246 1672 2279 auctores
1705 2240 1897 2288 Graecos,
1939 2241 2151 2279 Latinosve
2193 2244 2442 2292 compertum

1487 2302 1636 2351 liabeo,
1666 2314 1736 2341 nec
1768 2304 1910 2342 mirum
1943 2308 2022 2341 tam
2054 2303 2168 2354 longo
2197 2314 2295 2343 aevo
2326 2303 2442 2342 Com-

1488 2367 1694 2404 mentariis
1718 2377 1791 2403 non
1820 2365 2170 2405 intercedentibus.
2199 2367 2346 2414 Fuere,
2372 2366 2438 2416 qui

1483 2439 1531 2466 ex
1557 2428 1651 2466 Delo
1677 2438 1786 2465 sacra
1814 2429 1850 2464 in
1874 2427 2028 2477 Aegeo,
2051 2433 2170 2478 atque
2195 2427 2436 2467 nobilissima

1482 2489 1700 2538 Cycladum
1733 2491 1875 2531 Insula,
1902 2495 2268 2530 commemorarunt
2303 2490 2438 2530 Sacer-

1481 2552 1593 2590 dotes
1629 2552 1821 2603 quosdam
1864 2554 1971 2591 viros
2009 2564 2057 2591 ex
2099 2552 2235 2591 Dorica
2279 2553 2438 2603 regione

1482 2614 1678 2662 Graecos,
1703 2627 1746 2654 ea
1775 2615 1874 2653 forte
1897 2619 2135 2664 tempestate
2171 2613 2437 2664 praedonibus

1481 2678 1648 2727 agitatos
1664 2678 1789 2716 altum
1807 2689 1875 2728 per
1896 2678 2069 2725 Jonium,
2090 2677 2282 2727 Illyrium,
2299 2675 2438 2715 Adria·

1481 2741 1659 2779 tieurnve
1697 2741 2004 2779 transfretantes
2023 2769 2032 2786 ‚
2055 2744 2235 2777 nostrum
2273 2737 2433 2777 tandem

1481 2803 1527 2841 ad
1555 2804 1868 2853 promontorium
1896 2802 2045 2852 Cymba
2070 2801 2271 2846 devectos,
2295 2799 2433 2839 aedem

1481 2866 1603 2903 Divae
1627 2866 1766 2904 Veneri
1793 2895 1800 2913 ,
1825 2876 1926 2915 quae
1952 2865 2023 2903 sibi
2059 2865 2137 2903 Dea
2171 2863 2288 2903 Coelo
2326 2862 2435 2907 beni-

1480 2940 1553 2978 gna
1595 2928 1747 2975 suerat,
1771 2932 1981 2978 postquam
2007 2918 2264 2972 dicaverant,
2290 2924 2433 2975 princi-

1480 2992 1585 3040 pium
1625 2991 1787 3028 Civitati
1817 2990 2001 3037 dedisse,
2021 2990 2135 3039 eique
2162 2998 2305 3026 nomen
2331 2987 2433 3025 situs

1478 3054 1773 3103 opportunitate
1818 3051 1864 3090 ad
1907 3053 2061 3090 recurvi
2102 3049 2224 3089 cubiti
2266 3049 2432 3100 figuram

1477 3116 1624 3153 Graeco
1659 3115 1848 3153 vocabulo
1887 3114 2090 3152 Anconam
2132 3113 2270 3150 merito
2309 3112 2431 3162 impo-

1476 3179 1617 3215 snisse.
1649 3180 1756 3223 Quos
1786 3176 1903 3215 deide
1943 3177 2068 3215 secuti
2099 3186 2146 3213 ex
2181 3173 2330 3224 Lydia,
2370 3175 2432 3212 Jo-

1477 3240 1566 3285 nia,
1597 3241 1735 3286 (laria,
1766 3243 1886 3288 atque
1917 3239 2051 3278 Cilicia
2083 3238 2274 3286 iuveneS,
2307 3247 2424 3287 quarn
