2533 4009
473 263 548 303 140

468 336 514 374 (le
557 335 761 379 Oratione,
805 332 851 369 <le
894 330 1086 368 Instante'a
1134 329 1419 380 (sophi-onius:

465 397 530 436 mi
567 401 631 434 τῶν
655 394 863 440 ἐνεςῲτων)
887 398 925 429 et
945 392 990 429 de
1013 390 1143 430 Attalo
1168 393 1420 443 (Pergameno

469 462 638 507 Martyre
658 487 666 501 ,
696 456 811 505 cujus
837 454 1067 491 memoriam
1092 454 1269 493 Ecclesia
1293 455 1330 491 2.
1353 454 1421 493 Ju-

469 525 518 559 1111
551 519 747 562 celebrat.)

520 579 749 635 MQVA'I'L’S
779 577 987 627 Presbyter
1016 577 1355 627 Carthaginiensis
1383 578 1417 626 a)

465 650 639 692 tempore
678 641 716 678 S.
761 640 948 689 Cypriani
981 640 1190 690 Episcopi,
1223 652 1298 678 non
1332 641 1415 691 ipse

464 706 683 754 Episcopus
713 702 749 749 b}
780 708 918 741 auctor
947 701 1142 751 dogmatis
1172 703 1275 752 quod
1301 703 1349 741 ab
1372 715 1417 741 eo

466 777 607 804 nomen
640 765 756 804 habet
782 765 985 803 Novatiani
1010 764 1057 802 de
1084 776 1159 802 non
1184 766 1418 815 recipiendis

464 830 584 878 lapsis
614 828 873 877 bigannsque.
906 828 974 866 llic
1000 828 1214 865 Novatiano
1244 828 1417 866 Romano

464 892 562 929 favit
590 890 786 929 adversus
817 891 1068 937 Cornelium,
1093 894 1134 926 et
1156 890 1415 928 Novatianum

463 954 599 991 habuit
623 953 818 1002 dogmatis
839 953 898 990 sui
925 952 1238 1002 approbatorem.
1262 952 1416 1002 Scripta

463 1021 596 1054 autem
628 1016 764 1053 'Novati
799 1015 905 1052 nulla
935 1018 1109 1051 exstant.

516 1077 704 1115 NOVATI
736 1077 927 1115 Catholici
961 1075 1152 1114 sententia
1182 1077 1266 1112 sive
1297 1075 1418 1114 homi-

464 1139 517 1177 lia
545 1139 598 1176 acl
624 1138 774 1189 fratres
803 1137 850 1175 de
882 1138 1104 1176 humilitate
1134 1142 1173 1175 et
1197 1137 1417 1180 obedis-ntia

462 1208 502 1239 et
531 1201 718 1240 calcanda
745 1200 928 1250 superbia
949 1229 957 1247 ⁷
981 1201 1155 1239 occurrit
1177 1202 1213 1237 in
1239 1201 1422 1239 omnibus

468 1268 625 1304 l‘atrum
659 1264 943 1310 Bibliothecis‚
976 1268 1017 1302 ut
1048 1265 1084 1300 in
1116 1268 1211 1300 tom.
1237 1264 1298 1300 lll.
1325 1263 1417 1301 edit.

468 1330 588 1366 Paris.
620 1327 733 1365 1575.
765 1331 804 1364 et
830 1328 865 1364 in
893 1331 998 1364 tomo
1024 1327 1067 1363 Y.
1087 1325 1210 1375 Lugd.
1241 1326 1354 1364 4672.
1382 1338 1416 1376 p.

467 1391 578 1429 4082.
609 1390 752 1430 Exstat
776 1390 893 1428 etiam
920 1390 957 1426 in
985 1389 1172 1427 l-lolstenii
1203 1388 1418 1438 appendice

465 1453 620 1493 Codicis
649 1452 887 1498 Regularum
921 1463 1005 1501 pag.
1040 1452 1101 1490 78.

516 1512 709 1554 Servilius
731 1514 980 1553 Novimus
996 1515 1122 1552 Vossii
1143 1544 1150 1561 ⁷
1169 1515 1254 1552 aliis
1275 1514 1419 1553 Noma-

462 1588 537 1616 nus
562 1577 622 1614 vel
655 1577 887 1620 Numanus,
913 1578 1061 1615 rectius
1090 1577 1317 1620 Nonianus,
1349 1577 1417 1615 sed

463 1640 661 1689 antiquior
704 1650 822 1687 quam
869 1644 910 1677 ut
940 1641 961 1677 a
993 1651 1054 1677 me
1085 1640 1219 1677 referri
1253 1639 1325 1677 hoe
1368 1639 1421 1677 lo-

463 1714 508 1740 co
539 1701 676 1739 debeat
698 1730 705 1740 .
732 1700 804 1739 fuit
828 1702 932 1738 enim
962 1703 1064 1738 inter
1088 1712 1156 1739 eos
1180 1713 1280 1751 quos
1306 1702 1421 1751 juve-

465 1766 524 1801 nis
545 1763 695 1802 audivit
715 1762 994 1807 Quintilianus.
1023 1763 1117 1802 Vide
1139 1764 1416 1802 Casaubonum

463 1825 509 1864 ad
532 1826 692 1864 Sveton.
717 1826 754 1862 in
777 1820 896 1862 Persii
917 1827 1038 1863 vitam
1058 1856 1065 1875 ⁷
1082 1831 1121 1863 et
1143 1828 1414 1864 Burmannum

463 1887 509 1926 ad
541 1887 732 1925 Institutt.
762 1886 914 1925 Orator.
943 1888 993 1925 X.
1026 1889 1059 1926 4.
1092 1899 1176 1938 pag.
1203 1888 1292 1927 944.

514 1949 880 1989 NOVIENTENSIS
930 1949 1110 1989 Historia
1161 1952 1182 1989 a
1229 1950 1415 1989 Monaeho

462 2011 631 2062 quodam
668 2011 849 2051 Coenobii
881 2013 1062 2051 Novienti
1094 2014 1180 2050 sive
1210 2012 1303 2063 Apri
1342 2015 1419 2051 Mo-

463 2075 623 2112 nasterii
663 2073 1026 2122 (Ebersmunster)
1058 2076 1094 2112 in
1134 2076 1282 2113 Alsatia
1327 2074 1418 2114 Ord.

462 2135 607 2174 Bened.
638 2137 782 2185 scripta
807 2137 908 2174 eirca
935 2137 978 2174 Α.
1006 2136 1119 2175 4235.
1151 2138 1419 2187 antiquiorum

464 2197 632 2236 subinde
654 2198 786 2236 verbis
812 2209 875 2236 res
896 2203 1028 2248 gestas
1049 2199 1227 2237 referens
1252 2205 1355 2237 teste
1375 2199 1420 2237 A.

461 2261 505 2298 C.
553 2260 841 2307 Augustiniano
885 2261 921 2297 in
962 2260 1192 2299 defensione
1231 2260 1421 2311 Arnolphi

461 2323 648 2360 Bavariae
661 2323 795 2370 Ducis,
815 2334 939 2372 quam
958 2322 1080 2361 edidit
1096 2323 1285 2362 Monaehii
1306 2323 1420 2363 4735.

462 2385 499 2421 in
533 2385 565 2422 4.
597 2396 632 2434 p.
657 2385 743 2423 453.

514 2447 678 2485 NOVUS
706 2446 961 2486 MAGISTER
987 2447 1035 2485 de
1065 2459 1142 2497 quo
1172 2449 1228 2485 Jo.
1263 2449 1421 2487 Trithe-

464 2511 566 2547 mius
588 2511 624 2546 in
647 2509 842 2548 Chronico
868 2508 1142 2563 Hirsaugicnsi
1163 2510 1209 2548 ad
1235 2510 1280 2549 A.
1307 2512 1421 2550 4345.

463 2583 548 2621 pag.
587 2573 669 2610 142.
699 2571 792 2610 edit.
815 2571 1101 2610 Freherianae:
1129 2573 1303 2623 Alaqnus
1333 2572 1423 2611 liae-

463 2633 679 2672 reeicorum
703 2645 894 2673 numerus
911 2632 992 2686 fuit
1010 2633 1047 2671 in
1074 2635 1271 2683 Austria,
1301 2635 1423 2674 Belze-

465 2695 543 2732 mia
586 2699 623 2733 et
659 2696 777 2734 terris
806 2695 956 2734 vicinis.
989 2697 1090 2734 Nam
1121 2697 1224 2736 sieut
1260 2696 1420 2749 quidam

464 2769 518 2795 em
554 2760 610 2796 eis
645 2759 808 2796 Viennae
841 2762 1067 2806 crematus,
1108 2759 1258 2797 nomine
1288 2762 1422 2799 Novus

464 2821 647 2869 Magister
689 2818 969 2869 confitebatur,
1012 2820 1180 2871 fuerunt
1219 2833 1354 2859 eorum
1383 2821 1422 2859 in

463 2880 627 2919 :iuslria
650 2910 658 2924 ,
699 2880 884 2918 Bohemia
922 2885 960 2918 et
1003 2881 1040 2918 ίη
1083 2881 1299 2932 confinibus
1329 2883 1418 2933 ejus

459 2942 672 2994 plusquam
716 2941 907 2992 octoginta
952 2941 1075 2979 millia
1114 2944 1150 2990 c)
1195 2942 1418 2991 hominum,

466 3015 594 3043 omnes
638 3004 792 3041 in-eam
819 3007 964 3042 sectam
983 3003 1121 3054 jurati
1155 3008 1192 3041 et
1215 3003 1415 3055 professi,

518 3137 550 3175 a)
575 3139 792 3176 Hieronymus
815 3144 899 3176 cap.
922 3137 973 3167 70.
998 3136 1036 3167 de
1060 3138 1089 3167 S.
1115 3139 1151 3168 E.
1176 3138 1334 3169 Novatus
1360 3138 1428 3177 Cy-

458 3186 580 3224 priani
600 3186 799 3227 Presbyter.

520 3235 554 3273 b)
573 3237 652 3267 Vide
670 3239 824 3268 Pearsen.
841 3236 951 3268 annal.
969 3237 1124 3275 Cypriani
1144 3240 1180 3274 Α,
1205 3237 1266 3267 550
1288 3237 1316 3276 S.
1333 3238 1409 3268 XXl.

460 3284 609 3315 Baiuzius
632 3286 671 3315 acl
693 3288 845 3326 Cyprianl
869 3289 976 3326 Epist.
1000 3287 1053 3317 49.
1080 3295 1160 3326 pag.
1182 3286 1249 3319 144.

521 3334 554 3369 c)
581 3336 614 3364 in
639 3335 801 3367 Chronico
826 3338 1049 3375 iiii-§augiensi
1090 3336 1321 3368 Tritbemiano
1349 3335 1428 3366 edit.

459 3382 645 3422 Sangallens
672 3384 762 3418 1690.
785 3386 837 3416 sol.
862 3392 942 3419 tom.
964 3387 982 3417 2
998 3395 1071 3426 pag.
1092 3386 1165 3419 140.
1187 3390 1267 3417 oceo
1289 3386 1422 3419 Miltia.

1307 259 1659 298 NOVATUS

1490 334 1654 381 praeter
1697 341 1760 368 eos
1818 332 1890 382 qui
1930 332 1968 370 in
2009 331 2100 371 aliis
2145 332 2264 371 terris
2313 338 2440 373 erant.

1547 394 1800 430 Ilermamms
1821 392 1964 433 Comes
1984 393 2270 434 NUENARIUS
2290 396 2375 434 sive
2399 395 2447 435 de

1494 455 1703 493 Nevenare
1720 484 1732 503 ,
1763 455 1972 503 Neaetius,
2003 456 2070 506 (de
2113 468 2215 495 novo.
2242 456 2380 508 aquila
2409 457 2445 506 d)

1547 518 1771 555 Canonicus
1789 517 1957 566 primum
1974 522 2059 557 tum
2071 520 2321 570 Praepositus
2338 529 2446 558 sum-

1494 580 1545 616 mi
1573 579 1709 628 templi
1732 577 2003 626 ColoniensiS,
2033 581 2198 620 eruditis
2223 581 2444 621 litterarum

1495 641 1851 688 instauratoribus,
1881 642 2250 695 Maecenatibusque
2281 644 2447 683 meritus

1492 703 1690 740 accenseri
1713 732 1720 747 ,
1746 702 1848 740 diem
1875 702 1968 740 obiit
1992 702 2037 741 A.
2063 705 2175 744 ⁴530.
2199 707 2236 744 in
2266 705 2446 744 Comitiis

1492 763 1761 814 Augustanis,
1804 769 1845 803 ut
1883 764 1930 802 ab
1974 765 2237 816 Henningesio
2280 767 2446 817 aliisque

1491 832 1553 863 est
1581 832 1773 866 notatum.
1796 828 1922 865 Vitam
1945 823 2031 876 ejus
2051 827 2074 865 a
2096 827 2335 869 nobilissimo
2357 831 2445 869 Viro

1491 888 1633 926 Jacobo
1676 888 1928 927 Burckhardo
1968 888 2206 939 jampridem
2241 896 2446 942 exspecta-

1492 961 1606 999 muS,
1637 962 1755 1000 quam
1792 952 1971 1001 promisit
2001 955 2110 1001 parte
2147 950 2183 990 2.
2214 951 2261 990 de
2291 952 2445 1004 linguae

1493 1012 1652 1050 Latinae
1691 1012 1781 1050 satis
1812 1024 1898 1063 pag.
1929 1012 2018 1050 480,
2055 1017 2095 1051 et
2128 1017 2238 1063 parte
2276 1013 2310 1052 3.
2343 1016 2446 1055 vitae

1494 1075 1608 1112 Uirici
1640 1075 1801 1112 llutteni
1832 1086 1918 1125 pag.
1948 1075 2008 1112 68.
2034 1080 2153 1125 atque
2182 1076 2298 1122 alibi,
2328 1081 2369 1116 et
2397 1077 2445 1117 de

1491 1148 1568 1185 quo
1608 1135 1710 1173 idem
1751 1137 1951 1186 praeclara
1991 1137 2186 1186 quaedam
2225 1141 2379 1178 monuit
2407 1141 2445 1178 in

1493 1203 1602 1247 parte
1634 1199 1757 1248 prima
1802 1201 1905 1237 vitae
1949 1198 2129 1249 ejusdem
2167 1202 2328 1240 Hutteni
2359 1213 2444 1253 pag.

1497 1260 1582 1298 4128.
1615 1272 1696 1310 seq.
1728 1265 1767 1297 et
1800 1262 1834 1298 in
1877 1262 2169 1301 Commentario
2207 1263 2256 1302 de
2287 1265 2447 1303 Latinae

1493 1323 1664 1373 Linguae
1697 1322 1785 1359 satis
1816 1327 1927 1373 parte
1960 1326 1992 1363 4.
2026 1336 2110 1377 pag.
2142 1325 2231 1365 334.
2263 1337 2345 1378 seq.
2376 1327 2452 1381 Co,-

1493 1384 1683 1423 sulendae
1727 1391 1767 1422 et
1810 1385 2058 1424 celeberrimi
2094 1387 2197 1437 Viri,
2241 1390 2300 1426 Jo.
2343 1388 2445 1427 Frid.

1493 1447 1651 1485 Chi-istii
1668 1478 1678 1494 ,
1699 1447 1841 1485 Noctes
1864 1447 2124 1487 Academicae
2147 1449 2314 1488 Observ.
2338 1451 2446 1489 XIX.

1494 1521 1529 1559 p.
1548 1510 1636 1547 248.
1653 1521 1733 1560 seq.
1753 1511 1921 1548 Primam
1938 1510 2149 1549 editionem
2172 1511 2443 1551 EGINHARDI

1494 1571 1540 1609 de
1568 1571 1650 1610 vita
1677 1571 1816 1611 Caroli·
1837 1573 1969 1623 Mayni
1991 1573 2081 1612 huic
2105 1574 2300 1613 Neunario
2328 1574 2446 1613 debe-

1495 1645 1611 1682 mus,
1645 1635 1847 1685 vulgatam
1879 1647 1970 1674 cum
2000 1634 2220 1675 Annalibus
2248 1635 2445 1687 Anonymi

1493 1698 1542 1736 ab
1566 1697 1610 1735 A.
1643 1698 1684 1737 74
1699 1699 1732 1735 i..
1756 1698 1803 1736 ad
1832 1699 1921 1736 929.
1946 1698 2080 1737 Colon.
2107 1699 2220 1738 4524,
2248 1699 2280 1736 4.
2311 1700 2366 1738 De
2391 1700 2448 1737 in-

1492 1762 1641 1799 secutis
1671 1760 1909 1799 editionibus
1933 1760 2014 1799 dixi
2044 1765 2137 1799 torn.
2164 1761 2210 1799 11.
2239 1771 2327 1812 pag.
2358 1761 2446 1799 496.

1491 1833 1576 1872 seq.
1621 1827 1660 1860 et
1690 1824 1778 1861 593.
1810 1822 1858 1860 de
1888 1822 2108 1861 Annalibus
2137 1823 2212 1861 illis
2242 1833 2327 1874 pag.
2358 1822 2446 1860 499.
2484 1844 2486 1847 s

1491 1889 1531 1921 et
1558 1889 1652 1922 tom.
1676 1885 1738 1922 lV.
1764 1895 1851 1935 pag.
1872 1884 1962 1923 535.
1984 1885 2143 1923 Praeter
2164 1884 2268 1923 lectu
2289 1883 2448 1935 dignam
2514 1886 2523 1937 ‘3

1494 1945 1547 1984 ad
1579 1945 1769 1986 Carolum
1807 1948 1844 1985 V.
1875 1945 2090 1997 Epistolam
2118 1945 2302 1997 adjuncta
2330 1949 2449 1985 etiam

1496 2009 1682 2047 Nuenarii
1716 2006 1848 2048 brevis
1887 2008 2125 2047 narraratio
2153 2008 2199 2048 de
2227 2008 2376 2060 orz'yine
2415 2011 2452 2046 et

1496 2069 1656 2110 sedibus
1679 2072 1928 2109 Francorum
1945 2070 1985 2108 in
2004 2070 2133 2110 Gallia
2149 2070 2306 2122 Belyz‘ca
2324 2102 2332 2122 ‚
2349 2082 2448 2122 quae

1501 2135 1537 2171 in
1570 2133 1681 2171 editt.
1708 2133 1921 2184 Eginhardi
1943 2163 1951 2180 ,
1977 2133 2111 2172 Colon.
2138 2133 2250 2173 4564.
2275 2133 2451 2172 Francos.

1496 2382 1719 2421 Pii-kaimeri
1761 2382 2024 2434 descriptione
2061 2383 2295 2422 Germaniae
2333 2382 2449 2422 Basil.

1498 2446 1612 2484 4585.
1653 2446 1688 2483 8.
1719 2447 1805 2483 Jen.
1840 2445 1956 2484 4681».
1987 2447 2023 2484 8.
2052 2450 2092 2484 et
2121 2448 2158 2483 in
2186 2444 2368 2484 Andreae
2396 2444 2450 2484 du

1497 2508 1653 2546 Chesne
1686 2513 1778 2545 tom.
1810 2509 1823 2546 4
1855 2510 2092 2559 scriptorum
2117 2508 2165 2547 de
2195 2507 2312 2546 rebus
2331 2509 2450 2546 Fran-

1496 2581 1573 2608 cor.
1604 2581 1692 2620 pag.
1726 2571 1898 2609 ira-475

1554 2632 1690 2671 Oratio
1708 2645 1785 2684 pro
1812 2631 1956 2672 carolo
1981 2633 2020 2672 V.
2045 2633 2169 2672 electo
2193 2634 2302 2671 Rom.
2325 2633 2451 2683 Impe-
2504 2628 2508 2630 ’

1498 2700 1624 2733 ratore
1654 2694 1700 2734 A.
1732 2697 1845 2734 4549.
1871 2700 1910 2733 ct
1933 2695 1981 2734 ad
2005 2695 2174 2734 electum
2199 2696 2342 2746 Regem
2364 2706 2451 2746 gra-

1498 2758 1634 2796 tulatio
1650 2789 1660 2806 ,
1706 2762 1870 2807 utraque
1915 2757 2158 2796 Francofurti
2197 2758 2232 2795 in
2271 2757 2448 2796 Comitiis

1496 2820 1646 2867 habita,
1671 2824 1838 2868 utraque
1858 2819 1959 2858 edila
1981 2819 2121 2857 ibidem
2148 2820 2184 2857 in
2204 2819 2237 2857 4.
2260 2830 2337 2858 una
2356 2829 2447 2857 curn

1495 2880 1680 2919 Oratione
1721 2883 1954 2930 Legatorum
1997 2880 2232 2920 Gallicorum
2271 2891 2340 2932 pro
2376 2891 2448 2919 suo

1494 2943 1622 2991 Rege,
1653 2948 1692 2980 et
1715 2943 1847 2980 Jacobi
1872 2943 2001 2992 Sobii,
2026 2944 2156 2995 legum
2181 2943 2358 2982 Doctoris
2380 2954 2448 2982 ex-

1495 3004 1714 3043 hortatione
1744 3004 1791 3043 ad
1817 3005 1998 3044 Carolum
2029 3006 2255 3057 Augustum
2276 3005 2356 3056 jam
2380 3003 2446 3044 de-

1551 3137 1587 3177 d)
1613 3138 1663 3169 Ar
1679 3139 1748 3170 sive
1766 3139 1838 3169 Ανη
1852 3161 1861 3175 ,
1879 3139 2002 3178 aquila.
2023 3140 2101 3171 Vide
2113 3142 2167 3171 io.
2184 3138 2314 3178 Georgii
2334 3137 2452 3170 wacin-

1496 3188 1557 3218 teri
1585 3187 1782 3226 glossarium
1809 3190 2044 3221 Germanicum
2068 3198 2099 3229 p.
2121 3187 2172 3220 81.
2195 3196 2265 3228 seq.
2291 3190 2340 3219 Jo.
2363 3188 2453 3219 Frid.

1496 3237 1631 3268 Christii
1659 3242 1772 3269 noctes
1789 3239 1943 3270 Academ.
1968 3247 2001 3278 p.
2023 3238 2096 3271 248.
2117 3243 2150 3270 et
2171 3237 2260 3270 Frid.
2281 3240 2349 3269 Jac.
2373 3238 2453 3278 Bey-

1494 3285 1613 3326 sclagii
1642 3287 1789 3327 syllogen
1813 3296 1888 3328 pag.
1916 3289 1990 3319 896.

1556 3337 1587 3375 e)
1615 3338 1750 3368 (lliristii
1775 3342 1863 3370 noct.
1887 3339 2040 3371 Academ.
2063 3347 2097 3378 p.
2114 3338 2188 3372 ⁶252.
2206 3338 2318 3371 Jacobi
2346 3340 2467 3382 Longi·

1493 3386 1573 3419 Bibl.
1593 3388 1832 3419 liistoricorum
1851 3388 1974 3420 Galliae
1998 3397 2032 3421 n.
2053 3387 2148 3422 6450.

2514 2007 2522 2017 ⁹
2532 2010 2533 2040 l

2514 2150 2533 2170 vl

1500 2195 1615 2235 4647.
1642 2200 1681 2234 et
1705 2195 1871 2245 Trajeeti
1897 2195 1944 2234 ad
1965 2196 2087 2234 Rhen.
2112 2195 2225 2235 4744.
2252 2197 2287 2234 [ι.
2309 2194 2452 2234 deinde
2514 2182 2525 2226 :⁵

1497 2269 1638 2297 recusa
1669 2258 1702 2304 e)
1737 2260 1855 2296 etiam
1889 2259 1924 2296 in
1956 2258 2186 2298 collectione
2215 2259 2452 2309 scriptorum
2511 2294 2519 2296 ,

1497 2320 1628 2358 Germ.
1662 2321 1906 2370 Hervagiana
1933 2321 2037 2360 Basil
2064 2321 2177 2361 4532.
2203 2321 2264 2359 fol.
2295 2325 2335 2359 et
2357 2331 2450 2360 cum
2514 2351 2516 2354 .
