2517 4009
901 228 1185 269 PETRUS

58 310 350 357 Benedictinus‚
372 307 477 344 Prior
495 306 533 345 S.
556 305 668 356 Eligii
690 305 920 344 parisiensis
937 303 1004 342 do-

60 374 221 413 functus
249 372 322 410 An.
355 368 468 408 ⁴362.
500 367 548 406 de
578 380 655 418 quo
685 369 766 406 Jac.
797 367 999 417 Philippus

58 433 334 485 Bergomensis
363 432 400 470 in
429 431 624 469 Chronico
639 430 686 470 ad
707 431 867 469 Annum
889 429 1001 468 1355.

61 496 127 536 Vir
154 495 194 533 in
223 493 377 533 Divinis
405 492 627 544 Scripturas
654 491 769 532 valde
813 489 995 530 eraclitus

59 561 96 598 et
120 555 322 597 studiosus·
349 567 398 594 ac
425 554 666 594 declamator
706 553 825 593 Verbi
866 552 999 592 Divini

55 617 169 659 valde
198 617 364 670 insiynis
393 617 466 656 hac
497 621 719 668 tempestate
758 615 882 655 multa
931 616 1000 653 Vo-

57 680 207 720 lumina
233 680 404 732 scripsit.
436 681 485 720 Et
506 680 764 732 potissimum.
795 677 850 716 acl
886 677 1002 716 Joan-

61 751 152 781 nem
171 739 220 778 de
244 742 357 780 Prato
382 739 680 780 Praenestinum
706 739 940 791 Episcopum
969 741 1005 776 et

57 803 98 842 S.
123 800 323 841 Ecclesiae
359 804 557 842 Romanae
601 800 881 849 Cardinalem,
921 811 1003 838 ma-

51 875 174 916 ynum
200 867 245 903 el.
264 864 464 916 eqreyium
491 875 587 916 opus
615 863 656 902 in
684 862 811 902 tribus
836 863 1003 902 volumi-

54 926 171 966 nibus
198 925 425 966 distinctum
447 957 455 974 ‚
479 925 587 978 quod
613 927 887 976 Repertorium
921 936 1003 963 mo-

58 988 140 1028 rale
168 990 202 1038 a)
234 989 461 1040 inscripsit,
493 987 608 1028 libris
650 987 791 1028 tribus.
837 987 1001 1038 Incipit.-

57 1050 289 1090 Reverendo
320 1052 358 1090 in
389 1051 556 1090 CHristo
599 1052 701 1090 Patri
745 1054 785 1088 et
828 1052 1003 1089 Domino.

55 1112 153 1152 Item
168 1113 435 1153 reductorium
456 1113 601 1152 morale
622 1111 792 1151 inlibris
815 1115 1005 1164 quatuor,

56 1173 170 1225 cujus
189 1174 429 1228 principium
459 1180 540 1215 est:
564 1175 700 1213 Videte
721 1176 906 1224 quoniam
926 1185 1002 1212 non

57 1237 198 1276 solum.
230 1237 501 1277 inductorium
538 1238 688 1276 morale
723 1235 838 1275 libris
874 1234 1003 1275 tribus

54 1297 178 1349 Incip.
209 1297 477 1338 Considerans
519 1298 720 1337 historiae.
766 1299 998 1337 Brevarium

56 1359 310 1400 historiarum
340 1361 486 1400 Bibliae
516 1361 557 1407 b)
583 1359 729 1399 librum
750 1361 779 1398 Ι.
801 1359 891 1398 item
914 1360 1008 1398 Cos-

59 1421 312 1472 mographiae
340 1420 488 1461 librum
528 1423 559 1461 Ι.
605 1423 844 1462 Sermonum
889 1421 1006 1460 etiam

59 1482 222 1535 scripsit
247 1482 369 1524 libros
397 1484 495 1524 duos
516 1499 526 1523 .·
557 1489 597 1524 et
620 1483 702 1523 alia
721 1482 930 1536 quaedam.
946 1484 1008 1521 Ti-

58 1549 146 1586 tum
177 1547 360 1596 Livium,
390 1550 426 1596 c)
455 1547 595 1598 mayni
620 1545 773 1585 laboris
814 1557 910 1598 opus
952 1545 1006 1584 ad

56 1606 286 1647 instantiam
313 1620 442 1660 supra
469 1608 566 1648 dicti
587 1608 751 1647 Joannis
780 1611 819 1646 et
838 1607 1005 1646 loannis

56 1670 110 1708 ΙΙ.
139 1669 177 1718 d]
205 1671 454 1710 Francorum
484 1671 599 1723 Reqis
627 1671 668 1710 in
694 1670 878 1710 idiomate
914 1670 1006 1708 Gal-

57 1732 131 1771 lico
157 1731 440 1785 vulgarizavit.
477 1735 626 1773 Eadem
656 1733 900 1773 Trithemius
920 1743 1005 1783 cap.

57 1794 133 1833 643
163 1794 212 1834 de
241 1797 280 1835 S.
311 1797 356 1835 E.
384 1801 424 1835 et
456 1797 519 1835 lib.
548 1797 586 1836 2.
616 1807 701 1847 cap.
734 1797 801 1835 431
839 1794 888 1833 de
918 1795 1033 1834 illu-—

62 1856 213 1896 sti-ibus
241 1857 535 1906 Benedictinis‚
564 1859 630 1909 qui
655 1857 764 1897 addit,
794 1857 883 1895 ferri
914 1857 1002 1907 ejus

59 1917 109 1956 ad
136 1917 319 1957 diversos
349 1918 564 1970 Epistulas,
594 1924 635 1958 et
653 1930 797 1970 parvos
820 1919 889 1958 sed
908 1919 1009 1958 mul-

61 1985 128 2019 tus
155 1983 366 2020 tractatus.
396 1983 453 2021 De
481 1981 727 2034 expositione
755 1981 796 2020 in
827 1980 1005 2021 Psalmos

61 2041 137 2080 sub
173 2042 427 2082 INCOGNlTI
457 2043 562 2083 edita
590 2044 750 2082 nomine
784 2049 824 2082 et
861 2044 1009 2083 tributa

60 2104 83 2142 a
113 2105 313 2144 nonnullis
343 2106 577 2153 Berchorio‚
606 2106 686 2145 dixi
709 2117 828 2158 supra
871 2118 909 2157 p.
947 2107 1010 2146 72.

62 2167 101 2204 in
131 2165 388 2208 MICHAELE
417 2167 464 2207 de
491 2167 694 2220 Ayyvanis

113 2228 308 2269 PETRUS
336 2229 383 2270 de
411 2231 632 2282 Beryomo,
661 2230 758 2269 Ord.
780 2229 917 2269 Praed.
943 2241 1012 2270 ou-

55 2287 123 2339 jus
150 2291 283 2331 tabula
313 2294 353 2332 in
381 2292 510 2344 Opera
539 2293 578 2332 S.
608 2293 782 2332 'rhomae
800 2293 1012 2343 Aquinatis

59 2351 203 2402 prodiit
230 2355 348 2393 Basil.
379 2355 501 2394 4478.
529 2356 594 2394 fol.

117 2415 310 2455 PETRUS
337 2416 618 2465 Bertrandus‚
649 2418 788 2457 Senior
817 2429 908 2456 cum
940 2419 1011 2457 Jus

114 2572 148 2614 a)
165 2573 212 2606 Ad
234 2582 355 2608 manus
377 2575 460 2608 mibi
484 2580 563 2607 sunt
585 2576 676 2607 Petri
712 2575 881 2607 Bercborii
906 2577 1012 2615 Opera

52 2623 161 2656 tribus
197 2624 355 2658 distincta
388 2627 632 2664 voluminibus,
650 2630 724 2667 post
755 2625 916 2657 editiones
950 2628 1010 2656 An.

62 2673 155 2708 1620.
191 2674 282 2708 1651.
319 2675 411 2709 1650.
446 2676 583 2716 vulgata
621 2675 735 2707 colon.
773 2674 861 2706 1679.
891 2674 947 2706 sol.
976 2675 1010 2706 iu

57 2729 179 2772 quibus
196 2725 356 2758 familiam
372 2725 466 2759 ducit
482 2726 735 2758 Reduetorium
755 2724 891 2756 morale
913 2732 1010 2764 super

55 2786 88 2814 to
98 2785 132 2812 ta
146 2778 273 2816 Biblia,
296 2776 390 2809 libris
402 2778 537 2809 xxxiv.
550 2776 670 2808 ordine
690 2776 852 2806 librorum
871 2774 1012 2805 Biblico-

55 2839 130 2863 rum
146 2829 266 2861 veteris
287 2831 322 2860 et
345 2828 423 2859 novi
442 2828 633 2858 testamenti
651 2825 777 2857 editum
792 2826 937 2864 primum
954 2826 1014 2854 Ar-

0 2906 1 2922 *
46 2879 226 2920 ·gentorati
259 2876 350 2908 1475.
366 2875 424 2908 tol.
453 2875 574 2909 deinde
602 2877 755 2916 sequitur
771 2883 846 2915 pars
872 2872 1015 2906 secunda

0 2938 2 2984 l

54 2929 255 2963 recductorii
281 2928 314 2958 in
335 2926 437 2958 libros
454 2928 534 2958 xiv.
551 2925 657 2958 divisa
672 2948 682 2964 ‚
699 2929 731 2956 et
747 2926 855 2956 DEUM
886 2926 1021 2955 univer-

53 2984 191 3018 samque
221 2979 376 3008 naturam
393 2981 426 3008 et
443 2984 496 3008 res
514 2975 681 3007 naturales
699 2975 883 3007 moralibus
906 2974 1020 3006 eonsi-

54 3026 282 3062 derationibus
305 3028 425 3057 conata
447 3027 481 3056 iu
496 3032 631 3057 sacrum
644 3033 743 3062 usum
760 3028 902 3057 vertere.
919 3023 1018 3054 Libro

63 3079 144 3110 ΧΠ.
158 3081 238 3117 puto
253 3075 418 3106 contineri
433 3082 534 3114 quam
549 3074 865 3114 Cosmoyraplziam
880 3073 1022 3105 Bercho·

39 3130 107 3160 ‘rio
132 3126 334 3159 'trithemius
373 3127 407 3155 et
422 3125 650 3164 Bergomensis
673 3123 828 3154 tribuunt
853 3124 1022 3162 Reperio-

56 3178 151 3209 rium
173 3174 334 3213 morale,
373 3173 492 3206 ordine
527 3173 738 3214 alphabetico
771 3171 1018 3203 dictionarium

57 3226 182 3259 morale
217 3223 365 3265 amplum
399 3227 432 3254 et
467 3223 638 3262 copiosum
663 3224 761 3254 sistit.
784 3221 1024 3260 Plurainope-

59 3275 321 3309 ribusBerehorii
343 3274 488 3315 junctim
509 3273 608 3303 editis
632 3280 697 3303 non
725 3273 867 3311 reperio.
905 3273 1027 3309 Reper-

15 3326 25 3339 ·
60 3327 183 3359 toi-ium
206 3329 317 3356 autem
335 3331 401 3355 non
420 3324 518 3354 inane
535 3322 642 3353 bonae
660 3322 763 3360 frugis
778 3345 788 3359 ,
805 3324 878 3360 post
896 3321 1022 3360 primas

60 3376 221 3407 editiones
235 3373 347 3406 Colon.
367 3372 456 3403 1177.
475 3377 503 3403 ei
529 3372 833 3409 Norimbemensem
858 3369 943 3399 1139.
963 3367 1026 3398 sre-

1951 222 2029 261 233

1080 306 1294 351 uirumque
1327 300 1557 345 Aveniono,
1590 299 1626 336 in
1657 298 1788 334 Monte
1832 294 2023 339 Pessuio,

1077 363 1258 402 Aureliae
1287 367 1326 399 et
1358 362 1512 400 Parisiis
1541 360 1764 405 docuisset,
1793 370 1840 397 ex
1863 358 2025 409 Episco-

1078 438 1125 477 po
1151 425 1389 464 Nivernensi
1419 430 1539 475 atque
1569 423 1762 463 AEduensi
1789 423 1875 460 sive
1892 421 2026 470 Augu-

1078 489 1312 529 stoduuensi
1344 487 1565 527 Cardinalis
1595 486 1643 525 ab
1672 485 1787 525 Anno
1827 484 1943 524 4331.
1979 482 2026 522 ad

1079 552 1194 591 4349.
1218 552 1273 589 De
1303 561 1348 588 eo
1379 549 1560 588 Labbeus
1601 554 1694 586 tom.
1740 549 1764 587 Ξ).
1808 558 1894 598 pag.
1939 546 2026 585 ⁴853.

1077 612 1320 652 Warthonus
1350 611 1397 650 ad
1428 612 1606 650 Caveum
1637 616 1712 650 etc.
1737 609 1836 660 Ejus
1857 611 2028 660 scripta:

1079 676 1250 714 Libellus
1279 674 1354 713 An.
1393 674 1507 713 4329.
1554 676 1691 711 contra
1735 673 1932 711 PETRUM
1978 671 2024 709 (le

1085 736 1301 789 Cuyneris,
1339 734 1623 775 Consili'arium
1644 735 1803 785 liefsiam
1833 746 1953 786 super
1972 733 2034 785 sa-

1086 805 1143 840 cto
1174 800 1460 840 Praelatorum
1489 798 1688 838 Ecclesiae
1704 798 1933 837 Gallicanae
1957 809 2032 850 pro

1078 863 1250 916 ejusdem
1285 862 1482 902 Ecclesiae
1513 859 1693 900 libertate
1725 862 1830 899 Paris
1853 861 1966 899 4495.
1996 861 2029 897 i.

1082 929 1194 967 1589.
1229 928 1344 967 4594.
1382 925 1496 965 4610.
1528 929 1568 961 ct
1597 924 1699 973 apud
1729 922 1961 962 Goldastutn
2006 928 2031 959 t.

1077 992 1102 1030 2
1133 990 1376 1032 monarchiae
1419 989 1576 1038 Imperii
1609 1000 1693 1038 pag.
1726 986 1842 1025 4361.
1873 986 2031 1023 Tracta-

1079 1058 1145 1093 tus
1170 1052 1217 1091 de
1248 1051 1408 1103 Oriqt'ne
1432 1054 1470 1089 et
1492 1061 1570 1089 usa
1585 1048 1702 1089 Jurz‘s
1719 1047 1930 1087 dictionum
1948 1048 2031 1085 siva

1082 1115 1131 1153 de
1161 1114 1354 1166 spirituali
1383 1118 1423 1152 et
1452 1112 1656 1162 temporali
1679 1114 1895 1162 potestate,
1918 1111 1953 1147 in
1972 1109 2032 1147 lV.

1086 1179 1341 1227 quaestiones
1363 1205 1371 1223 ‚
1400 1174 1662 1214 distributus:
1695 1174 1731 1210 in
1753 1172 1909 1211 Oceano
1924 1172 2031 1210 Juris

1081 1240 1166 1276 sive
1196 1242 1436 1276 tractatuum
1470 1240 1562 1274 tom.
1594 1236 1657 1274 lii.
1678 1246 1763 1286 pag.
1786 1235 1848 1272 ⁶29.
1873 1239 1913 1271 ct
1938 1238 2030 1272 tom.

1082 1301 1170 1341 xli.
1198 1311 1283 1350 pag.
1316 1299 1404 1337 408.
1436 1299 1660 1347 Utrumque
1692 1298 1884 1347 scriptum
1913 1297 1948 1333 in
1977 1297 2035 1333 Bi-

1094 1361 1302 1400 bliothecis
1331 1362 1517 1408 Patrum,
1550 1361 1657 1397 Paris
1687 1364 1781 1396 tom.
1811 1358 1874 1397 IV.
1900 1359 2032 1397 Colon.

1085 1429 1179 1461 tom.
1210 1423 1253 1461 V.
1286 1427 1326 1460 et
1347 1422 1563 1460 novissima
1586 1420 1765 1470 Lugdun.
1782 1425 1874 1458 tom.
1893 1421 2032 1458 xxvi.

1086 1497 1173 1537 pag.
1203 1485 1290 1524 409.
1324 1484 1412 1523 ⁴27.
1442 1485 1484 1522 In
1503 1484 1634 1522 Miraei
1653 1483 1826 1520 auctario
1842 1493 1925 1531 cap.
1946 1483 2034 1520 419.

1087 1548 1196 1598 legas
1225 1546 1353 1598 Opera
1382 1545 1589 1585 Bertrandi
1621 1545 1754 1591 varia,
1786 1543 1922 1582 multis
1966 1555 2032 1580 vo—

1087 1608 1305 1648 luminibus
1334 1607 1652 1659 comprehensa,
1682 1611 1722 1644 et
1766 1605 1832 1644 diu
1874 1606 2031 1644 Parisiis

1084 1673 1210 1710 instar
1239 1671 1415 1709 thesauri
1445 1674 1652 1709 asservata
1680 1670 1755 1707 An.
1776 1668 1888 1707 4575.
1907 1668 2033 1718 plagio

1085 1735 1266 1784 periisse.
1295 1734 1337 1771 In
1369 1733 1431 1771 his
1458 1734 1746 1784 Responsorum
1777 1730 1910 1781 plures
1940 1730 2025 1767 libri

1084 1796 1270 1844 fuerunt,
1300 1806 1402 1846 quos
1430 1795 1479 1833 ab
1520 1795 1606 1833 aliis
1651 1793 1858 1831 memorari
1901 1791 2027 1829 video.

1082 1859 1273 1897 Praefatio
1303 1858 1351 1897 ad
1381 1856 1582 1897 Scrinium
1614 1855 1726 1894 Jurz's
1755 1855 1860 1893 edita
1900 1856 1920 1893 a
1960 1854 2033 1892 Fri-

1085 1922 1198 1960 zonio
1229 1922 1266 1958 in
1297 1920 1422 1959 Gallia
1452 1924 1668 1970 purpurata
1694 1930 1730 1969 p.
1757 1917 1846 1957 326.

1137 1984 1329 2022 PETRUS
1346 1981 1595 2021 Bertrandus
1608 1982 1752 2031 junior,
1769 1979 1814 2018 (le
1831 1976 2039 2019 Columba-

1083 2046 1145 2083 rio
1162 2046 1382 2097 Episcopus
1396 2044 1594 2083 Ostiensis
1610 2048 1650 2081 et
1671 2041 1908 2089 Cardinalis7
1925 2040 1986 2090 cuj
1995 2052 2040 2078 us

1086 2108 1161 2147 iter
1186 2107 1241 2146 ad
1263 2107 1539 2148 Cornationem
1572 2104 1711 2146 Caroli
1738 2104 1796 2141 IV
1829 2105 2043 2154 Imperato-

1089 2172 1142 2209 ris
1166 2171 1330 2209 Romani
1356 2171 1401 2209 A.
1424 2170 1538 2209 4356.
1564 2168 1714 2207 editum
1737 2169 1758 2206 a
1775 2167 1927 2206 Labbeo
1952 2170 1968 2203 t
2008 2169 2040 2206 1.

1088 2233 1186 2271 Bibl.
1230 2244 1358 2271 novae
1396 2232 1752 2281 Manusci·iptorum
1789 2241 1827 2280 p.
1856 2228 2039 2268 sai-3:²37.

1090 2296 1376 2334 Testamentum
1399 2294 1487 2344 ejus
1514 2295 1617 2331 inter
1641 2291 1892 2342 probationes
1918 2292 2043 2329 ilisto-

1089 2359 1168 2396 riae
1198 2356 1466 2397 Cardinalium
1511 2355 1713 2394 Gallorum
1742 2355 1762 2391 {i
1795 2354 1972 2391 Frizonio
2004 2354 2039 2389 iu

1087 2419 1209 2458 Gallia
1234 2423 1464 2470 purpurata.
1489 2418 1603 2456 Plura
1629 2416 1676 2454 do
1702 2416 1774 2453 hoc
1794 2416 1904 2453 Petro
1926 2414 2038 2452 Baiu-

1077 2583 1222 2619 quenter
1239 2577 1498 2611 recusumssasii.
1517 2574 1822 2615 1515.1.ugli.15l7.
1846 2572 1933 2604 1:350.
1945 2575 2049 2604 Paris.

1076 2627 1167 2659 1521.
1196 2630 1312 2659 venet.
1343 2627 1434 2657 1585.
1459 2631 1564 2657 Aniw.
1590 2624 1681 2656 1609.
1711 2624 1764 2655 i'ol.
1790 2626 1903 2654 Exstat
1927 2627 1959 2653 ct
1978 2621 2048 2653 edi-

1074 2680 1121 2710 tio
1145 2680 1290 2717 Operum
1313 2676 1428 2708 Colon.
1455 2675 1546 2706 1712.
1566 2675 1620 2706 sol.

1133 2728 1168 2767 b)
1183 2730 1347 2759 manuscr.
1367 2730 1402 2758 in
1417 2726 1499 2759 nihl.
1518 2723 1818 2765 sangermannensi
1835 2721 1954 2752 Codice
1972 2721 2044 2750 687.

1076 2778 1217 2810 necdum
1234 2779 1360 2809 editum
1375 2778 1464 2817 quod
1480 2777 1583 2807 sciam
1598 2799 1608 2813 ‚
1626 2776 1713 2805 sicut
1732 2782 1791 2803 noo
1807 2772 2048 2803 lmine-lorium

1076 2828 1231 2866 morale,
1255 2835 1316 2859 nec
1340 2826 1545 2858 Reductorii'
1565 2825 1650 2856 liber
1671 2825 1723 2854 XV
1755 2823 1793 2854 de
1808 2823 1984 2852 Poetarum
2004 2822 2045 2852 sa-

1081 2878 1166 2909 bulis
1185 2900 1193 2916 ,
1216 2885 1276 2909 nec
1295 2879 1375 2908 xvi.
1396 2876 1435 2907 de
1460 2876 1573 2915 figuris
1597 2876 1627 2905 S.
1650 2874 1908 2912 scripturarum.
1927 2871 2046 2901 Confer

1078 2932 1113 2960 li.
1136 2928 1284 2968 Gregorii
1312 2927 1440 2966 Serpilii
1465 2928 1550 2957 vitas
1576 2926 1780 2963 scriptorum
1803 2920 2004 2952 Biblicorum
2023 2924 2046 2951 t.

1080 2980 1148 3011 vti.
1172 2982 1265 3018 parte
1290 2977 1322 3008 ἰ).
1347 2985 1421 3016 pag.
1446 2975 1497 3006 44.
1525 2983 1592 3014 seq.

1142 3028 1174 3067 c)
1190 3032 1331 3059 Joannes
1349 3029 1374 3056 li
1394 3029 1459 3057 Rex
1473 3024 1661 3058 Galliaesuit
1681 3023 1766 3053 aba.
1788 3019 1929 3053 1530..)ιί
1949 3019 2042 3051 1561.

1144 3077 1180 3116 d)
1203 3078 1342 3108 Parisiis
1362 3077 1394 3106 in
1419 3075 1498 3106 nihi.
1518 3073 1651 3113 collegii
1670 3072 1842 3103 sarbonici
1866 3073 1975 3101 exstat
1993 3071 2046 3099 in-

1087 3129 1190 3165 signis
1214 3126 1323 3158 Codex
1346 3128 1380 3155 T.
1404 3126 1485 3155 Livii
1515 3127 1590 3154 aute
1615 3122 1741 3161 aliquot
1763 3119 1894 3151 saccula
1919 3118 2041 3150 Gallice

1085 3176 1236 3207 translati
1251 3174 1380 3205 duobus
1394 3172 1624 3204 voluminibus
1643 3173 1675 3201 in
1692 3170 1784 3207 solio,
1806 3169 1864 3200 ubi
1882 3170 1915 3199 in
1933 3167 2041 3200 fronte

1090 3227 1254 3265 cujusque
1280 3223 1355 3254 libri
1381 3224 1490 3253 variae
1514 3223 1713 3252 miniaturae
1736 3224 1768 3251 et
1804 3217 2046 3257 pulcherrimae

1086 3276 1234 3314 picturae
1257 3276 1418 3311 apparent
1433 3294 1442 3308 ‚
1466 3276 1548 3302 teste
1581 3272 1616 3301 v.
1640 3271 1677 3300 C.
1699 3268 1835 3300 inuicte
1870 3267 2044 3299 Maicbelio

1088 3324 1125 3353 ‹le
1147 3320 1357 3352 isibiioiiieeis
1382 3320 1625 3351 parisiensibus
1644 3328 1717 3359 pag.
1743 3318 1796 3350 70.

1666 3434 1725 3470 isi
