<?xml version="1.0" encoding="UTF-8"?>
<!DOCTYPE html PUBLIC "-//W3C//DTD XHTML 1.0 Transitional//EN"
    "http://www.w3.org/TR/xhtml1/DTD/xhtml1-transitional.dtd">
<html xmlns="http://www.w3.org/1999/xhtml" xml:lang="en" lang="en">
 <head>
  <title>
</title>
<meta http-equiv="Content-Type" content="text/html;charset=utf-8" />
  <meta name='ocr-system' content='tesseract 3.04.00' />
  <meta name='ocr-capabilities' content='ocr_page ocr_carea ocr_par ocr_line ocrx_word'/>
</head>
<body>
  <div class='ocr_page' id='page_1' title='image "./bibliothecalatin05fabruoft/bibliothecalatin05fabruoft_0017.png"; bbox 0 0 2566 4009; ppageno 0'>
   <div class='ocr_carea' id='block_1_1' title="bbox 862 242 2081 284">
    <p class='ocr_par' dir='ltr' id='par_1_1' title="bbox 862 242 2081 284">
     <span class='ocr_line' id='line_1_1' title="bbox 862 242 2081 284; baseline 0.002 -2"><span class='ocrx_word' id='word_1_1' title='bbox 862 242 1306 282; x_wconf 71' lang='lat' dir='ltr'>MALACillAS</span> <span class='ocrx_word' id='word_1_2' title='bbox 2040 247 2081 284; x_wconf 86' lang='grc'>11</span> 
     </span>
    </p>
   </div>
   <div class='ocr_carea' id='block_1_2' title="bbox 95 313 1048 355">
    <p class='ocr_par' dir='ltr' id='par_1_2' title="bbox 95 313 1048 355">
     <span class='ocr_line' id='line_1_2' title="bbox 95 313 1048 355; baseline -0.003 0"><span class='ocrx_word' id='word_1_3' title='bbox 95 317 164 355; x_wconf 91' lang='lat' dir='ltr'>dat</span> <span class='ocrx_word' id='word_1_4' title='bbox 188 315 398 354; x_wconf 69' lang='lat' dir='ltr'>distichon</span> <span class='ocrx_word' id='word_1_5' title='bbox 445 314 517 352; x_wconf 87' lang='lat' dir='ltr'>hoc</span> <span class='ocrx_word' id='word_1_6' title='bbox 567 313 780 352; x_wconf 82' lang='lat' dir='ltr'>Malachiae</span> <span class='ocrx_word' id='word_1_7' title='bbox 833 314 1048 352; x_wconf 76' lang='lat' dir='ltr'>familiare:</span> 
     </span>
    </p>
   </div>
   <div class='ocr_carea' id='block_1_3' title="bbox 111 391 1057 483">
    <p class='ocr_par' dir='ltr' id='par_1_3' title="bbox 111 391 1057 483">
     <span class='ocr_line' id='line_1_3' title="bbox 111 391 1057 434; baseline -0.001 -9"><span class='ocrx_word' id='word_1_8' title='bbox 111 391 462 434; x_wconf 72' lang='lat' dir='ltr'>spernerelilundum‚</span> <span class='ocrx_word' id='word_1_9' title='bbox 476 399 632 431; x_wconf 83' lang='lat' dir='ltr'>spernere</span> <span class='ocrx_word' id='word_1_10' title='bbox 648 400 731 430; x_wconf 84' lang='lat' dir='ltr'>sese,</span> <span class='ocrx_word' id='word_1_11' title='bbox 747 399 903 432; x_wconf 84' lang='lat' dir='ltr'>spernere</span> <span class='ocrx_word' id='word_1_12' title='bbox 915 391 1057 430; x_wconf 89' lang='lat' dir='ltr'>nullum,</span> 
     </span>
     <span class='ocr_line' id='line_1_4' title="bbox 132 441 978 483; baseline -0.002 -9"><span class='ocrx_word' id='word_1_13' title='bbox 132 445 294 483; x_wconf 84' lang='lat' dir='ltr'>spernere</span> <span class='ocrx_word' id='word_1_14' title='bbox 310 450 343 473; x_wconf 86' lang='lat' dir='ltr'>se</span> <span class='ocrx_word' id='word_1_15' title='bbox 360 443 475 481; x_wconf 84' lang='lat' dir='ltr'>sperni</span> <span class='ocrx_word' id='word_1_16' title='bbox 492 453 500 472; x_wconf 93' lang='lat'>:</span> <span class='ocrx_word' id='word_1_17' title='bbox 517 446 661 481; x_wconf 87' lang='lat' dir='ltr'>quatuor</span> <span class='ocrx_word' id='word_1_18' title='bbox 685 441 765 473; x_wconf 82' lang='lat' dir='ltr'>haec</span> <span class='ocrx_word' id='word_1_19' title='bbox 783 441 870 472; x_wconf 84' lang='lat' dir='ltr'>bona</span> <span class='ocrx_word' id='word_1_20' title='bbox 888 446 978 472; x_wconf 88' lang='lat' dir='ltr'>sunt.</span> 
     </span>
    </p>
   </div>
   <div class='ocr_carea' id='block_1_4' title="bbox 87 508 1065 3149">
    <p class='ocr_par' dir='ltr' id='par_1_4' title="bbox 89 508 1052 990">
     <span class='ocr_line' id='line_1_5' title="bbox 147 508 1050 557; baseline 0.001 -10"><span class='ocrx_word' id='word_1_21' title='bbox 147 508 436 548; x_wconf 84' lang='lat' dir='ltr'>MALACHl&#39;AS</span> <span class='ocrx_word' id='word_1_22' title='bbox 462 508 659 548; x_wconf 85' lang='lat' dir='ltr'>Hibernus</span> <span class='ocrx_word' id='word_1_23' title='bbox 680 510 780 547; x_wconf 85' lang='lat' dir='ltr'>alter</span> <span class='ocrx_word' id='word_1_24' title='bbox 796 510 935 557; x_wconf 92' lang='lat' dir='ltr'>iunior,</span> <span class='ocrx_word' id='word_1_25' title='bbox 955 508 1050 548; x_wconf 88' lang='lat' dir='ltr'>Ord.</span> 
     </span>
     <span class='ocr_line' id='line_1_6' title="bbox 92 570 1050 610; baseline 0 -1"><span class='ocrx_word' id='word_1_26' title='bbox 92 571 230 610; x_wconf 85' lang='lat' dir='ltr'>Minor.</span> <span class='ocrx_word' id='word_1_27' title='bbox 255 572 357 608; x_wconf 86' lang='lat' dir='ltr'>circa</span> <span class='ocrx_word' id='word_1_28' title='bbox 379 581 442 608; x_wconf 88' lang='lat' dir='ltr'>an.</span> <span class='ocrx_word' id='word_1_29' title='bbox 463 571 564 609; x_wconf 88' lang='grc'>1310</span> <span class='ocrx_word' id='word_1_30' title='bbox 588 573 703 610; x_wconf 89' lang='lat' dir='ltr'>cuius</span> <span class='ocrx_word' id='word_1_31' title='bbox 729 570 943 610; x_wconf 70' lang='lat' dir='ltr'>Concio‘nes</span> <span class='ocrx_word' id='word_1_32' title='bbox 969 582 1050 609; x_wconf 89' lang='lat' dir='ltr'>me-</span> 
     </span>
     <span class='ocr_line' id='line_1_7' title="bbox 93 632 1051 682; baseline -0.001 -11"><span class='ocrx_word' id='word_1_33' title='bbox 93 636 222 671; x_wconf 83' lang='lat' dir='ltr'>morat</span> <span class='ocrx_word' id='word_1_34' title='bbox 251 632 395 670; x_wconf 89' lang='lat' dir='ltr'>Baleus</span> <span class='ocrx_word' id='word_1_35' title='bbox 424 633 526 671; x_wconf 78' lang='lat' dir='ltr'>xlv.</span> <span class='ocrx_word' id='word_1_36' title='bbox 557 634 600 672; x_wconf 91' lang='grc'>91</span> <span class='ocrx_word' id='word_1_37' title='bbox 637 643 681 671; x_wconf 85' lang='grc'>30</span> <span class='ocrx_word' id='word_1_38' title='bbox 710 637 914 682; x_wconf 87' lang='lat' dir='ltr'>praeterea</span> <span class='ocrx_word' id='word_1_39' title='bbox 937 633 1051 670; x_wconf 80' lang='lat' dir='ltr'>Vene-</span> 
     </span>
     <span class='ocr_line' id='line_1_8' title="bbox 94 691 1052 741; baseline 0.003 -11"><span class='ocrx_word' id='word_1_40' title='bbox 94 703 190 731; x_wconf 79' lang='lat' dir='ltr'>num</span> <span class='ocrx_word' id='word_1_41' title='bbox 214 691 448 741; x_wconf 79' lang='lat' dir='ltr'><em>Malachiae,</em></span> <span class='ocrx_word' id='word_1_42' title='bbox 474 695 561 731; x_wconf 89' lang='lat' dir='ltr'>sive</span> <span class='ocrx_word' id='word_1_43' title='bbox 582 693 724 732; x_wconf 92' lang='lat' dir='ltr'>librum</span> <span class='ocrx_word' id='word_1_44' title='bbox 749 692 797 731; x_wconf 85' lang='lat' dir='ltr'>de</span> <span class='ocrx_word' id='word_1_45' title='bbox 818 705 963 732; x_wconf 78' lang='lat' dir='ltr'>veneno</span> <span class='ocrx_word' id='word_1_46' title='bbox 992 705 1052 733; x_wconf 84' lang='lat' dir='ltr'>se-</span> 
     </span>
     <span class='ocr_line' id='line_1_9' title="bbox 89 753 1051 806; baseline 0.002 -14"><span class='ocrx_word' id='word_1_47' title='bbox 89 758 198 806; x_wconf 81' lang='lat' dir='ltr'>ptem</span> <span class='ocrx_word' id='word_1_48' title='bbox 210 757 468 805; x_wconf 68' lang='lat' dir='ltr'>peccatorum</span> <span class='ocrx_word' id='word_1_49' title='bbox 486 753 714 793; x_wconf 74' lang='lat' dir='ltr'>mortalium</span> <span class='ocrx_word' id='word_1_50' title='bbox 724 753 848 805; x_wconf 82' lang='lat' dir='ltr'><strong><em>deque</em></strong></span> <span class='ocrx_word' id='word_1_51' title='bbox 864 755 1051 794; x_wconf 69' lang='lat' dir='ltr'>remediis</span> 
     </span>
     <span class='ocr_line' id='line_1_10' title="bbox 91 815 1051 867; baseline -0.001 -12"><span class='ocrx_word' id='word_1_52' title='bbox 91 815 296 867; x_wconf 81' lang='lat' dir='ltr'>ipsorum,</span> <span class='ocrx_word' id='word_1_53' title='bbox 327 817 479 856; x_wconf 89' lang='lat' dir='ltr'>editum</span> <span class='ocrx_word' id='word_1_54' title='bbox 510 817 620 867; x_wconf 78' lang='lat' dir='ltr'>typis</span> <span class='ocrx_word' id='word_1_55' title='bbox 667 818 822 854; x_wconf 77' lang='lat' dir='ltr'>ilenrici</span> <span class='ocrx_word' id='word_1_56' title='bbox 859 817 1051 867; x_wconf 84' lang='lat' dir='ltr'>Stephani</span> 
     </span>
     <span class='ocr_line' id='line_1_11' title="bbox 89 877 1049 928; baseline 0 -13"><span class='ocrx_word' id='word_1_57' title='bbox 89 879 182 928; x_wconf 85' lang='lat' dir='ltr'>avi,</span> <span class='ocrx_word' id='word_1_58' title='bbox 208 879 330 917; x_wconf 89' lang='lat' dir='ltr'>Paris.</span> <span class='ocrx_word' id='word_1_59' title='bbox 356 879 459 917; x_wconf 82' lang='grc'>1518</span> <span class='ocrx_word' id='word_1_60' title='bbox 497 878 534 915; x_wconf 85' lang='grc'>4.</span> <span class='ocrx_word' id='word_1_61' title='bbox 571 877 668 916; x_wconf 83' lang='lat' dir='ltr'>Vide</span> <span class='ocrx_word' id='word_1_62' title='bbox 696 877 811 916; x_wconf 85' lang='lat' dir='ltr'>Mieh.</span> <span class='ocrx_word' id='word_1_63' title='bbox 852 878 1049 916; x_wconf 87' lang='lat' dir='ltr'>Maittairii</span> 
     </span>
     <span class='ocr_line' id='line_1_12' title="bbox 90 939 956 990; baseline -0.001 -12"><span class='ocrx_word' id='word_1_64' title='bbox 90 940 255 978; x_wconf 89' lang='lat' dir='ltr'>annales</span> <span class='ocrx_word' id='word_1_65' title='bbox 284 939 592 990; x_wconf 77' lang='lat' dir='ltr'>typographicos</span> <span class='ocrx_word' id='word_1_66' title='bbox 618 944 711 978; x_wconf 90' lang='lat' dir='ltr'>tom.</span> <span class='ocrx_word' id='word_1_67' title='bbox 742 940 778 977; x_wconf 89' lang='grc'>2.</span> <span class='ocrx_word' id='word_1_68' title='bbox 811 951 848 990; x_wconf 90' lang='lat' dir='ltr'>p.</span> <span class='ocrx_word' id='word_1_69' title='bbox 879 940 956 978; x_wconf 92' lang='grc'>312</span> 
     </span>
    </p>

    <p class='ocr_par' dir='ltr' id='par_1_5' title="bbox 87 1000 1057 1912">
     <span class='ocr_line' id='line_1_13' title="bbox 143 1000 1054 1049; baseline -0.001 -9"><span class='ocrx_word' id='word_1_70' title='bbox 143 1000 394 1040; x_wconf 74' lang='lat' dir='ltr'>Re’cordanus</span> <span class='ocrx_word' id='word_1_71' title='bbox 424 1002 725 1049; x_wconf 82' lang='lat' dir='ltr'>MALASPINA,</span> <span class='ocrx_word' id='word_1_72' title='bbox 758 1003 952 1040; x_wconf 79' lang='lat' dir='ltr'>Patricius</span> <span class='ocrx_word' id='word_1_73' title='bbox 968 1001 1054 1039; x_wconf 91' lang='lat' dir='ltr'>Flo-</span> 
     </span>
     <span class='ocr_line' id='line_1_14' title="bbox 92 1063 1053 1114; baseline 0 -13"><span class='ocrx_word' id='word_1_74' title='bbox 92 1064 276 1102; x_wconf 89' lang='lat' dir='ltr'>rentinus</span> <span class='ocrx_word' id='word_1_75' title='bbox 305 1064 467 1114; x_wconf 86' lang='lat' dir='ltr'>scripsit</span> <span class='ocrx_word' id='word_1_76' title='bbox 497 1064 707 1101; x_wconf 81' lang='lat' dir='ltr'>Historiam</span> <span class='ocrx_word' id='word_1_77' title='bbox 735 1064 940 1113; x_wconf 85' lang='lat' dir='ltr'>antiquam</span> <span class='ocrx_word' id='word_1_78' title='bbox 969 1063 1053 1101; x_wconf 91' lang='lat' dir='ltr'>Flo-</span> 
     </span>
     <span class='ocr_line' id='line_1_15' title="bbox 91 1123 1051 1175; baseline 0 -13"><span class='ocrx_word' id='word_1_79' title='bbox 91 1125 291 1163; x_wconf 86' lang='lat' dir='ltr'>rentinam</span> <span class='ocrx_word' id='word_1_80' title='bbox 334 1124 382 1163; x_wconf 90' lang='lat' dir='ltr'>ab</span> <span class='ocrx_word' id='word_1_81' title='bbox 413 1124 529 1163; x_wconf 87' lang='lat' dir='ltr'>Urbis</span> <span class='ocrx_word' id='word_1_82' title='bbox 558 1123 787 1174; x_wconf 81' lang='lat' dir='ltr'>Originibus</span> <span class='ocrx_word' id='word_1_83' title='bbox 835 1135 961 1175; x_wconf 89' lang='lat' dir='ltr'>usque</span> <span class='ocrx_word' id='word_1_84' title='bbox 1003 1123 1051 1162; x_wconf 88' lang='lat' dir='ltr'>ad</span> 
     </span>
     <span class='ocr_line' id='line_1_16' title="bbox 90 1185 1050 1235; baseline 0 -11"><span class='ocrx_word' id='word_1_85' title='bbox 90 1185 137 1224; x_wconf 91' lang='lat' dir='ltr'>A.</span> <span class='ocrx_word' id='word_1_86' title='bbox 169 1186 213 1225; x_wconf 91' lang='lat' dir='ltr'>C.</span> <span class='ocrx_word' id='word_1_87' title='bbox 258 1185 378 1224; x_wconf 89' lang='grc'>1281.</span> <span class='ocrx_word' id='word_1_88' title='bbox 418 1185 495 1223; x_wconf 89' lang='lat' dir='ltr'>Sed</span> <span class='ocrx_word' id='word_1_89' title='bbox 525 1195 627 1235; x_wconf 88' lang='lat' dir='ltr'>opus</span> <span class='ocrx_word' id='word_1_90' title='bbox 655 1186 797 1223; x_wconf 83' lang='lat' dir='ltr'>Joanni</span> <span class='ocrx_word' id='word_1_91' title='bbox 837 1186 987 1224; x_wconf 81' lang='lat' dir='ltr'>Villano</span> <span class='ocrx_word' id='word_1_92' title='bbox 1017 1186 1050 1233; x_wconf 88' lang='lat' dir='ltr'>a)</span> 
     </span>
     <span class='ocr_line' id='line_1_17' title="bbox 93 1245 1055 1296; baseline 0 -11"><span class='ocrx_word' id='word_1_93' title='bbox 93 1247 262 1296; x_wconf 84' lang='lat' dir='ltr'>aliisque</span> <span class='ocrx_word' id='word_1_94' title='bbox 291 1257 340 1284; x_wconf 80' lang='lat' dir='ltr'>ex</span> <span class='ocrx_word' id='word_1_95' title='bbox 372 1247 514 1283; x_wconf 87' lang='lat' dir='ltr'>merito</span> <span class='ocrx_word' id='word_1_96' title='bbox 544 1245 749 1283; x_wconf 88' lang='lat' dir='ltr'>laudatum</span> <span class='ocrx_word' id='word_1_97' title='bbox 789 1247 948 1296; x_wconf 84' lang='lat' dir='ltr'>scripsit</span> <span class='ocrx_word' id='word_1_98' title='bbox 978 1248 1055 1285; x_wconf 82' lang='lat' dir='ltr'>lta—</span> 
     </span>
     <span class='ocr_line' id='line_1_18' title="bbox 89 1305 1053 1356; baseline -0.002 -10"><span class='ocrx_word' id='word_1_99' title='bbox 89 1309 164 1346; x_wconf 85' lang='lat' dir='ltr'>lice</span> <span class='ocrx_word' id='word_1_100' title='bbox 190 1318 267 1345; x_wconf 93' lang='lat' dir='ltr'>non</span> <span class='ocrx_word' id='word_1_101' title='bbox 301 1308 464 1354; x_wconf 81' lang='lat' dir='ltr'>Latine,</span> <span class='ocrx_word' id='word_1_102' title='bbox 491 1305 595 1356; x_wconf 90' lang='lat' dir='ltr'>quod</span> <span class='ocrx_word' id='word_1_103' title='bbox 619 1316 720 1356; x_wconf 91' lang='lat' dir='ltr'>opus</span> <span class='ocrx_word' id='word_1_104' title='bbox 744 1311 833 1356; x_wconf 89' lang='lat' dir='ltr'>post</span> <span class='ocrx_word' id='word_1_105' title='bbox 857 1307 1053 1344; x_wconf 74' lang='lat' dir='ltr'>editiones</span> 
     </span>
     <span class='ocr_line' id='line_1_19' title="bbox 87 1366 1053 1419; baseline -0.001 -12"><span class='ocrx_word' id='word_1_106' title='bbox 87 1368 412 1419; x_wconf 48' lang='lat' dir='ltr'>FlorentinasssAA</span> <span class='ocrx_word' id='word_1_107' title='bbox 425 1369 515 1416; x_wconf 81' lang='lat'>568,</span> <span class='ocrx_word' id='word_1_108' title='bbox 536 1368 652 1406; x_wconf 77' lang='lat'>4598.</span> <span class='ocrx_word' id='word_1_109' title='bbox 670 1366 694 1405; x_wconf 78' lang='grc'>4</span> <span class='ocrx_word' id='word_1_110' title='bbox 708 1372 748 1405; x_wconf 87' lang='lat' dir='ltr'>et</span> <span class='ocrx_word' id='word_1_111' title='bbox 767 1367 833 1406; x_wconf 87' lang='grc'>171</span> <span class='ocrx_word' id='word_1_112' title='bbox 846 1369 1053 1418; x_wconf 60' lang='grc'>80351133-</span> 
     </span>
     <span class='ocr_line' id='line_1_20' title="bbox 89 1428 1051 1479; baseline -0.005 -11"><span class='ocrx_word' id='word_1_113' title='bbox 89 1432 184 1478; x_wconf 88' lang='lat' dir='ltr'>tius,</span> <span class='ocrx_word' id='word_1_114' title='bbox 200 1429 377 1469; x_wconf 88' lang='lat' dir='ltr'>adhibito</span> <span class='ocrx_word' id='word_1_115' title='bbox 393 1429 661 1479; x_wconf 80' lang='lat' dir='ltr'>Manuscripto</span> <span class='ocrx_word' id='word_1_116' title='bbox 687 1428 832 1467; x_wconf 84' lang='lat' dir='ltr'>Codice</span> <span class='ocrx_word' id='word_1_117' title='bbox 850 1429 1051 1467; x_wconf 88' lang='lat' dir='ltr'>illustriss.</span> 
     </span>
     <span class='ocr_line' id='line_1_21' title="bbox 87 1490 1052 1541; baseline -0.004 -10"><span class='ocrx_word' id='word_1_118' title='bbox 87 1491 326 1531; x_wconf 88' lang='lat' dir='ltr'>Marchionis</span> <span class='ocrx_word' id='word_1_119' title='bbox 357 1491 517 1541; x_wconf 81' lang='lat' dir='ltr'>Giugni,</span> <span class='ocrx_word' id='word_1_120' title='bbox 548 1490 658 1529; x_wconf 90' lang='lat' dir='ltr'>Civis</span> <span class='ocrx_word' id='word_1_121' title='bbox 676 1490 889 1528; x_wconf 86' lang='lat' dir='ltr'>Florentini</span> <span class='ocrx_word' id='word_1_122' title='bbox 916 1490 1052 1529; x_wconf 87' lang='lat' dir='ltr'>recudi</span> 
     </span>
     <span class='ocr_line' id='line_1_22' title="bbox 91 1552 1055 1599; baseline -0.001 -8"><span class='ocrx_word' id='word_1_123' title='bbox 91 1553 183 1592; x_wconf 85' lang='lat' dir='ltr'>fecit</span> <span class='ocrx_word' id='word_1_124' title='bbox 211 1553 500 1599; x_wconf 80' lang='lat' dir='ltr'>celeberrimus</span> <span class='ocrx_word' id='word_1_125' title='bbox 530 1553 770 1590; x_wconf 84' lang='lat' dir='ltr'>Muratorius</span> <span class='ocrx_word' id='word_1_126' title='bbox 801 1554 837 1589; x_wconf 92' lang='lat' dir='ltr'>in</span> <span class='ocrx_word' id='word_1_127' title='bbox 865 1552 1055 1590; x_wconf 84' lang='lat' dir='ltr'>thesauro</span> 
     </span>
     <span class='ocr_line' id='line_1_23' title="bbox 87 1612 1051 1666; baseline -0.001 -13"><span class='ocrx_word' id='word_1_128' title='bbox 87 1617 325 1666; x_wconf 87' lang='lat' dir='ltr'>scriptorum</span> <span class='ocrx_word' id='word_1_129' title='bbox 341 1615 475 1653; x_wconf 88' lang='lat' dir='ltr'>ltaliae</span> <span class='ocrx_word' id='word_1_130' title='bbox 489 1612 799 1662; x_wconf 87' lang='lat' dir='ltr'>Mediolanensi,</span> <span class='ocrx_word' id='word_1_131' title='bbox 816 1618 923 1651; x_wconf 85' lang='lat' dir='ltr'>tomo</span> <span class='ocrx_word' id='word_1_132' title='bbox 944 1618 1051 1652; x_wconf 84' lang='lat' dir='ltr'>octa—</span> 
     </span>
     <span class='ocr_line' id='line_1_24' title="bbox 88 1675 1055 1715; baseline -0.001 0"><span class='ocrx_word' id='word_1_133' title='bbox 88 1687 168 1715; x_wconf 87' lang='lat' dir='ltr'>vo:</span> <span class='ocrx_word' id='word_1_134' title='bbox 199 1688 276 1715; x_wconf 89' lang='lat' dir='ltr'>una</span> <span class='ocrx_word' id='word_1_135' title='bbox 305 1687 397 1715; x_wconf 87' lang='lat' dir='ltr'>cum</span> <span class='ocrx_word' id='word_1_136' title='bbox 428 1676 727 1714; x_wconf 81' lang='lat' dir='ltr'>continuatione</span> <span class='ocrx_word' id='word_1_137' title='bbox 750 1675 946 1714; x_wconf 76' lang='lat' dir='ltr'>Jaccheccz·</span> <span class='ocrx_word' id='word_1_138' title='bbox 962 1676 1055 1715; x_wconf 88' lang='lat' dir='ltr'>MA-</span> 
     </span>
     <span class='ocr_line' id='line_1_25' title="bbox 92 1737 1053 1787; baseline -0.001 -10"><span class='ocrx_word' id='word_1_139' title='bbox 92 1738 342 1778; x_wconf 88' lang='lat' dir='ltr'><strong>LASPINAE</strong></span> <span class='ocrx_word' id='word_1_140' title='bbox 373 1750 421 1776; x_wconf 82' lang='lat' dir='ltr'>ex</span> <span class='ocrx_word' id='word_1_141' title='bbox 452 1738 574 1776; x_wconf 86' lang='lat' dir='ltr'>fratre</span> <span class='ocrx_word' id='word_1_142' title='bbox 604 1738 767 1787; x_wconf 82' lang='lat' dir='ltr'>Nepotis</span> <span class='ocrx_word' id='word_1_143' title='bbox 789 1748 918 1787; x_wconf 88' lang='lat' dir='ltr'>usque</span> <span class='ocrx_word' id='word_1_144' title='bbox 939 1737 988 1776; x_wconf 87' lang='lat' dir='ltr'>ad</span> <span class='ocrx_word' id='word_1_145' title='bbox 1009 1737 1053 1776; x_wconf 88' lang='lat' dir='ltr'>A.</span> 
     </span>
     <span class='ocr_line' id='line_1_26' title="bbox 95 1799 1057 1851; baseline -0.001 -12"><span class='ocrx_word' id='word_1_146' title='bbox 95 1801 199 1843; x_wconf 77' lang='grc'>1286</span> <span class='ocrx_word' id='word_1_147' title='bbox 231 1805 321 1851; x_wconf 84' lang='lat' dir='ltr'>(non</span> <span class='ocrx_word' id='word_1_148' title='bbox 355 1800 458 1840; x_wconf 87' lang='grc'>1296</span> <span class='ocrx_word' id='word_1_149' title='bbox 485 1803 528 1838; x_wconf 87' lang='lat' dir='ltr'>ut</span> <span class='ocrx_word' id='word_1_150' title='bbox 557 1803 620 1837; x_wconf 87' lang='lat' dir='ltr'>est</span> <span class='ocrx_word' id='word_1_151' title='bbox 650 1800 687 1836; x_wconf 91' lang='lat' dir='ltr'>in</span> <span class='ocrx_word' id='word_1_152' title='bbox 719 1799 1057 1850; x_wconf 89' lang='lat' dir='ltr'>Ephemeridibus</span> 
     </span>
     <span class='ocr_line' id='line_1_27' title="bbox 92 1861 1055 1912; baseline -0.003 -11"><span class='ocrx_word' id='word_1_153' title='bbox 92 1863 280 1902; x_wconf 88' lang='lat' dir='ltr'>eruditor.</span> <span class='ocrx_word' id='word_1_154' title='bbox 301 1863 421 1901; x_wconf 87' lang='lat' dir='ltr'>Paris.</span> <span class='ocrx_word' id='word_1_155' title='bbox 443 1873 505 1900; x_wconf 89' lang='lat' dir='ltr'>an.</span> <span class='ocrx_word' id='word_1_156' title='bbox 527 1861 629 1901; x_wconf 87' lang='grc'>1733</span> <span class='ocrx_word' id='word_1_157' title='bbox 655 1873 691 1912; x_wconf 87' lang='lat' dir='ltr'>p.</span> <span class='ocrx_word' id='word_1_158' title='bbox 719 1862 793 1899; x_wconf 91' lang='grc'>490</span> <span class='ocrx_word' id='word_1_159' title='bbox 812 1861 906 1900; x_wconf 86' lang='lat' dir='ltr'>edit.</span> <span class='ocrx_word' id='word_1_160' title='bbox 925 1862 1055 1911; x_wconf 76' lang='lat' dir='ltr'>Amst)</span> 
     </span>
    </p>

    <p class='ocr_par' dir='ltr' id='par_1_6' title="bbox 94 1922 1065 3024">
     <span class='ocr_line' id='line_1_28' title="bbox 147 1922 1060 1972; baseline 0 -10"><span class='ocrx_word' id='word_1_161' title='bbox 147 1922 258 1963; x_wconf 85' lang='lat' dir='ltr'>Saba</span> <span class='ocrx_word' id='word_1_162' title='bbox 293 1924 330 1971; x_wconf 93' lang='lat' dir='ltr'>b)</span> <span class='ocrx_word' id='word_1_163' title='bbox 364 1922 650 1963; x_wconf 83' lang='lat' dir='ltr'><strong>MALASPINA</strong></span> <span class='ocrx_word' id='word_1_164' title='bbox 681 1924 882 1962; x_wconf 84' lang='lat' dir='ltr'>Romanus</span> <span class='ocrx_word' id='word_1_165' title='bbox 905 1953 912 1972; x_wconf 82' lang='lat'>,</span> <span class='ocrx_word' id='word_1_166' title='bbox 937 1925 1060 1962; x_wconf 87' lang='lat' dir='ltr'>Deca-</span> 
     </span>
     <span class='ocr_line' id='line_1_29' title="bbox 96 1985 1059 2025; baseline 0 -1"><span class='ocrx_word' id='word_1_167' title='bbox 96 1997 172 2025; x_wconf 92' lang='lat' dir='ltr'>nus</span> <span class='ocrx_word' id='word_1_168' title='bbox 208 1985 440 2024; x_wconf 83' lang='lat' dir='ltr'>Malthensis</span> <span class='ocrx_word' id='word_1_169' title='bbox 478 1990 519 2024; x_wconf 91' lang='lat' dir='ltr'>et</span> <span class='ocrx_word' id='word_1_170' title='bbox 557 1987 806 2024; x_wconf 86' lang='lat' dir='ltr'>Secretarius</span> <span class='ocrx_word' id='word_1_171' title='bbox 845 1986 1059 2024; x_wconf 81' lang='lat' dir='ltr'>Pontificiis</span> 
     </span>
     <span class='ocr_line' id='line_1_30' title="bbox 94 2045 1059 2098; baseline 0 -13"><span class='ocrx_word' id='word_1_172' title='bbox 94 2048 258 2085; x_wconf 85' lang='lat' dir='ltr'>Joannis</span> <span class='ocrx_word' id='word_1_173' title='bbox 289 2045 398 2086; x_wconf 86' lang='lat' dir='ltr'>XXI.</span> <span class='ocrx_word' id='word_1_174' title='bbox 445 2048 781 2098; x_wconf 78' lang='lat' dir='ltr'>scripsit-rerum</span> <span class='ocrx_word' id='word_1_175' title='bbox 827 2046 1059 2086; x_wconf 77' lang='lat' dir='ltr'>Sicularum</span> 
     </span>
     <span class='ocr_line' id='line_1_31' title="bbox 94 2106 1060 2159; baseline 0.001 -13"><span class='ocrx_word' id='word_1_176' title='bbox 94 2106 146 2146; x_wconf 87' lang='lat' dir='ltr'>ab</span> <span class='ocrx_word' id='word_1_177' title='bbox 162 2119 226 2147; x_wconf 90' lang='lat' dir='ltr'>an.</span> <span class='ocrx_word' id='word_1_178' title='bbox 252 2109 355 2148; x_wconf 78' lang='grc'>1250</span> <span class='ocrx_word' id='word_1_179' title='bbox 380 2108 436 2147; x_wconf 87' lang='lat' dir='ltr'>ad</span> <span class='ocrx_word' id='word_1_180' title='bbox 455 2109 558 2148; x_wconf 84' lang='grc'>1276</span> <span class='ocrx_word' id='word_1_181' title='bbox 585 2107 706 2148; x_wconf 81' lang='lat' dir='ltr'>libros</span> <span class='ocrx_word' id='word_1_182' title='bbox 731 2120 821 2158; x_wconf 78' lang='lat' dir='ltr'>seoe,</span> <span class='ocrx_word' id='word_1_183' title='bbox 848 2111 937 2159; x_wconf 84' lang='lat' dir='ltr'>(non</span> <span class='ocrx_word' id='word_1_184' title='bbox 963 2109 1060 2148; x_wconf 72' lang='lat' dir='ltr'>duo-</span> 
     </span>
     <span class='ocr_line' id='line_1_32' title="bbox 96 2170 1059 2221; baseline 0.001 -13"><span class='ocrx_word' id='word_1_185' title='bbox 96 2170 224 2208; x_wconf 86' lang='lat' dir='ltr'>decim</span> <span class='ocrx_word' id='word_1_186' title='bbox 256 2175 300 2209; x_wconf 88' lang='lat' dir='ltr'>ut</span> <span class='ocrx_word' id='word_1_187' title='bbox 329 2171 437 2221; x_wconf 89' lang='lat' dir='ltr'>legas</span> <span class='ocrx_word' id='word_1_188' title='bbox 467 2171 505 2208; x_wconf 92' lang='lat' dir='ltr'>in</span> <span class='ocrx_word' id='word_1_189' title='bbox 536 2171 860 2221; x_wconf 80' lang='lat' dir='ltr'>ephemeridibus</span> <span class='ocrx_word' id='word_1_190' title='bbox 884 2171 1059 2209; x_wconf 88' lang='lat' dir='ltr'>erudito-</span> 
     </span>
     <span class='ocr_line' id='line_1_33' title="bbox 97 2232 1062 2284; baseline 0 -14"><span class='ocrx_word' id='word_1_191' title='bbox 97 2243 186 2271; x_wconf 87' lang='lat' dir='ltr'>rum</span> <span class='ocrx_word' id='word_1_192' title='bbox 216 2233 336 2271; x_wconf 87' lang='lat' dir='ltr'>Paris.</span> <span class='ocrx_word' id='word_1_193' title='bbox 366 2243 430 2271; x_wconf 87' lang='lat' dir='ltr'>an.</span> <span class='ocrx_word' id='word_1_194' title='bbox 463 2232 564 2272; x_wconf 87' lang='grc'>1733</span> <span class='ocrx_word' id='word_1_195' title='bbox 596 2244 681 2283; x_wconf 91' lang='lat' dir='ltr'>pag.</span> <span class='ocrx_word' id='word_1_196' title='bbox 715 2234 816 2281; x_wconf 87' lang='grc'>489.)</span> <span class='ocrx_word' id='word_1_197' title='bbox 838 2232 967 2271; x_wconf 88' lang='lat' dir='ltr'>editos</span> <span class='ocrx_word' id='word_1_198' title='bbox 984 2234 1062 2284; x_wconf 89' lang='lat' dir='ltr'>pri-</span> 
     </span>
     <span class='ocr_line' id='line_1_34' title="bbox 97 2294 1060 2346; baseline 0.001 -15"><span class='ocrx_word' id='word_1_199' title='bbox 97 2304 207 2332; x_wconf 90' lang='lat' dir='ltr'>mum</span> <span class='ocrx_word' id='word_1_200' title='bbox 239 2295 262 2332; x_wconf 85' lang='grc'>3</span> <span class='ocrx_word' id='word_1_201' title='bbox 291 2295 452 2334; x_wconf 88' lang='lat' dir='ltr'>Baluzio</span> <span class='ocrx_word' id='word_1_202' title='bbox 484 2299 579 2333; x_wconf 91' lang='lat' dir='ltr'>tom.</span> <span class='ocrx_word' id='word_1_203' title='bbox 610 2295 643 2332; x_wconf 93' lang='grc'>6.</span> <span class='ocrx_word' id='word_1_204' title='bbox 676 2295 836 2333; x_wconf 82' lang='lat' dir='ltr'>Miscell.</span> <span class='ocrx_word' id='word_1_205' title='bbox 869 2305 956 2346; x_wconf 90' lang='lat' dir='ltr'>pag,</span> <span class='ocrx_word' id='word_1_206' title='bbox 985 2294 1060 2334; x_wconf 87' lang='grc'>197</span> 
     </span>
     <span class='ocr_line' id='line_1_35' title="bbox 98 2355 1064 2396; baseline 0.002 -3"><span class='ocrx_word' id='word_1_207' title='bbox 98 2355 189 2393; x_wconf 85' lang='grc'>348.</span> <span class='ocrx_word' id='word_1_208' title='bbox 214 2357 334 2394; x_wconf 87' lang='lat' dir='ltr'>Paris.</span> <span class='ocrx_word' id='word_1_209' title='bbox 367 2356 470 2396; x_wconf 90' lang='grc'>1713</span> <span class='ocrx_word' id='word_1_210' title='bbox 501 2357 538 2394; x_wconf 91' lang='grc'>8.</span> <span class='ocrx_word' id='word_1_211' title='bbox 562 2368 611 2395; x_wconf 85' lang='lat' dir='ltr'>ex</span> <span class='ocrx_word' id='word_1_212' title='bbox 638 2356 782 2396; x_wconf 89' lang='lat' dir='ltr'>Codice</span> <span class='ocrx_word' id='word_1_213' title='bbox 808 2357 848 2394; x_wconf 91' lang='lat' dir='ltr'>in</span> <span class='ocrx_word' id='word_1_214' title='bbox 872 2357 950 2395; x_wconf 87' lang='lat' dir='ltr'>fine</span> <span class='ocrx_word' id='word_1_215' title='bbox 975 2369 1064 2395; x_wconf 91' lang='lat' dir='ltr'>mu-</span> 
     </span>
     <span class='ocr_line' id='line_1_36' title="bbox 97 2417 1062 2467; baseline 0.002 -13"><span class='ocrx_word' id='word_1_216' title='bbox 97 2417 191 2465; x_wconf 86' lang='lat' dir='ltr'>tilo,</span> <span class='ocrx_word' id='word_1_217' title='bbox 222 2419 289 2467; x_wconf 87' lang='lat' dir='ltr'>qui</span> <span class='ocrx_word' id='word_1_218' title='bbox 321 2429 370 2456; x_wconf 86' lang='lat' dir='ltr'>ex</span> <span class='ocrx_word' id='word_1_219' title='bbox 401 2418 545 2457; x_wconf 83' lang='lat' dir='ltr'>Codice</span> <span class='ocrx_word' id='word_1_220' title='bbox 575 2419 766 2457; x_wconf 85' lang='lat' dir='ltr'>Vaticano</span> <span class='ocrx_word' id='word_1_221' title='bbox 791 2418 995 2456; x_wconf 86' lang='lat' dir='ltr'>emendari</span> <span class='ocrx_word' id='word_1_222' title='bbox 1017 2429 1062 2457; x_wconf 90' lang='lat' dir='ltr'>ac</span> 
     </span>
     <span class='ocr_line' id='line_1_37' title="bbox 100 2479 1062 2529; baseline 0.002 -13"><span class='ocrx_word' id='word_1_223' title='bbox 100 2479 275 2529; x_wconf 85' lang='lat' dir='ltr'>suppleri</span> <span class='ocrx_word' id='word_1_224' title='bbox 309 2483 467 2529; x_wconf 85' lang='lat' dir='ltr'>potest,</span> <span class='ocrx_word' id='word_1_225' title='bbox 499 2484 542 2518; x_wconf 91' lang='lat' dir='ltr'>ut</span> <span class='ocrx_word' id='word_1_226' title='bbox 572 2484 734 2518; x_wconf 90' lang='lat' dir='ltr'>notatur</span> <span class='ocrx_word' id='word_1_227' title='bbox 758 2481 794 2517; x_wconf 90' lang='lat' dir='ltr'>in</span> <span class='ocrx_word' id='word_1_228' title='bbox 820 2481 949 2518; x_wconf 86' lang='lat' dir='ltr'>Diario</span> <span class='ocrx_word' id='word_1_229' title='bbox 975 2491 1062 2518; x_wconf 84' lang='lat' dir='ltr'>eru-</span> 
     </span>
     <span class='ocr_line' id='line_1_38' title="bbox 98 2539 1065 2591; baseline 0.003 -15"><span class='ocrx_word' id='word_1_230' title='bbox 98 2539 272 2578; x_wconf 85' lang='lat' dir='ltr'>ditorum</span> <span class='ocrx_word' id='word_1_231' title='bbox 316 2541 452 2579; x_wconf 89' lang='lat' dir='ltr'>ltaliae</span> <span class='ocrx_word' id='word_1_232' title='bbox 482 2546 578 2578; x_wconf 87' lang='lat' dir='ltr'>tom.</span> <span class='ocrx_word' id='word_1_233' title='bbox 607 2543 716 2579; x_wconf 81' lang='lat' dir='ltr'>XXI.</span> <span class='ocrx_word' id='word_1_234' title='bbox 747 2553 832 2591; x_wconf 84' lang='lat' dir='ltr'>pag.</span> <span class='ocrx_word' id='word_1_235' title='bbox 866 2541 953 2580; x_wconf 88' lang='grc'>437.</span> <span class='ocrx_word' id='word_1_236' title='bbox 992 2543 1065 2579; x_wconf 85' lang='lat' dir='ltr'>Ba-</span> 
     </span>
     <span class='ocr_line' id='line_1_39' title="bbox 99 2601 1063 2641; baseline 0 -1"><span class='ocrx_word' id='word_1_237' title='bbox 99 2601 190 2640; x_wconf 85' lang='lat' dir='ltr'>luzii</span> <span class='ocrx_word' id='word_1_238' title='bbox 212 2601 332 2640; x_wconf 88' lang='lat' dir='ltr'>editio</span> <span class='ocrx_word' id='word_1_239' title='bbox 357 2613 496 2641; x_wconf 86' lang='lat' dir='ltr'>recusa</span> <span class='ocrx_word' id='word_1_240' title='bbox 525 2603 562 2640; x_wconf 90' lang='lat' dir='ltr'>in</span> <span class='ocrx_word' id='word_1_241' title='bbox 588 2607 695 2640; x_wconf 90' lang='lat' dir='ltr'>tomo</span> <span class='ocrx_word' id='word_1_242' title='bbox 719 2607 860 2640; x_wconf 83' lang='lat' dir='ltr'>octavo</span> <span class='ocrx_word' id='word_1_243' title='bbox 887 2603 1063 2641; x_wconf 81' lang='lat' dir='ltr'>thesauri</span> 
     </span>
     <span class='ocr_line' id='line_1_40' title="bbox 98 2664 1064 2714; baseline 0 -12"><span class='ocrx_word' id='word_1_244' title='bbox 98 2664 233 2702; x_wconf 86' lang='lat' dir='ltr'>ltaliae</span> <span class='ocrx_word' id='word_1_245' title='bbox 277 2665 556 2703; x_wconf 86' lang='lat' dir='ltr'>Muratoriani:</span> <span class='ocrx_word' id='word_1_246' title='bbox 601 2669 641 2702; x_wconf 87' lang='lat' dir='ltr'>et</span> <span class='ocrx_word' id='word_1_247' title='bbox 685 2667 722 2702; x_wconf 87' lang='lat' dir='ltr'>in</span> <span class='ocrx_word' id='word_1_248' title='bbox 761 2666 821 2702; x_wconf 83' lang='lat' dir='ltr'>Jo.</span> <span class='ocrx_word' id='word_1_249' title='bbox 865 2665 1064 2714; x_wconf 83' lang='lat' dir='ltr'>Baptistae</span> 
     </span>
     <span class='ocr_line' id='line_1_41' title="bbox 101 2726 1065 2765; baseline -0.003 0"><span class='ocrx_word' id='word_1_250' title='bbox 101 2726 255 2765; x_wconf 87' lang='lat' dir='ltr'>Carusii</span> <span class='ocrx_word' id='word_1_251' title='bbox 285 2731 393 2764; x_wconf 86' lang='lat' dir='ltr'>tomo</span> <span class='ocrx_word' id='word_1_252' title='bbox 424 2726 599 2765; x_wconf 87' lang='lat' dir='ltr'>secundo</span> <span class='ocrx_word' id='word_1_253' title='bbox 629 2727 726 2765; x_wconf 86' lang='lat' dir='ltr'>Bibl.</span> <span class='ocrx_word' id='word_1_254' title='bbox 759 2726 975 2764; x_wconf 83' lang='lat' dir='ltr'>ilistoricae</span> <span class='ocrx_word' id='word_1_255' title='bbox 1006 2726 1065 2764; x_wconf 88' lang='lat' dir='ltr'>Si-</span> 
     </span>
     <span class='ocr_line' id='line_1_42' title="bbox 99 2786 1065 2838; baseline -0.001 -13"><span class='ocrx_word' id='word_1_256' title='bbox 99 2787 236 2825; x_wconf 88' lang='lat' dir='ltr'>ciliae:</span> <span class='ocrx_word' id='word_1_257' title='bbox 262 2799 308 2826; x_wconf 89' lang='lat' dir='ltr'>ac</span> <span class='ocrx_word' id='word_1_258' title='bbox 332 2786 506 2838; x_wconf 88' lang='lat' dir='ltr'>denique</span> <span class='ocrx_word' id='word_1_259' title='bbox 525 2789 562 2825; x_wconf 90' lang='lat' dir='ltr'>in</span> <span class='ocrx_word' id='word_1_260' title='bbox 581 2788 769 2826; x_wconf 84' lang='lat' dir='ltr'>thesauro</span> <span class='ocrx_word' id='word_1_261' title='bbox 788 2788 942 2826; x_wconf 83' lang='lat' dir='ltr'>Siciliae</span> <span class='ocrx_word' id='word_1_262' title='bbox 970 2789 1065 2825; x_wconf 81' lang='lat' dir='ltr'>Bur-</span> 
     </span>
     <span class='ocr_line' id='line_1_43' title="bbox 103 2849 1061 2900; baseline 0 -14"><span class='ocrx_word' id='word_1_263' title='bbox 103 2851 315 2888; x_wconf 87' lang='lat' dir='ltr'>manniano</span> <span class='ocrx_word' id='word_1_264' title='bbox 346 2855 458 2900; x_wconf 85' lang='lat' dir='ltr'>parte</span> <span class='ocrx_word' id='word_1_265' title='bbox 489 2851 654 2900; x_wconf 85' lang='lat' dir='ltr'>quinta,</span> <span class='ocrx_word' id='word_1_266' title='bbox 686 2849 911 2900; x_wconf 82' lang='lat' dir='ltr'>subjunctis</span> <span class='ocrx_word' id='word_1_267' title='bbox 941 2850 1061 2887; x_wconf 88' lang='lat' dir='ltr'>etiam</span> 
     </span>
     <span class='ocr_line' id='line_1_44' title="bbox 100 2910 1061 2952; baseline -0.001 -3"><span class='ocrx_word' id='word_1_268' title='bbox 100 2912 411 2950; x_wconf 81' lang='lat' dir='ltr'>continuat-ionis</span> <span class='ocrx_word' id='word_1_269' title='bbox 441 2912 525 2952; x_wconf 90' lang='lat' dir='ltr'>loco</span> <span class='ocrx_word' id='word_1_270' title='bbox 562 2912 671 2951; x_wconf 90' lang='lat' dir='ltr'>libris</span> <span class='ocrx_word' id='word_1_271' title='bbox 716 2913 814 2951; x_wconf 91' lang='lat' dir='ltr'>Vlll.</span> <span class='ocrx_word' id='word_1_272' title='bbox 859 2910 1061 2950; x_wconf 71' lang='lat' dir='ltr'>MCOLM</span> 
     </span>
     <span class='ocr_line' id='line_1_45' title="bbox 100 2971 865 3024; baseline 0.003 -15"><span class='ocrx_word' id='word_1_273' title='bbox 100 2971 321 3023; x_wconf 76' lang='lat' dir='ltr'>specialis,</span> <span class='ocrx_word' id='word_1_274' title='bbox 347 2972 396 3012; x_wconf 92' lang='lat' dir='ltr'>de</span> <span class='ocrx_word' id='word_1_275' title='bbox 425 2985 503 3024; x_wconf 83' lang='lat' dir='ltr'>quo</span> <span class='ocrx_word' id='word_1_276' title='bbox 535 2975 635 3013; x_wconf 84' lang='lat' dir='ltr'>infra</span> <span class='ocrx_word' id='word_1_277' title='bbox 665 2985 738 3013; x_wconf 91' lang='lat' dir='ltr'>suo</span> <span class='ocrx_word' id='word_1_278' title='bbox 770 2974 865 3012; x_wconf 77' lang='lat' dir='ltr'>loco.</span> 
     </span>
    </p>

    <p class='ocr_par' dir='ltr' id='par_1_7' title="bbox 100 3033 1063 3149">
     <span class='ocr_line' id='line_1_46' title="bbox 155 3033 1063 3087; baseline 0.002 -14"><span class='ocrx_word' id='word_1_279' title='bbox 155 3033 375 3087; x_wconf 83' lang='lat' dir='ltr'>Galfredus</span> <span class='ocrx_word' id='word_1_280' title='bbox 400 3034 446 3073; x_wconf 85' lang='lat' dir='ltr'>de</span> <span class='ocrx_word' id='word_1_281' title='bbox 470 3035 780 3076; x_wconf 78' lang='lat' dir='ltr'><strong>MALATERRA</strong></span> <span class='ocrx_word' id='word_1_282' title='bbox 796 3067 807 3086; x_wconf 83' lang='lat'>,</span> <span class='ocrx_word' id='word_1_283' title='bbox 830 3047 949 3087; x_wconf 89' lang='lat' dir='ltr'>supra</span> <span class='ocrx_word' id='word_1_284' title='bbox 968 3040 1063 3075; x_wconf 88' lang='lat' dir='ltr'>tom.</span> 
     </span>
     <span class='ocr_line' id='line_1_47' title="bbox 100 3096 351 3149; baseline -0.004 -15"><span class='ocrx_word' id='word_1_285' title='bbox 100 3096 140 3142; x_wconf 89' lang='lat'>3,</span> <span class='ocrx_word' id='word_1_286' title='bbox 169 3108 258 3149; x_wconf 82' lang='lat' dir='ltr'>pag.</span> <span class='ocrx_word' id='word_1_287' title='bbox 289 3098 351 3136; x_wconf 88' lang='grc'>10.</span> 
     </span>
    </p>
   </div>
   <div class='ocr_carea' id='block_1_5' title="bbox 150 3218 1076 3263">
    <p class='ocr_par' dir='ltr' id='par_1_8' title="bbox 150 3218 1076 3263">
     <span class='ocr_line' id='line_1_48' title="bbox 150 3218 1076 3263; baseline -0.002 -9"><span class='ocrx_word' id='word_1_288' title='bbox 150 3222 185 3263; x_wconf 82' lang='grc'>3)</span> <span class='ocrx_word' id='word_1_289' title='bbox 207 3219 290 3254; x_wconf 78' lang='lat' dir='ltr'>Vide</span> <span class='ocrx_word' id='word_1_290' title='bbox 315 3221 441 3253; x_wconf 73' lang='lat' dir='ltr'>lulium</span> <span class='ocrx_word' id='word_1_291' title='bbox 464 3221 602 3259; x_wconf 79' lang='lat' dir='ltr'>Nigrum</span> <span class='ocrx_word' id='word_1_292' title='bbox 626 3225 701 3258; x_wconf 79' lang='lat' dir='ltr'>pag.</span> <span class='ocrx_word' id='word_1_293' title='bbox 720 3218 793 3249; x_wconf 75' lang='lat'>484.</span> <span class='ocrx_word' id='word_1_294' title='bbox 818 3219 894 3251; x_wconf 86' lang='lat' dir='ltr'>hist.</span> <span class='ocrx_word' id='word_1_295' title='bbox 920 3221 1076 3260; x_wconf 84' lang='lat' dir='ltr'>Scripto-</span> 
     </span>
    </p>
   </div>
   <div class='ocr_carea' id='block_1_6' title="bbox 88 3272 484 3305">
    <p class='ocr_par' dir='ltr' id='par_1_9' title="bbox 88 3272 484 3305">
     <span class='ocr_line' id='line_1_49' title="bbox 88 3272 484 3305; baseline -0.013 0"><span class='ocrx_word' id='word_1_296' title='bbox 88 3281 163 3305; x_wconf 88' lang='lat' dir='ltr'>rum</span> <span class='ocrx_word' id='word_1_297' title='bbox 187 3272 223 3303; x_wconf 81' lang='lat' dir='ltr'>Fl</span> <span class='ocrx_word' id='word_1_298' title='bbox 232 3273 484 3304; x_wconf 82' lang='lat' dir='ltr'>orentiuoruin.</span> 
     </span>
    </p>
   </div>
   <div class='ocr_carea' id='block_1_7' title="bbox 150 3297 1073 3361">
    <p class='ocr_par' dir='ltr' id='par_1_10' title="bbox 150 3297 1073 3361">
     <span class='ocr_line' id='line_1_50' title="bbox 150 3297 1073 3361; baseline -0.003 -7"><span class='ocrx_word' id='word_1_299' title='bbox 150 3321 186 3361; x_wconf 86' lang='lat' dir='ltr'>b)</span> <span class='ocrx_word' id='word_1_300' title='bbox 208 3323 278 3352; x_wconf 82' lang='lat' dir='ltr'>Non</span> <span class='ocrx_word' id='word_1_301' title='bbox 301 3320 408 3354; x_wconf 80' lang='lat' dir='ltr'>salla</span> <span class='ocrx_word' id='word_1_302' title='bbox 431 3323 468 3351; x_wconf 90' lang='lat' dir='ltr'>ut</span> <span class='ocrx_word' id='word_1_303' title='bbox 491 3316 578 3357; x_wconf 81' lang='lat' dir='ltr'>apud</span> <span class='ocrx_word' id='word_1_304' title='bbox 604 3316 780 3347; x_wconf 80' lang='lat' dir='ltr'>Baluzium</span> <span class='ocrx_word' id='word_1_305' title='bbox 817 3320 841 3347; x_wconf 90' lang='lat' dir='ltr'>t.</span> <span class='ocrx_word' id='word_1_306' title='bbox 882 3320 935 3349; x_wconf 86' lang='lat' dir='ltr'>vl.</span> <span class='ocrx_word' id='word_1_307' title='bbox 976 3297 1073 3352; x_wconf 67' lang='lat' dir='ltr'>mise.</span> 
     </span>
    </p>
   </div>
   <div class='ocr_carea' id='block_1_8' title="bbox 92 3365 872 3412">
    <p class='ocr_par' dir='ltr' id='par_1_11' title="bbox 92 3365 872 3412">
     <span class='ocr_line' id='line_1_51' title="bbox 92 3365 872 3412; baseline -0.006 -10"><span class='ocrx_word' id='word_1_308' title='bbox 92 3379 168 3412; x_wconf 79' lang='lat' dir='ltr'>pag.</span> <span class='ocrx_word' id='word_1_309' title='bbox 196 3369 268 3402; x_wconf 83' lang='lat'>197.</span> <span class='ocrx_word' id='word_1_310' title='bbox 295 3373 326 3401; x_wconf 85' lang='lat' dir='ltr'>et</span> <span class='ocrx_word' id='word_1_311' title='bbox 353 3369 524 3401; x_wconf 86' lang='lat' dir='ltr'>oudinum</span> <span class='ocrx_word' id='word_1_312' title='bbox 550 3370 630 3398; x_wconf 87' lang='lat' dir='ltr'>tom.</span> <span class='ocrx_word' id='word_1_313' title='bbox 653 3366 670 3396; x_wconf 70' lang='lat'>3</span> <span class='ocrx_word' id='word_1_314' title='bbox 695 3373 770 3406; x_wconf 78' lang='lat' dir='ltr'>pag.</span> <span class='ocrx_word' id='word_1_315' title='bbox 800 3365 872 3397; x_wconf 77' lang='grc'>482.</span> 
     </span>
    </p>
   </div>
   <div class='ocr_carea' id='block_1_9' title="bbox 1124 312 2108 3147">
    <p class='ocr_par' dir='ltr' id='par_1_12' title="bbox 1124 312 2099 1586">
     <span class='ocr_line' id='line_1_52' title="bbox 1182 312 2092 366; baseline 0.002 -14"><span class='ocrx_word' id='word_1_316' title='bbox 1182 312 1355 352; x_wconf 79' lang='lat' dir='ltr'>Carolus</span> <span class='ocrx_word' id='word_1_317' title='bbox 1379 314 1427 352; x_wconf 82' lang='lat' dir='ltr'>de</span> <span class='ocrx_word' id='word_1_318' title='bbox 1450 314 1789 363; x_wconf 68' lang='lat' dir='ltr'>MALATESTffi,</span> <span class='ocrx_word' id='word_1_319' title='bbox 1805 315 1981 366; x_wconf 76' lang='lat' dir='ltr'>Gregorii</span> <span class='ocrx_word' id='word_1_320' title='bbox 2001 317 2092 354; x_wconf 87' lang='lat' dir='ltr'>Xll·</span> 
     </span>
     <span class='ocr_line' id='line_1_53' title="bbox 1128 375 2091 427; baseline 0.002 -14"><span class='ocrx_word' id='word_1_321' title='bbox 1128 377 1363 414; x_wconf 85' lang='lat' dir='ltr'>Procurator</span> <span class='ocrx_word' id='word_1_322' title='bbox 1391 375 1439 414; x_wconf 86' lang='lat' dir='ltr'>ad</span> <span class='ocrx_word' id='word_1_323' title='bbox 1471 387 1624 414; x_wconf 86' lang='lat' dir='ltr'>sacram</span> <span class='ocrx_word' id='word_1_324' title='bbox 1658 378 1845 416; x_wconf 89' lang='lat' dir='ltr'>unionem</span> <span class='ocrx_word' id='word_1_325' title='bbox 1883 376 2091 427; x_wconf 76' lang='lat' dir='ltr'>perficien-</span> 
     </span>
     <span class='ocr_line' id='line_1_54' title="bbox 1126 436 2090 488; baseline -0.001 -12"><span class='ocrx_word' id='word_1_326' title='bbox 1126 437 1216 476; x_wconf 86' lang='lat' dir='ltr'>dam</span> <span class='ocrx_word' id='word_1_327' title='bbox 1249 439 1287 475; x_wconf 90' lang='lat' dir='ltr'>in</span> <span class='ocrx_word' id='word_1_328' title='bbox 1320 437 1494 476; x_wconf 87' lang='lat' dir='ltr'>Concilio</span> <span class='ocrx_word' id='word_1_329' title='bbox 1519 436 1829 478; x_wconf 86' lang='lat' dir='ltr'>Constantiensi.</span> <span class='ocrx_word' id='word_1_330' title='bbox 1857 438 1982 488; x_wconf 80' lang='lat' dir='ltr'>llujus</span> <span class='ocrx_word' id='word_1_331' title='bbox 1999 439 2090 488; x_wconf 86' lang='lat' dir='ltr'>Epi-</span> 
     </span>
     <span class='ocr_line' id='line_1_55' title="bbox 1127 498 2091 549; baseline 0 -12"><span class='ocrx_word' id='word_1_332' title='bbox 1127 499 1252 537; x_wconf 88' lang='lat' dir='ltr'>stolae</span> <span class='ocrx_word' id='word_1_333' title='bbox 1282 510 1345 537; x_wconf 88' lang='lat' dir='ltr'>an.</span> <span class='ocrx_word' id='word_1_334' title='bbox 1379 498 1483 538; x_wconf 83' lang='grc'>1415</span> <span class='ocrx_word' id='word_1_335' title='bbox 1513 510 1596 549; x_wconf 81' lang='lat' dir='ltr'>seq.</span> <span class='ocrx_word' id='word_1_336' title='bbox 1638 500 1753 539; x_wconf 88' lang='lat' dir='ltr'>datae</span> <span class='ocrx_word' id='word_1_337' title='bbox 1785 502 1821 538; x_wconf 91' lang='lat' dir='ltr'>in</span> <span class='ocrx_word' id='word_1_338' title='bbox 1868 501 2091 540; x_wconf 84' lang='lat' dir='ltr'>Clarissimi</span> 
     </span>
     <span class='ocr_line' id='line_1_56' title="bbox 1128 560 2093 601; baseline 0.002 -3"><span class='ocrx_word' id='word_1_339' title='bbox 1128 560 1284 599; x_wconf 86' lang='lat' dir='ltr'>Hardtii</span> <span class='ocrx_word' id='word_1_340' title='bbox 1328 561 1496 599; x_wconf 81' lang='lat' dir='ltr'>Historia</span> <span class='ocrx_word' id='word_1_341' title='bbox 1542 561 1646 599; x_wconf 88' lang='lat' dir='ltr'>illius</span> <span class='ocrx_word' id='word_1_342' title='bbox 1692 563 1854 601; x_wconf 89' lang='lat' dir='ltr'>Concilii</span> <span class='ocrx_word' id='word_1_343' title='bbox 1897 568 1992 600; x_wconf 89' lang='lat' dir='ltr'>tom.</span> <span class='ocrx_word' id='word_1_344' title='bbox 2032 563 2093 601; x_wconf 78' lang='lat' dir='ltr'>lv.</span> 
     </span>
     <span class='ocr_line' id='line_1_57' title="bbox 1128 622 2094 674; baseline 0 -12"><span class='ocrx_word' id='word_1_345' title='bbox 1128 634 1213 674; x_wconf 89' lang='lat' dir='ltr'>pag.</span> <span class='ocrx_word' id='word_1_346' title='bbox 1246 622 1322 662; x_wconf 91' lang='grc'>177</span> <span class='ocrx_word' id='word_1_347' title='bbox 1352 623 1421 661; x_wconf 78' lang='grc'>341</span> <span class='ocrx_word' id='word_1_348' title='bbox 1460 623 1536 661; x_wconf 82' lang='grc'>346</span> <span class='ocrx_word' id='word_1_349' title='bbox 1567 628 1607 661; x_wconf 85' lang='lat' dir='ltr'>et</span> <span class='ocrx_word' id='word_1_350' title='bbox 1637 625 1725 662; x_wconf 88' lang='grc'>380.</span> <span class='ocrx_word' id='word_1_351' title='bbox 1757 624 1972 664; x_wconf 70' lang='lat' dir='ltr'>Nereidum</span> <span class='ocrx_word' id='word_1_352' title='bbox 2001 636 2094 663; x_wconf 82' lang='lat' dir='ltr'>can-</span> 
     </span>
     <span class='ocr_line' id='line_1_58' title="bbox 1127 684 2093 733; baseline 0.001 -10"><span class='ocrx_word' id='word_1_353' title='bbox 1127 688 1190 723; x_wconf 83' lang='lat' dir='ltr'>tus</span> <span class='ocrx_word' id='word_1_354' title='bbox 1228 684 1276 724; x_wconf 90' lang='lat' dir='ltr'>ad</span> <span class='ocrx_word' id='word_1_355' title='bbox 1314 686 1509 723; x_wconf 88' lang='lat' dir='ltr'>Joannem</span> <span class='ocrx_word' id='word_1_356' title='bbox 1544 685 1826 733; x_wconf 84' lang='lat' dir='ltr'>Austriaeum‚</span> <span class='ocrx_word' id='word_1_357' title='bbox 1874 689 1960 726; x_wconf 91' lang='lat' dir='ltr'>sive</span> <span class='ocrx_word' id='word_1_358' title='bbox 1997 687 2093 726; x_wconf 91' lang='lat' dir='ltr'>Car-</span> 
     </span>
     <span class='ocr_line' id='line_1_59' title="bbox 1129 748 2094 798; baseline 0 -13"><span class='ocrx_word' id='word_1_359' title='bbox 1129 759 1219 785; x_wconf 85' lang='lat' dir='ltr'>men</span> <span class='ocrx_word' id='word_1_360' title='bbox 1263 748 1419 798; x_wconf 80' lang='lat' dir='ltr'>epicum</span> <span class='ocrx_word' id='word_1_361' title='bbox 1466 748 1571 796; x_wconf 87' lang='lat' dir='ltr'>quod</span> <span class='ocrx_word' id='word_1_362' title='bbox 1616 749 1771 797; x_wconf 87' lang='lat' dir='ltr'>incipit:</span> <span class='ocrx_word' id='word_1_363' title='bbox 1811 749 1957 787; x_wconf 80' lang='lat' dir='ltr'>Littore</span> <span class='ocrx_word' id='word_1_364' title='bbox 2004 759 2094 786; x_wconf 82' lang='lat' dir='ltr'>cum</span> 
     </span>
     <span class='ocr_line' id='line_1_60' title="bbox 1124 807 2096 859; baseline 0.002 -13"><span class='ocrx_word' id='word_1_365' title='bbox 1124 808 1303 859; x_wconf 80' lang='lat' dir='ltr'>primum</span> <span class='ocrx_word' id='word_1_366' title='bbox 1338 807 1508 847; x_wconf 82' lang='lat' dir='ltr'>classem</span> <span class='ocrx_word' id='word_1_367' title='bbox 1554 808 1727 847; x_wconf 77' lang='lat' dir='ltr'>deduoeit</span> <span class='ocrx_word' id='word_1_368' title='bbox 1754 809 1893 859; x_wconf 78' lang='lat' dir='ltr'>Ibero,</span> <span class='ocrx_word' id='word_1_369' title='bbox 1926 812 1962 848; x_wconf 91' lang='lat' dir='ltr'>in</span> <span class='ocrx_word' id='word_1_370' title='bbox 1994 811 2096 848; x_wconf 89' lang='lat' dir='ltr'>Gru-</span> 
     </span>
     <span class='ocr_line' id='line_1_61' title="bbox 1129 871 2094 921; baseline 0 -12"><span class='ocrx_word' id='word_1_371' title='bbox 1129 873 1202 909; x_wconf 91' lang='lat' dir='ltr'>teri</span> <span class='ocrx_word' id='word_1_372' title='bbox 1233 871 1386 910; x_wconf 86' lang='lat' dir='ltr'>deliciis</span> <span class='ocrx_word' id='word_1_373' title='bbox 1420 876 1626 921; x_wconf 88' lang='lat' dir='ltr'>poetarum</span> <span class='ocrx_word' id='word_1_374' title='bbox 1652 871 1868 919; x_wconf 59' lang='lat' dir='ltr'>Italorum.</span> <span class='ocrx_word' id='word_1_375' title='bbox 1895 873 1932 909; x_wconf 87' lang='lat' dir='ltr'>in</span> <span class='ocrx_word' id='word_1_376' title='bbox 1959 873 2094 910; x_wconf 89' lang='lat' dir='ltr'>limine</span> 
     </span>
     <span class='ocr_line' id='line_1_62' title="bbox 1130 931 2092 983; baseline -0.002 -12"><span class='ocrx_word' id='word_1_377' title='bbox 1130 934 1223 971; x_wconf 91' lang='lat' dir='ltr'>tomi</span> <span class='ocrx_word' id='word_1_378' title='bbox 1255 932 1435 971; x_wconf 87' lang='lat' dir='ltr'>secundi.</span> <span class='ocrx_word' id='word_1_379' title='bbox 1467 931 1488 955; x_wconf 69' lang='lat'>³¹⁶</span> <span class='ocrx_word' id='word_1_380' title='bbox 1511 933 1730 983; x_wconf 85' lang='lat' dir='ltr'>Epistolam</span> <span class='ocrx_word' id='word_1_381' title='bbox 1758 933 1865 971; x_wconf 89' lang='lat' dir='ltr'>illam</span> <span class='ocrx_word' id='word_1_382' title='bbox 1904 934 2092 983; x_wconf 84' lang='lat' dir='ltr'>anonymi</span> 
     </span>
     <span class='ocr_line' id='line_1_63' title="bbox 1129 994 2092 1046; baseline -0.003 -12"><span class='ocrx_word' id='word_1_383' title='bbox 1129 995 1177 1034; x_wconf 88' lang='lat' dir='ltr'>ad</span> <span class='ocrx_word' id='word_1_384' title='bbox 1209 994 1442 1034; x_wconf 75' lang='lat' dir='ltr'>Cardinales</span> <span class='ocrx_word' id='word_1_385' title='bbox 1467 996 1571 1033; x_wconf 90' lang='lat' dir='ltr'>Pisis</span> <span class='ocrx_word' id='word_1_386' title='bbox 1595 1000 1862 1046; x_wconf 87' lang='lat' dir='ltr'>congregatos</span> <span class='ocrx_word' id='word_1_387' title='bbox 1886 995 2092 1046; x_wconf 78' lang='lat' dir='ltr'>vulgatam</span> 
     </span>
     <span class='ocr_line' id='line_1_64' title="bbox 1128 1057 2095 1107; baseline -0.002 -11"><span class='ocrx_word' id='word_1_388' title='bbox 1128 1069 1189 1107; x_wconf 89' lang='lat' dir='ltr'>ap.</span> <span class='ocrx_word' id='word_1_389' title='bbox 1209 1058 1386 1095; x_wconf 87' lang='lat' dir='ltr'>Martene</span> <span class='ocrx_word' id='word_1_390' title='bbox 1412 1057 1498 1094; x_wconf 86' lang='lat' dir='ltr'>Vet.</span> <span class='ocrx_word' id='word_1_391' title='bbox 1522 1058 1623 1095; x_wconf 86' lang='lat' dir='ltr'>Mon.</span> <span class='ocrx_word' id='word_1_392' title='bbox 1650 1068 1737 1106; x_wconf 87' lang='lat' dir='ltr'>pag.</span> <span class='ocrx_word' id='word_1_393' title='bbox 1761 1057 1850 1094; x_wconf 89' lang='grc'>966.</span> <span class='ocrx_word' id='word_1_394' title='bbox 1877 1068 1998 1106; x_wconf 85' lang='lat' dir='ltr'>quam</span> <span class='ocrx_word' id='word_1_395' title='bbox 2023 1067 2095 1106; x_wconf 86' lang='lat' dir='ltr'>ego</span> 
     </span>
     <span class='ocr_line' id='line_1_65' title="bbox 1130 1117 2098 1168; baseline -0.002 -12"><span class='ocrx_word' id='word_1_396' title='bbox 1130 1117 1450 1156; x_wconf 84' lang='lat' dir='ltr'>transferendam</span> <span class='ocrx_word' id='word_1_397' title='bbox 1483 1117 1578 1156; x_wconf 85' lang='lat' dir='ltr'>duxi</span> <span class='ocrx_word' id='word_1_398' title='bbox 1611 1119 1646 1155; x_wconf 92' lang='lat' dir='ltr'>in</span> <span class='ocrx_word' id='word_1_399' title='bbox 1681 1118 1758 1155; x_wconf 86' lang='lat' dir='ltr'>vol.</span> <span class='ocrx_word' id='word_1_400' title='bbox 1788 1119 1851 1155; x_wconf 79' lang='lat' dir='ltr'>Vl.</span> <span class='ocrx_word' id='word_1_401' title='bbox 1881 1129 1970 1168; x_wconf 86' lang='lat' dir='ltr'>pag.</span> <span class='ocrx_word' id='word_1_402' title='bbox 2006 1118 2098 1155; x_wconf 75' lang='lat'>995.</span> 
     </span>
     <span class='ocr_line' id='line_1_66' title="bbox 1128 1178 2092 1230; baseline 0 -13"><span class='ocrx_word' id='word_1_403' title='bbox 1128 1181 1164 1217; x_wconf 92' lang='lat'>8.</span> <span class='ocrx_word' id='word_1_404' title='bbox 1196 1180 1472 1230; x_wconf 85' lang='lat' dir='ltr'>Supplementi</span> <span class='ocrx_word' id='word_1_405' title='bbox 1497 1179 1705 1218; x_wconf 83' lang='lat' dir='ltr'>Concilior.</span> <span class='ocrx_word' id='word_1_406' title='bbox 1729 1178 1778 1217; x_wconf 90' lang='lat' dir='ltr'>ad</span> <span class='ocrx_word' id='word_1_407' title='bbox 1803 1178 1987 1217; x_wconf 75' lang='lat' dir='ltr'>Car-olum</span> <span class='ocrx_word' id='word_1_408' title='bbox 2013 1180 2092 1217; x_wconf 83' lang='lat' dir='ltr'>Ma-</span> 
     </span>
     <span class='ocr_line' id='line_1_67' title="bbox 1131 1241 2095 1287; baseline -0.001 -8"><span class='ocrx_word' id='word_1_409' title='bbox 1131 1242 1316 1279; x_wconf 86' lang='lat' dir='ltr'>latestam</span> <span class='ocrx_word' id='word_1_410' title='bbox 1342 1241 1593 1279; x_wconf 85' lang='lat' dir='ltr'>referendam</span> <span class='ocrx_word' id='word_1_411' title='bbox 1628 1241 1749 1287; x_wconf 84' lang='lat' dir='ltr'>duxi,</span> <span class='ocrx_word' id='word_1_412' title='bbox 1781 1246 1824 1280; x_wconf 91' lang='lat' dir='ltr'>ut</span> <span class='ocrx_word' id='word_1_413' title='bbox 1851 1241 1996 1279; x_wconf 88' lang='lat' dir='ltr'>ibidem</span> <span class='ocrx_word' id='word_1_414' title='bbox 2026 1241 2095 1279; x_wconf 86' lang='lat' dir='ltr'>ad-</span> 
     </span>
     <span class='ocr_line' id='line_1_68' title="bbox 1132 1302 2098 1353; baseline -0.001 -13"><span class='ocrx_word' id='word_1_415' title='bbox 1132 1303 1281 1340; x_wconf 90' lang='lat' dir='ltr'>monui.</span> <span class='ocrx_word' id='word_1_416' title='bbox 1310 1302 1383 1339; x_wconf 84' lang='lat' dir='ltr'>Est</span> <span class='ocrx_word' id='word_1_417' title='bbox 1411 1303 1529 1340; x_wconf 85' lang='lat' dir='ltr'>etiam</span> <span class='ocrx_word' id='word_1_418' title='bbox 1556 1302 1647 1340; x_wconf 87' lang='lat' dir='ltr'>ibid.</span> <span class='ocrx_word' id='word_1_419' title='bbox 1673 1314 1736 1353; x_wconf 86' lang='lat' dir='ltr'>ap.</span> <span class='ocrx_word' id='word_1_420' title='bbox 1760 1304 1962 1350; x_wconf 86' lang='lat' dir='ltr'>Martene,</span> <span class='ocrx_word' id='word_1_421' title='bbox 1987 1306 2027 1340; x_wconf 87' lang='lat' dir='ltr'>et</span> <span class='ocrx_word' id='word_1_422' title='bbox 2059 1303 2098 1339; x_wconf 87' lang='lat' dir='ltr'>in</span> 
     </span>
     <span class='ocr_line' id='line_1_69' title="bbox 1131 1363 2093 1413; baseline 0 -12"><span class='ocrx_word' id='word_1_423' title='bbox 1131 1363 1335 1413; x_wconf 88' lang='lat' dir='ltr'>Supplem.</span> <span class='ocrx_word' id='word_1_424' title='bbox 1361 1363 1510 1401; x_wconf 89' lang='lat' dir='ltr'>Concil.</span> <span class='ocrx_word' id='word_1_425' title='bbox 1535 1365 1687 1413; x_wconf 81' lang='lat' dir='ltr'>prolixa</span> <span class='ocrx_word' id='word_1_426' title='bbox 1713 1366 1884 1402; x_wconf 86' lang='lat' dir='ltr'>narratio</span> <span class='ocrx_word' id='word_1_427' title='bbox 1909 1369 2093 1401; x_wconf 88' lang='lat' dir='ltr'>actorum</span> 
     </span>
     <span class='ocr_line' id='line_1_70' title="bbox 1130 1425 2095 1475; baseline -0.001 -12"><span class='ocrx_word' id='word_1_428' title='bbox 1130 1429 1170 1463; x_wconf 87' lang='lat' dir='ltr'>et</span> <span class='ocrx_word' id='word_1_429' title='bbox 1199 1429 1403 1475; x_wconf 86' lang='lat' dir='ltr'>gestorum</span> <span class='ocrx_word' id='word_1_430' title='bbox 1446 1426 1550 1463; x_wconf 84' lang='lat' dir='ltr'>inter</span> <span class='ocrx_word' id='word_1_431' title='bbox 1580 1425 1766 1464; x_wconf 87' lang='lat' dir='ltr'>Carolum</span> <span class='ocrx_word' id='word_1_432' title='bbox 1797 1425 1845 1463; x_wconf 88' lang='lat' dir='ltr'>de</span> <span class='ocrx_word' id='word_1_433' title='bbox 1875 1426 2095 1463; x_wconf 82' lang='lat' dir='ltr'>Malatestis</span> 
     </span>
     <span class='ocr_line' id='line_1_71' title="bbox 1130 1486 2099 1537; baseline 0 -12"><span class='ocrx_word' id='word_1_434' title='bbox 1130 1491 1170 1525; x_wconf 90' lang='lat' dir='ltr'>et</span> <span class='ocrx_word' id='word_1_435' title='bbox 1194 1486 1428 1524; x_wconf 85' lang='lat' dir='ltr'>Cardinales</span> <span class='ocrx_word' id='word_1_436' title='bbox 1452 1487 1553 1524; x_wconf 85' lang='lat' dir='ltr'>Pisis</span> <span class='ocrx_word' id='word_1_437' title='bbox 1575 1488 1799 1525; x_wconf 80' lang='lat' dir='ltr'>existentes</span> <span class='ocrx_word' id='word_1_438' title='bbox 1823 1498 1893 1537; x_wconf 79' lang='lat' dir='ltr'>pio</span> <span class='ocrx_word' id='word_1_439' title='bbox 1913 1488 2099 1525; x_wconf 81' lang='lat' dir='ltr'>extintio—</span> 
     </span>
     <span class='ocr_line' id='line_1_72' title="bbox 1132 1547 1502 1586; baseline -0.005 0"><span class='ocrx_word' id='word_1_440' title='bbox 1132 1560 1181 1586; x_wconf 89' lang='lat' dir='ltr'>ne</span> <span class='ocrx_word' id='word_1_441' title='bbox 1211 1548 1453 1586; x_wconf 88' lang='lat' dir='ltr'>schismatis.</span> <span class='ocrx_word' id='word_1_442' title='bbox 1480 1547 1502 1569; x_wconf 50' lang='grc' dir='ltr'>*ἓ</span> 
     </span>
    </p>

    <p class='ocr_par' dir='ltr' id='par_1_13' title="bbox 1134 1608 2103 1908">
     <span class='ocr_line' id='line_1_73' title="bbox 1188 1608 2100 1660; baseline 0 -12"><span class='ocrx_word' id='word_1_443' title='bbox 1188 1612 1260 1648; x_wconf 91' lang='lat' dir='ltr'>Pro</span> <span class='ocrx_word' id='word_1_444' title='bbox 1277 1608 1529 1660; x_wconf 65' lang='lat' dir='ltr'>Szyismunclo</span> <span class='ocrx_word' id='word_1_445' title='bbox 1543 1608 1775 1660; x_wconf 75' lang='lat' dir='ltr'>Pandulplzo</span> <span class='ocrx_word' id='word_1_446' title='bbox 1795 1611 1830 1648; x_wconf 84' lang='lat' dir='ltr'>M</span> <span class='ocrx_word' id='word_1_447' title='bbox 1836 1609 2100 1648; x_wconf 72' lang='lat' dir='ltr'><strong>ALATESTA</strong></span> 
     </span>
     <span class='ocr_line' id='line_1_74' title="bbox 1134 1672 2098 1722; baseline -0.001 -11"><span class='ocrx_word' id='word_1_448' title='bbox 1134 1673 1329 1722; x_wconf 80' lang='lat' dir='ltr'>Principe,</span> <span class='ocrx_word' id='word_1_449' title='bbox 1351 1672 1530 1722; x_wconf 86' lang='lat' dir='ltr'>Epistola</span> <span class='ocrx_word' id='word_1_450' title='bbox 1543 1677 1637 1710; x_wconf 86' lang='lat' dir='ltr'>ante</span> <span class='ocrx_word' id='word_1_451' title='bbox 1654 1684 1688 1710; x_wconf 90' lang='lat' dir='ltr'>a.</span> <span class='ocrx_word' id='word_1_452' title='bbox 1711 1673 1815 1711; x_wconf 81' lang='grc'>1465</span> <span class='ocrx_word' id='word_1_453' title='bbox 1829 1673 1977 1722; x_wconf 86' lang='lat' dir='ltr'>scripta</span> <span class='ocrx_word' id='word_1_454' title='bbox 1995 1673 2015 1710; x_wconf 80' lang='lat' dir='ltr'>a</span> <span class='ocrx_word' id='word_1_455' title='bbox 2033 1673 2098 1721; x_wconf 82' lang='lat' dir='ltr'>Ro</span> 
     </span>
     <span class='ocr_line' id='line_1_75' title="bbox 1141 1733 2103 1782; baseline -0.004 -8"><span class='ocrx_word' id='word_1_456' title='bbox 1141 1734 1306 1774; x_wconf 83' lang='lat' dir='ltr'>BERTO</span> <span class='ocrx_word' id='word_1_457' title='bbox 1321 1734 1622 1782; x_wconf 74' lang='lat' dir='ltr'>VALTURRIO,</span> <span class='ocrx_word' id='word_1_458' title='bbox 1634 1734 1878 1772; x_wconf 85' lang='lat' dir='ltr'>Ariminensi</span> <span class='ocrx_word' id='word_1_459' title='bbox 1891 1733 1937 1772; x_wconf 86' lang='lat' dir='ltr'>ad</span> <span class='ocrx_word' id='word_1_460' title='bbox 1949 1734 2103 1772; x_wconf 82' lang='lat' dir='ltr'>Macho-</span> 
     </span>
     <span class='ocr_line' id='line_1_76' title="bbox 1139 1796 2097 1846; baseline -0.002 -10"><span class='ocrx_word' id='word_1_461' title='bbox 1139 1801 1222 1836; x_wconf 91' lang='lat' dir='ltr'>met</span> <span class='ocrx_word' id='word_1_462' title='bbox 1240 1798 1321 1845; x_wconf 86' lang='lat' dir='ltr'>Bei,</span> <span class='ocrx_word' id='word_1_463' title='bbox 1342 1808 1531 1846; x_wconf 85' lang='lat' dir='ltr'>magnum</span> <span class='ocrx_word' id='word_1_464' title='bbox 1551 1796 1792 1835; x_wconf 88' lang='lat' dir='ltr'>admiratum</span> <span class='ocrx_word' id='word_1_465' title='bbox 1813 1801 1852 1834; x_wconf 88' lang='lat' dir='ltr'>et</span> <span class='ocrx_word' id='word_1_466' title='bbox 1882 1797 2097 1835; x_wconf 86' lang='lat' dir='ltr'>Sultanum</span> 
     </span>
     <span class='ocr_line' id='line_1_77' title="bbox 1139 1857 2098 1908; baseline -0.001 -11"><span class='ocrx_word' id='word_1_467' title='bbox 1139 1860 1381 1906; x_wconf 88' lang='lat' dir='ltr'>Turcicum,</span> <span class='ocrx_word' id='word_1_468' title='bbox 1415 1860 1452 1895; x_wconf 88' lang='lat' dir='ltr'>in</span> <span class='ocrx_word' id='word_1_469' title='bbox 1484 1858 1632 1897; x_wconf 86' lang='lat' dir='ltr'>Baluzii</span> <span class='ocrx_word' id='word_1_470' title='bbox 1665 1859 1771 1896; x_wconf 84' lang='lat' dir='ltr'>Misc.</span> <span class='ocrx_word' id='word_1_471' title='bbox 1805 1862 1831 1895; x_wconf 89' lang='lat' dir='ltr'>t.</span> <span class='ocrx_word' id='word_1_472' title='bbox 1864 1858 1913 1896; x_wconf 87' lang='lat' dir='ltr'>lV</span> <span class='ocrx_word' id='word_1_473' title='bbox 1944 1870 1980 1908; x_wconf 87' lang='lat' dir='ltr'>p.</span> <span class='ocrx_word' id='word_1_474' title='bbox 2007 1857 2098 1897; x_wconf 67' lang='grc'>524.</span> 
     </span>
    </p>

    <p class='ocr_par' dir='ltr' id='par_1_14' title="bbox 1138 1920 2108 2346">
     <span class='ocr_line' id='line_1_78' title="bbox 1194 1920 2104 1970; baseline -0.003 -10"><span class='ocrx_word' id='word_1_475' title='bbox 1194 1920 1507 1960; x_wconf 84' lang='lat' dir='ltr'>MALCHIONIS</span> <span class='ocrx_word' id='word_1_476' title='bbox 1556 1920 1784 1970; x_wconf 79' lang='lat' dir='ltr'>Presbyteri</span> <span class='ocrx_word' id='word_1_477' title='bbox 1832 1924 1873 1957; x_wconf 90' lang='lat' dir='ltr'>et</span> <span class='ocrx_word' id='word_1_478' title='bbox 1919 1920 2104 1958; x_wconf 88' lang='lat' dir='ltr'>Rhetoris</span> 
     </span>
     <span class='ocr_line' id='line_1_79' title="bbox 1138 1982 2107 2032; baseline -0.002 -10"><span class='ocrx_word' id='word_1_479' title='bbox 1138 1983 1377 2022; x_wconf 88' lang='lat' dir='ltr'>Antiocheni</span> <span class='ocrx_word' id='word_1_480' title='bbox 1409 1982 1607 2032; x_wconf 84' lang='lat' dir='ltr'>quaedam</span> <span class='ocrx_word' id='word_1_481' title='bbox 1643 1982 1792 2032; x_wconf 84' lang='lat' dir='ltr'>profert</span> <span class='ocrx_word' id='word_1_482' title='bbox 1835 1983 1977 2020; x_wconf 88' lang='lat' dir='ltr'>Petrus</span> <span class='ocrx_word' id='word_1_483' title='bbox 2019 1983 2107 2020; x_wconf 89' lang='lat' dir='ltr'>Dia-</span> 
     </span>
     <span class='ocr_line' id='line_1_80' title="bbox 1138 2044 2105 2094; baseline -0.003 -10"><span class='ocrx_word' id='word_1_484' title='bbox 1138 2056 1264 2084; x_wconf 86' lang='lat' dir='ltr'>conus</span> <span class='ocrx_word' id='word_1_485' title='bbox 1295 2045 1394 2083; x_wconf 88' lang='lat' dir='ltr'>libro</span> <span class='ocrx_word' id='word_1_486' title='bbox 1425 2044 1472 2083; x_wconf 91' lang='lat' dir='ltr'>ad</span> <span class='ocrx_word' id='word_1_487' title='bbox 1504 2044 1773 2094; x_wconf 85' lang='lat' dir='ltr'>Fulgentium‚</span> <span class='ocrx_word' id='word_1_488' title='bbox 1800 2045 1927 2081; x_wconf 87' lang='lat' dir='ltr'>veteri</span> <span class='ocrx_word' id='word_1_489' title='bbox 1954 2044 2105 2090; x_wconf 87' lang='lat' dir='ltr'>Latina,</span> 
     </span>
     <span class='ocr_line' id='line_1_81' title="bbox 1140 2106 2104 2154; baseline -0.004 -8"><span class='ocrx_word' id='word_1_490' title='bbox 1140 2112 1184 2146; x_wconf 90' lang='lat' dir='ltr'>ut</span> <span class='ocrx_word' id='word_1_491' title='bbox 1214 2107 1405 2154; x_wconf 85' lang='lat' dir='ltr'>videtur,</span> <span class='ocrx_word' id='word_1_492' title='bbox 1445 2117 1545 2145; x_wconf 88' lang='lat' dir='ltr'>usus</span> <span class='ocrx_word' id='word_1_493' title='bbox 1589 2107 1788 2144; x_wconf 86' lang='lat' dir='ltr'>versione.</span> <span class='ocrx_word' id='word_1_494' title='bbox 1838 2106 2104 2144; x_wconf 79' lang='lat' dir='ltr'>Malchionem</span> 
     </span>
     <span class='ocr_line' id='line_1_82' title="bbox 1141 2168 2108 2220; baseline -0.004 -12"><span class='ocrx_word' id='word_1_495' title='bbox 1141 2171 1247 2209; x_wconf 87' lang='lat' dir='ltr'>enim</span> <span class='ocrx_word' id='word_1_496' title='bbox 1283 2171 1413 2220; x_wconf 90' lang='lat' dir='ltr'>ipsum</span> <span class='ocrx_word' id='word_1_497' title='bbox 1445 2170 1547 2207; x_wconf 88' lang='lat' dir='ltr'>circa</span> <span class='ocrx_word' id='word_1_498' title='bbox 1579 2179 1642 2206; x_wconf 86' lang='lat' dir='ltr'>an.</span> <span class='ocrx_word' id='word_1_499' title='bbox 1665 2168 1756 2206; x_wconf 81' lang='grc'>270.</span> <span class='ocrx_word' id='word_1_500' title='bbox 1775 2168 1940 2215; x_wconf 85' lang='lat' dir='ltr'>clarum,</span> <span class='ocrx_word' id='word_1_501' title='bbox 1958 2168 2108 2206; x_wconf 85' lang='lat' dir='ltr'>Graece</span> 
     </span>
     <span class='ocr_line' id='line_1_83' title="bbox 1141 2228 2105 2280; baseline -0.005 -9"><span class='ocrx_word' id='word_1_502' title='bbox 1141 2244 1218 2271; x_wconf 87' lang='lat' dir='ltr'>non</span> <span class='ocrx_word' id='word_1_503' title='bbox 1250 2233 1388 2270; x_wconf 88' lang='lat' dir='ltr'>Latine</span> <span class='ocrx_word' id='word_1_504' title='bbox 1421 2232 1631 2280; x_wconf 81' lang='lat' dir='ltr'>scripsisse</span> <span class='ocrx_word' id='word_1_505' title='bbox 1663 2241 1780 2269; x_wconf 88' lang='lat' dir='ltr'>nemo</span> <span class='ocrx_word' id='word_1_506' title='bbox 1805 2230 1972 2269; x_wconf 87' lang='lat' dir='ltr'>dubitat.</span> <span class='ocrx_word' id='word_1_507' title='bbox 2008 2228 2105 2266; x_wconf 85' lang='lat' dir='ltr'>Vide</span> 
     </span>
     <span class='ocr_line' id='line_1_84' title="bbox 1141 2291 2104 2346; baseline -0.006 -12"><span class='ocrx_word' id='word_1_508' title='bbox 1141 2307 1243 2346; x_wconf 87' lang='lat' dir='ltr'>quae</span> <span class='ocrx_word' id='word_1_509' title='bbox 1271 2295 1404 2332; x_wconf 84' lang='lat' dir='ltr'>notavi</span> <span class='ocrx_word' id='word_1_510' title='bbox 1435 2293 1482 2331; x_wconf 91' lang='lat' dir='ltr'>ad</span> <span class='ocrx_word' id='word_1_511' title='bbox 1517 2294 1671 2331; x_wconf 81' lang='lat' dir='ltr'>Hieron.</span> <span class='ocrx_word' id='word_1_512' title='bbox 1702 2303 1788 2343; x_wconf 86' lang='lat' dir='ltr'>cap.</span> <span class='ocrx_word' id='word_1_513' title='bbox 1821 2292 1885 2331; x_wconf 91' lang='grc'>71.</span> <span class='ocrx_word' id='word_1_514' title='bbox 1915 2291 1963 2329; x_wconf 88' lang='lat' dir='ltr'>de</span> <span class='ocrx_word' id='word_1_515' title='bbox 1995 2291 2032 2329; x_wconf 87' lang='lat' dir='ltr'>S.</span> <span class='ocrx_word' id='word_1_516' title='bbox 2060 2291 2104 2329; x_wconf 87' lang='lat' dir='ltr'>E.</span> 
     </span>
    </p>

    <p class='ocr_par' dir='ltr' id='par_1_15' title="bbox 1142 2353 2108 3147">
     <span class='ocr_line' id='line_1_85' title="bbox 1197 2353 2108 2403; baseline -0.007 -8"><span class='ocrx_word' id='word_1_517' title='bbox 1197 2355 1387 2396; x_wconf 74' lang='lat' dir='ltr'>Nicotaus</span> <span class='ocrx_word' id='word_1_518' title='bbox 1428 2355 1714 2403; x_wconf 79' lang='lat' dir='ltr'>MALHERMI,</span> <span class='ocrx_word' id='word_1_519' title='bbox 1754 2356 1840 2392; x_wconf 85' lang='lat' dir='ltr'>sive</span> <span class='ocrx_word' id='word_1_520' title='bbox 1884 2353 2108 2392; x_wconf 73' lang='lat' dir='ltr'>MALIlER-</span> 
     </span>
     <span class='ocr_line' id='line_1_86' title="bbox 1142 2415 2100 2466; baseline -0.008 -8"><span class='ocrx_word' id='word_1_521' title='bbox 1142 2419 1274 2466; x_wconf 88' lang='lat' dir='ltr'>BlUS,</span> <span class='ocrx_word' id='word_1_522' title='bbox 1329 2419 1507 2456; x_wconf 89' lang='lat' dir='ltr'>Venetus</span> <span class='ocrx_word' id='word_1_523' title='bbox 1555 2416 1771 2455; x_wconf 87' lang='lat' dir='ltr'>Monachus</span> <span class='ocrx_word' id='word_1_524' title='bbox 1815 2417 1853 2455; x_wconf 83' lang='lat' dir='ltr'>S.</span> <span class='ocrx_word' id='word_1_525' title='bbox 1898 2415 2100 2454; x_wconf 84' lang='lat' dir='ltr'>Benedicti</span> 
     </span>
     <span class='ocr_line' id='line_1_87' title="bbox 1144 2476 2102 2527; baseline -0.007 -8"><span class='ocrx_word' id='word_1_526' title='bbox 1144 2480 1237 2520; x_wconf 89' lang='lat' dir='ltr'>Ord.</span> <span class='ocrx_word' id='word_1_527' title='bbox 1269 2479 1640 2518; x_wconf 87' lang='lat' dir='ltr'>Camaldulensium</span> <span class='ocrx_word' id='word_1_528' title='bbox 1663 2509 1671 2527; x_wconf 72' lang='lat'>,</span> <span class='ocrx_word' id='word_1_529' title='bbox 1696 2476 1829 2516; x_wconf 79' lang='lat' dir='ltr'>Bibli&#39;a</span> <span class='ocrx_word' id='word_1_530' title='bbox 1855 2477 2032 2526; x_wconf 57' lang='lat' dir='ltr'>ancyra,</span> <span class='ocrx_word' id='word_1_531' title='bbox 2060 2480 2102 2513; x_wconf 87' lang='lat' dir='ltr'>ut</span> 
     </span>
     <span class='ocr_line' id='line_1_88' title="bbox 1144 2535 2106 2593; baseline -0.008 -13"><span class='ocrx_word' id='word_1_532' title='bbox 1144 2545 1227 2593; x_wconf 87' lang='lat' dir='ltr'>ipse</span> <span class='ocrx_word' id='word_1_533' title='bbox 1251 2542 1484 2592; x_wconf 80' lang='lat' dir='ltr'>profitetur,</span> <span class='ocrx_word' id='word_1_534' title='bbox 1509 2539 1725 2579; x_wconf 79' lang='lat' dir='ltr'>secundum</span> <span class='ocrx_word' id='word_1_535' title='bbox 1740 2539 2023 2589; x_wconf 80' lang='lat' dir='ltr'>proprietatem</span> <span class='ocrx_word' id='word_1_536' title='bbox 2046 2535 2106 2573; x_wconf 72' lang='lat' dir='ltr'>lic-</span> 
     </span>
     <span class='ocr_line' id='line_1_89' title="bbox 1144 2598 2104 2642; baseline -0.009 0"><span class='ocrx_word' id='word_1_537' title='bbox 1144 2608 1254 2642; x_wconf 83' lang='lat' dir='ltr'>terae</span> <span class='ocrx_word' id='word_1_538' title='bbox 1276 2603 1322 2641; x_wconf 83' lang='lat' dir='ltr'>de</span> <span class='ocrx_word' id='word_1_539' title='bbox 1346 2601 1466 2641; x_wconf 84' lang='lat' dir='ltr'>verbo</span> <span class='ocrx_word' id='word_1_540' title='bbox 1505 2602 1559 2639; x_wconf 83' lang='lat' dir='ltr'>ad</span> <span class='ocrx_word' id='word_1_541' title='bbox 1594 2599 1760 2640; x_wconf 82' lang='lat' dir='ltr'>verbum</span> <span class='ocrx_word' id='word_1_542' title='bbox 1790 2598 1997 2636; x_wconf 85' lang='lat' dir='ltr'>transtulit</span> <span class='ocrx_word' id='word_1_543' title='bbox 2029 2598 2104 2634; x_wconf 86' lang='lat' dir='ltr'>lta-</span> 
     </span>
     <span class='ocr_line' id='line_1_90' title="bbox 1144 2659 2101 2715; baseline -0.01 -10"><span class='ocrx_word' id='word_1_544' title='bbox 1144 2667 1230 2715; x_wconf 71' lang='grc'>1100,</span> <span class='ocrx_word' id='word_1_545' title='bbox 1259 2666 1469 2715; x_wconf 76' lang='lat' dir='ltr'>Vulgatam</span> <span class='ocrx_word' id='word_1_546' title='bbox 1502 2665 1632 2713; x_wconf 84' lang='lat' dir='ltr'>potius</span> <span class='ocrx_word' id='word_1_547' title='bbox 1662 2672 1781 2711; x_wconf 81' lang='lat' dir='ltr'>quam</span> <span class='ocrx_word' id='word_1_548' title='bbox 1803 2660 2012 2698; x_wconf 76' lang='lat' dir='ltr'>llebraieos</span> <span class='ocrx_word' id='word_1_549' title='bbox 2039 2659 2101 2695; x_wconf 80' lang='lat' dir='ltr'>vol</span> 
     </span>
     <span class='ocr_line' id='line_1_91' title="bbox 1142 2719 2103 2772; baseline -0.011 -6"><span class='ocrx_word' id='word_1_550' title='bbox 1142 2728 1316 2766; x_wconf 85' lang='lat' dir='ltr'>Graecos</span> <span class='ocrx_word' id='word_1_551' title='bbox 1348 2727 1476 2764; x_wconf 78' lang='lat' dir='ltr'>sontes</span> <span class='ocrx_word' id='word_1_552' title='bbox 1507 2729 1684 2763; x_wconf 77' lang='lat' dir='ltr'>secutus.</span> <span class='ocrx_word' id='word_1_553' title='bbox 1716 2725 1805 2761; x_wconf 86' lang='lat' dir='ltr'>Post</span> <span class='ocrx_word' id='word_1_554' title='bbox 1828 2723 1995 2772; x_wconf 83' lang='lat' dir='ltr'>primam</span> <span class='ocrx_word' id='word_1_555' title='bbox 2021 2719 2103 2757; x_wconf 82' lang='lat' dir='ltr'>cdi-</span> 
     </span>
     <span class='ocr_line' id='line_1_92' title="bbox 1143 2782 2105 2834; baseline -0.009 -7"><span class='ocrx_word' id='word_1_556' title='bbox 1143 2792 1290 2828; x_wconf 65' lang='grc'>110303]</span> <span class='ocrx_word' id='word_1_557' title='bbox 1328 2788 1518 2825; x_wconf 82' lang='lat' dir='ltr'>Venetam</span> <span class='ocrx_word' id='word_1_558' title='bbox 1544 2788 1577 2834; x_wconf 76' lang='grc' dir='ltr'>ο)</span> <span class='ocrx_word' id='word_1_559' title='bbox 1602 2786 1677 2824; x_wconf 79' lang='lat' dir='ltr'>An.</span> <span class='ocrx_word' id='word_1_560' title='bbox 1705 2785 1820 2823; x_wconf 76' lang='grc'>1472.</span> <span class='ocrx_word' id='word_1_561' title='bbox 1847 2784 1909 2821; x_wconf 76' lang='lat' dir='ltr'>fol·</span> <span class='ocrx_word' id='word_1_562' title='bbox 1931 2782 1977 2820; x_wconf 87' lang='lat' dir='ltr'>ad</span> <span class='ocrx_word' id='word_1_563' title='bbox 2007 2784 2105 2820; x_wconf 80' lang='lat' dir='ltr'>Lau-</span> 
     </span>
     <span class='ocr_line' id='line_1_93' title="bbox 1144 2844 2104 2899; baseline -0.008 -10"><span class='ocrx_word' id='word_1_564' title='bbox 1144 2853 1333 2897; x_wconf 80' lang='lat' dir='ltr'>rentium,</span> <span class='ocrx_word' id='word_1_565' title='bbox 1356 2850 1600 2899; x_wconf 81' lang='lat' dir='ltr'>Theologum</span> <span class='ocrx_word' id='word_1_566' title='bbox 1633 2849 1829 2885; x_wconf 71' lang='lat' dir='ltr'>Venetum</span> <span class='ocrx_word' id='word_1_567' title='bbox 1862 2845 2020 2894; x_wconf 78' lang='lat' dir='ltr'>saepius</span> <span class='ocrx_word' id='word_1_568' title='bbox 2047 2844 2104 2881; x_wconf 86' lang='lat' dir='ltr'>lu-</span> 
     </span>
     <span class='ocr_line' id='line_1_94' title="bbox 1143 2906 2103 2952; baseline -0.013 0"><span class='ocrx_word' id='word_1_569' title='bbox 1143 2925 1231 2952; x_wconf 88' lang='lat' dir='ltr'>cem</span> <span class='ocrx_word' id='word_1_570' title='bbox 1263 2911 1362 2950; x_wconf 89' lang='lat' dir='ltr'>vidit</span> <span class='ocrx_word' id='word_1_571' title='bbox 1391 2916 1430 2949; x_wconf 88' lang='lat' dir='ltr'>et</span> <span class='ocrx_word' id='word_1_572' title='bbox 1464 2910 1552 2949; x_wconf 88' lang='lat' dir='ltr'>ibid.</span> <span class='ocrx_word' id='word_1_573' title='bbox 1587 2911 1599 2948; x_wconf 90' lang='grc'>1</span> <span class='ocrx_word' id='word_1_574' title='bbox 1612 2908 1688 2946; x_wconf 70' lang='grc'>[177</span> <span class='ocrx_word' id='word_1_575' title='bbox 1718 2913 1757 2945; x_wconf 78' lang='lat' dir='ltr'>ct</span> <span class='ocrx_word' id='word_1_576' title='bbox 1794 2906 1893 2946; x_wconf 77' lang='lat'>¹507</span> <span class='ocrx_word' id='word_1_577' title='bbox 1921 2911 1958 2943; x_wconf 84' lang='lat' dir='ltr'>et</span> <span class='ocrx_word' id='word_1_578' title='bbox 1982 2906 2103 2943; x_wconf 74' lang='lat' dir='ltr'>variis</span> 
     </span>
     <span class='ocr_line' id='line_1_95' title="bbox 1146 2967 2104 3017; baseline -0.011 -4"><span class='ocrx_word' id='word_1_579' title='bbox 1146 2977 1184 3013; x_wconf 90' lang='lat' dir='ltr'>in</span> <span class='ocrx_word' id='word_1_580' title='bbox 1217 2976 1312 3013; x_wconf 85' lang='lat' dir='ltr'>loeis</span> <span class='ocrx_word' id='word_1_581' title='bbox 1345 2978 1387 3012; x_wconf 92' lang='lat' dir='ltr'>ut</span> <span class='ocrx_word' id='word_1_582' title='bbox 1420 2976 1600 3011; x_wconf 83' lang='lat' dir='ltr'>notatum</span> <span class='ocrx_word' id='word_1_583' title='bbox 1632 2970 1775 3009; x_wconf 76' lang='lat' dir='ltr'>Jacobo</span> <span class='ocrx_word' id='word_1_584' title='bbox 1814 2970 1943 3017; x_wconf 78' lang='lat' dir='ltr'>Longo</span> <span class='ocrx_word' id='word_1_585' title='bbox 1975 2968 2010 3003; x_wconf 84' lang='lat' dir='ltr'>ir.</span> <span class='ocrx_word' id='word_1_586' title='bbox 2043 2967 2104 3003; x_wconf 88' lang='lat' dir='ltr'>Bi-</span> 
     </span>
     <span class='ocr_line' id='line_1_96' title="bbox 1143 3026 2102 3081; baseline -0.013 -6"><span class='ocrx_word' id='word_1_587' title='bbox 1143 3035 1339 3075; x_wconf 88' lang='lat' dir='ltr'>bliotheca</span> <span class='ocrx_word' id='word_1_588' title='bbox 1371 3035 1516 3072; x_wconf 84' lang='lat' dir='ltr'>Biblica</span> <span class='ocrx_word' id='word_1_589' title='bbox 1537 3063 1545 3079; x_wconf 82' lang='grc'>,</span> <span class='ocrx_word' id='word_1_590' title='bbox 1577 3042 1749 3081; x_wconf 74' lang='lat' dir='ltr'>eumque</span> <span class='ocrx_word' id='word_1_591' title='bbox 1780 3033 1916 3067; x_wconf 74' lang='lat' dir='ltr'>secuto</span> <span class='ocrx_word' id='word_1_592' title='bbox 1946 3026 2102 3065; x_wconf 85' lang='lat' dir='ltr'>Oudino</span> 
     </span>
     <span class='ocr_line' id='line_1_97' title="bbox 1149 3096 1693 3147; baseline -0.013 -12"><span class='ocrx_word' id='word_1_593' title='bbox 1149 3103 1243 3136; x_wconf 90' lang='lat' dir='ltr'>tom.</span> <span class='ocrx_word' id='word_1_594' title='bbox 1277 3098 1312 3135; x_wconf 91' lang='lat'>3.</span> <span class='ocrx_word' id='word_1_595' title='bbox 1344 3108 1430 3147; x_wconf 89' lang='lat' dir='ltr'>pag.</span> <span class='ocrx_word' id='word_1_596' title='bbox 1463 3096 1579 3133; x_wconf 77' lang='grc'>2661.</span> <span class='ocrx_word' id='word_1_597' title='bbox 1612 3105 1693 3142; x_wconf 74' lang='lat' dir='ltr'>seq.</span> 
     </span>
    </p>
   </div>
   <div class='ocr_carea' id='block_1_10' title="bbox 1141 3208 2121 3350">
    <p class='ocr_par' dir='ltr' id='par_1_16' title="bbox 1141 3208 2121 3350">
     <span class='ocr_line' id='line_1_98' title="bbox 1201 3208 2099 3257; baseline -0.012 -8"><span class='ocrx_word' id='word_1_598' title='bbox 1201 3219 1233 3257; x_wconf 89' lang='lat' dir='ltr'>c)</span> <span class='ocrx_word' id='word_1_599' title='bbox 1259 3219 1420 3256; x_wconf 80' lang='lat' dir='ltr'>impressa</span> <span class='ocrx_word' id='word_1_600' title='bbox 1447 3216 1479 3245; x_wconf 92' lang='lat' dir='ltr'>in</span> <span class='ocrx_word' id='word_1_601' title='bbox 1505 3212 1708 3243; x_wconf 78' lang='lat' dir='ltr'>membranis</span> <span class='ocrx_word' id='word_1_602' title='bbox 1735 3213 1841 3240; x_wconf 80' lang='lat' dir='ltr'>exstat</span> <span class='ocrx_word' id='word_1_603' title='bbox 1863 3209 1946 3240; x_wconf 81' lang='lat' dir='ltr'>haec</span> <span class='ocrx_word' id='word_1_604' title='bbox 1987 3208 2099 3240; x_wconf 85' lang='lat' dir='ltr'>editio</span> 
     </span>
     <span class='ocr_line' id='line_1_99' title="bbox 1145 3259 2120 3301; baseline -0.011 -1"><span class='ocrx_word' id='word_1_605' title='bbox 1145 3268 1369 3301; x_wconf 71' lang='lat' dir='ltr'>Uratislmiae</span> <span class='ocrx_word' id='word_1_606' title='bbox 1394 3267 1426 3295; x_wconf 90' lang='lat' dir='ltr'>in</span> <span class='ocrx_word' id='word_1_607' title='bbox 1451 3263 1534 3295; x_wconf 75' lang='lat' dir='ltr'>nihl.</span> <span class='ocrx_word' id='word_1_608' title='bbox 1559 3261 1776 3292; x_wconf 81' lang='lat' dir='ltr'>celeberrima</span> <span class='ocrx_word' id='word_1_609' title='bbox 1801 3259 2042 3298; x_wconf 79' lang='lat' dir='ltr'>Rhedigeriana</span> <span class='ocrx_word' id='word_1_610' title='bbox 2073 3261 2120 3289; x_wconf 85' lang='lat' dir='ltr'>si-</span> 
     </span>
     <span class='ocr_line' id='line_1_100' title="bbox 1141 3310 2121 3350; baseline -0.01 -1"><span class='ocrx_word' id='word_1_611' title='bbox 1141 3327 1178 3350; x_wconf 80' lang='lat' dir='ltr'>ve</span> <span class='ocrx_word' id='word_1_612' title='bbox 1224 3315 1474 3348; x_wconf 66' lang='lat' dir='ltr'>lilisubetliana.</span> <span class='ocrx_word' id='word_1_613' title='bbox 1515 3311 1595 3343; x_wconf 78' lang='lat' dir='ltr'>Vide</span> <span class='ocrx_word' id='word_1_614' title='bbox 1635 3310 1768 3341; x_wconf 84' lang='lat' dir='ltr'>Gottlob</span> <span class='ocrx_word' id='word_1_615' title='bbox 1794 3310 1944 3340; x_wconf 77' lang='lat' dir='ltr'>Kraiitzii</span> <span class='ocrx_word' id='word_1_616' title='bbox 1992 3316 2121 3340; x_wconf 71' lang='lat' dir='ltr'>mamo-</span> 
     </span>
    </p>
   </div>
   <div class='ocr_carea' id='block_1_11' title="bbox 1140 3362 1659 3402">
    <p class='ocr_par' dir='ltr' id='par_1_17' title="bbox 1140 3362 1659 3402">
     <span class='ocr_line' id='line_1_101' title="bbox 1140 3362 1659 3402; baseline -0.017 -3"><span class='ocrx_word' id='word_1_617' title='bbox 1140 3367 1260 3399; x_wconf 79' lang='lat' dir='ltr'>rabilia</span> <span class='ocrx_word' id='word_1_618' title='bbox 1287 3365 1375 3396; x_wconf 67' lang='lat' dir='ltr'>illius</span> <span class='ocrx_word' id='word_1_619' title='bbox 1399 3362 1481 3394; x_wconf 81' lang='lat' dir='ltr'>Bibl.</span> <span class='ocrx_word' id='word_1_620' title='bbox 1507 3370 1582 3402; x_wconf 74' lang='lat' dir='ltr'>pag.</span> <span class='ocrx_word' id='word_1_621' title='bbox 1608 3362 1659 3391; x_wconf 68' lang='lat'>72².</span> 
     </span>
    </p>
   </div>
  </div>
 </body>
</html>
