2517 4009
521 188 1279 239 VRTUS'I'ISSIMJ

1361 189 1396 233 V
1435 188 1469 235 [ἦ
1504 188 1539 235 Ρι
1573 188 1605 234 S
1640 188 1674 235 [i
1711 186 1744 232 δ’

668 339 742 385 Qui
772 340 863 378 olim
895 342 932 377 in
964 339 1204 378 Bibliotheca
1234 339 1271 377 S.
1305 339 1451 377 lsmoiu

753 401 998 452 Hispalensis
1026 400 1211 452 Episcopi
1242 400 1488 451 legebantur.

176 535 317 567 Ysidori
332 533 565 574 Hispalensis
583 535 755 574 Episcopi
781 539 909 566 emtam
930 541 1052 566 versus

419 583 536 615 titulis
561 583 816 616 Bibliothecae.

125 635 209 666 Sunt
225 635 299 667 heic
317 636 414 675 piura
431 641 526 665 sacra
546 657 554 672 ‚
569 637 644 664 sunt
662 634 735 665 heic
755 633 938 665 mundialia
958 633 1050 673 plura
1067 657 1075 670 ‚

146 685 194 714 Ex
218 684 288 722 his,
312 685 339 715 si
364 691 430 723 qua
453 682 587 723 placent
612 685 784 721 carmina,
807 682 905 720 tolle,
927 683 1011 722 lege.

133 734 233 764 Prata
258 733 350 764 vides
373 733 470 772 plena
493 734 599 772 spinis
616 758 625 770 ‚
648 736 680 763 et
703 734 799 772 copia
822 732 915 763 floris
930 745 939 763 .-

151 784 182 813 Si
206 789 274 814 non
300 784 352 813 vis
376 783 488 821 spinas
511 789 641 813 sumere
656 805 667 819 ‚
692 790 785 813 sume
809 789 915 813 rosas.

123 833 203 863 Heic
225 839 375 871 gemmae
399 831 533 863 radiant
556 830 745 862 veneranda
768 831 941 862 volumina
964 831 1058 869 Legis
1075 853 1085 866 ‚

143 881 284 913 Condita
307 886 387 912 sunt
411 882 537 920 pariter
561 880 636 912 heic
658 888 745 911 nova
767 889 843 912 cum
867 881 983 912 veteri.

125 928 182 961 llle
205 930 374 970 Origenes
396 938 456 969 ego
479 932 602 962 Doctor
627 931 823 961 verissimus
847 929 926 960 olim
941 952 950 967 ,

141 980 339 1019 praereptus
362 979 474 1010 subito
503 979 619 1018 lingua
644 983 784 1010 nocente
806 977 869 1009 fui.

125 1027 298 1067 Condere,
323 1030 348 1060 si
375 1028 508 1066 credis,
532 1029 645 1060 studui
669 1031 717 1060 tot
742 1028 846 1059 millia
873 1027 997 1067 libros,

141 1080 229 1116 Quot
254 1078 343 1118 legio
366 1079 483 1110 missos
506 1079 599 1109 ducit
624 1080 659 1109 in
684 1085 777 1108 arma
799 1080 900 1109 viros.

128 1127 221 1158 Nulla
246 1136 338 1159 meos
361 1135 522 1167 umquam
546 1128 658 1166 tetigit
681 1126 888 1167 blasphemia
910 1134 1027 1158 sensus
1044 1150 1051 1157 .

143 1177 203 1208 Sed
230 1176 337 1216 vigil,
359 1181 392 1208 et
414 1176 561 1216 prudens
586 1179 678 1206 tutus
702 1176 744 1206 ab
767 1176 861 1207 hoste
883 1175 943 1206 fui.

120 1225 193 1257 Sola
215 1226 299 1257 mihi
323 1233 438 1257 casum
461 1224 694 1255 Periarchzim
717 1224 807 1256 dicta
830 1223 1018 1261 dederunt,

139 1276 196 1305 His
220 1282 272 1305 me
299 1276 488 1314 conjectum
510 1275 615 1312 impia
639 1272 704 1304 tela
728 1276 898 1312 premunt.

121 1322 226 1353 Gallia
250 1330 301 1353 me
322 1324 501 1361 genitum,
526 1329 580 1352 me
601 1323 751 1353 Pictavis
776 1330 832 1354 ore
855 1324 984 1354 tonanti

140 1375 316 1405 nectorem
339 1371 524 1403 Hilarium
547 1372 639 1402 misit
660 1371 797 1402 alumna
819 1379 928 1403 suum.

120 1421 328 1454 Ambrosius
351 1424 475 1453 Doctor
499 1422 604 1461 signis
627 1421 769 1459 insignis
784 1443 794 1458 ‚
817 1425 850 1451 et
872 1421 1008 1459 flymnis
1024 1442 1033 1458 ‚

142 1473 258 1504 Enitet
279 1472 354 1504 heic
376 1471 504 1510 titulis,
527 1471 632 1502 enitet
654 1470 812 1510 eloquiis.

135 1523 318 1560 Mentitur,
343 1522 400 1560 qui
423 1524 456 1552 te
482 1525 588 1552 totum
610 1519 727 1560 legisse
749 1519 893 1558 fatetur,

148 1574 213 1602 Aut
234 1572 310 1611 quis
334 1574 456 1602 cuncta
478 1574 535 1601 tua
558 1572 675 1601 Lector
698 1570 820 1602 habere
847 1573 984 1610 potest?

126 1623 274 1660 Namque
299 1619 528 1652 voluminibus
553 1619 641 1650 mille
664 1619 860 1660 Auqustine
882 1619 1049 1660 refulges;

146 1672 324 1701 Testantur
347 1668 447 1707 libri,
473 1668 563 1709 quod
585 1669 704 1709 loquor
728 1671 797 1709 ipse
811 1693 820 1707 ‚
843 1671 903 1701 tui.

119 1720 278 1758 Quamvis
301 1719 483 1750 multorum
506 1718 662 1759 placeant
684 1719 855 1750 volumina
877 1719 972 1750 libris
986 1745 995 1757 ,

138 1770 170 1800 Si
197 1769 404 1808 Augustinus
427 1768 520 1800 adest
540 1791 549 1807 ,
573 1768 699 1800 sufficit
725 1771 796 1809 ipse
819 1769 893 1800 tibi.

120 1818 338 1858 Hieronyme
361 1820 526 1858 interpres
550 1821 652 1851 variis
675 1819 865 1850 doctissime
890 1819 1012 1859 linguis

122 1919 166 1948 ‘re
186 1916 335 1948 Bethlem
357 1917 526 1956 celebrat,
551 1922 641 1949 totus
665 1921 698 1950 te
721 1921 877 1958 personat
903 1919 992 1950 orbis
1006 1941 1015 1956 ,

147 1969 191 1998 Te
213 1974 348 2007 quoque
371 1971 486 1999 nostra
510 1969 577 2000 tuis
598 1968 804 2000 Bibliotheca
828 1969 934 2000 libris,

121 2017 259 2047 Nomine
283 2017 442 2047 Joannes
468 2016 740 2056 chrysostomus
764 2018 841 2049 inde
865 2022 1002 2050 vocatur
1017 2042 1027 2056 ‚

147 2067 256 2096 Aurea
279 2065 368 2105 quod
392 2070 544 2097 nostrum
568 2066 682 2106 lingua
705 2071 861 2099 coruscat
884 2075 978 2107 opus.

123 2114 433 2154 Constantinopolis
457 2124 508 2146 me
531 2119 747 2156 praeceptore
770 2116 934 2156 refulget,

138 2165 181 2195 Et
208 2164 357 2196 celebrer
380 2164 475 2197 libris
500 2168 621 2198 Doctor
644 2166 770 2205 ubique
791 2167 889 2197 meis.

119 2213 301 2254 Composui
325 2222 433 2246 mores
448 2237 458 2253 ‚
484 2216 651 2246 virtutum
674 2215 799 2255 praelia
822 2216 913 2251 dixi,

138 2264 181 2293 Et
203 2261 304 2294 docui
327 2265 468 2295 miseros
491 2266 634 2296 crimina
656 2264 735 2296 flere
758 2273 844 2296 reos.

118 2310 246 2342 Clarior
268 2311 404 2351 eloquio
427 2315 558 2345 cunctis
583 2315 762 2354 Cypriane
784 2314 930 2353 refulges
947 2339 956 2353 ‚

140 2362 189 2390 'ru
211 2359 311 2391 modo
333 2363 454 2392 Doctor
478 2369 551 2393 eras
566 2387 575 2400 ‚
601 2367 638 2394 tu
660 2363 759 2395 modo
783 2366 905 2403 Martyr
926 2364 1016 2395 ades.

118 2411 149 2442 Si
172 2412 263 2442 Maro
279 2432 288 2449 ,
310 2412 336 2442 si
359 2410 497 2443 Flaccus
512 2434 522 2448 ‚
546 2413 572 2443 si
597 2414 703 2450 Naso,
728 2419 760 2444 et
783 2415 919 2445 Persius
942 2414 1081 2451 horret,

139 2462 295 2492 Lucanus
317 2462 344 2491 si
371 2464 402 2491 te
418 2483 426 2498 ,
450 2462 679 2500 Papiniusque
701 2464 814 2501 tedet;

119 2511 184 2540 Par
206 2513 261 2540 eat
287 2510 411 2541 eximio
435 2509 544 2541 dulcis
567 2511 784 2541 Prudentius
807 2520 888 2550 ore,

141 2559 355 2591 Carminibus
377 2560 479 2591 variis
503 2559 626 2591 nobilis
651 2559 704 2591 ille
728 2563 820 2592 satis.

119 2608 257 2648 Perlege
279 2608 414 2641 facundi
441 2609 629 2640 studiosum
653 2616 790 2641 carmen
813 2610 922 2641 Aviti.

143 2660 230 2690 Ecce
253 2658 431 2689 Juvencus
455 2657 572 2696 adest,
600 2658 830 2697 Seduliusque
854 2660 929 2691 tibi.

126 2706 229 2738 Ambo
253 2706 366 2746 lingua
390 2715 484 2747 pares
501 2730 510 2745 ,
534 2706 690 2738 florentes
713 2709 863 2740 versibus
890 2709 987 2740 ambo

143 2758 250 2788 Fonte
273 2756 474 2796 Evangelico
497 2757 617 2796 pocula
642 2757 732 2797 larga
756 2757 877 2791 ferunt.

124 2807 245 2837 Desine
267 2807 456 2839 Gentilibus
480 2815 559 2847 ergo
583 2808 743 2839 inservire
768 2809 889 2839 Poetis,

1178 536 1264 564 Dum
1289 533 1377 563 bona
1401 536 1494 563 tanta
1525 535 1617 571 potes
1633 556 1640 569 ‚
1665 531 1747 570 quid
1772 530 1833 561 tibi
1858 528 2055 560 Calliroen?

1162 583 1322 612 Historias
1347 588 1482 618 rerum,
1507 585 1543 611 et
1565 582 1724 611 transacti
1749 583 1898 618 tempora
1926 577 2002 609 secli

1179 629 1320 661 Condita
1345 629 1549 660 membranis
1571 628 1653 659 haee
1677 628 1775 658 simul
1798 635 1874 658 arca
1899 628 1998 666 gerit.

1160 681 1332 717 Quantum
1358 678 1558 718 Auyiistt'no
1583 677 1689 709 clares
1713 681 1748 708 tu
1775 679 1897 716 ippone
1922 677 2080 715 magistro
2098 699 2105 711 ‚

1178 731 1322 759 Tantum
1344 730 1448 759 Roma
1471 736 1531 758 suo
1558 726 1712 758 Praesule
1740 727 1926 766 Greqorio.

1158 780 1228 809 Non
1253 779 1332 809 satis
1355 779 1506 817 antiquis
1530 777 1729 808 Doctoribus
1754 778 1861 816 impar
1884 775 2017 805 haberis

1176 827 1337 858 Leander·
1358 830 1462 858 vates.
1488 828 1555 858 lloe
1581 829 1638 856 tna
1662 826 1751 857 dicta
1775 826 1908 856 docent.

1158 875 1321 907 conditur
1344 875 1419 907 heic
1440 876 1526 916 juris
1549 876 1651 906 series
1674 874 1881 914 amplissima
1909 873 2017 911 legum
2036 896 2044 908 ‚

1179 924 1333 956 veridico
1355 925 1488 956 Latium
1513 931 1599 963 quae
1623 925 1710 963 regit
1733 931 1789 954 ore
1814 923 1935 953 forum.

1162 976 1232 1004 Non
1257 972 1348 1005 fucos
1363 996 1372 1011 ‚
1398 973 1499 1004 libros
1523 976 1657 1012 gestant
1681 973 1761 1004 haec
1789 973 1915 1003 scrinia
1939 975 2077 1005 nostrin

1179 1025 1242 1062 Qui
1267 1025 1361 1063 cupis
1381 1047 1390 1061 ‚
1413 1031 1490 1054 ecce
1515 1023 1609 1062 lege.
1636 1024 1666 1053 si
1691 1026 1749 1053 tua
1774 1025 1849 1052 vota
1877 1020 1992 1051 libent.

1158 1073 1248 1104 Tolle
1272 1073 1346 1104 heic
1369 1074 1548 1112 segnitiem
1564 1096 1574 1109 ‚
1599 1079 1685 1112 pone
1707 1070 1841 1102 fastidia
1866 1071 2013 1105 mentis;

1178 1123 1281 1154 Crede
1304 1122 1386 1154 mihi
1401 1147 1410 1160 ‚
1436 1121 1538 1153 frater
1555 1147 1565 1160 ‚
1587 1122 1719 1153 doctior
1744 1119 1822 1151 inde
1846 1118 1946 1150 redit.

1156 1175 1205 1202 An
1228 1172 1312 1203 dicis
1336 1171 1418 1202 sorte
1435 1194 1442 1201 .
1471 1170 1558 1209 Quid
1579 1174 1648 1211 jam
1670 1170 1754 1201 milii
1779 1171 1842 1200 ista
1868 1176 2001 1200 necesse
2026 1172 2073 1197 est
2091 1191 2098 1201 ,

1183 1220 1279 1258 Quod
1301 1219 1458 1251 meditem
1482 1219 1586 1250 studii
1611 1227 1678 1250 non
1703 1226 1876 1258 superesse
1898 1219 1962 1249 mei
1980 1219 1994 1247 Ρ

1158 1268 1312 1308 Explicui
1337 1270 1524 1300 Historias:
1553 1270 1771 1307 percurrique
1795 1269 1908 1298 omnia
1934 1267 2053 1305 Legis:

1179 1321 1261 1348 Vere
1288 1318 1351 1349 hoc
1375 1318 1401 1348 si
1426 1316 1511 1348 dicis
1527 1339 1536 1354 ,
1557 1319 1627 1357 jam
1652 1316 1734 1346 nihil
1764 1318 1833 1355 ipse
1855 1317 1956 1354 sapis.

1158 1369 1247 1404 Quos
1272 1366 1380 1398 claros
1404 1366 1484 1396 orbe
1508 1365 1655 1396 celebrat
1679 1364 1847 1395 medicina
1870 1366 2070 1403 magistros,

1178 1418 1244 1447 Hos
1268 1423 1424 1456 praesens
1448 1416 1558 1454 pictos
1580 1416 1693 1453 signat
1716 1415 1827 1452 imago
1854 1415 1941 1443 viros

1155 1467 1238 1496 Sunt
1261 1464 1392 1497 medico
1418 1465 1504 1496 dona
1519 1486 1529 1503 ‚
1550 1471 1652 1504 quam
1675 1464 1733 1494 diu
1755 1465 1899 1501 quisque
1926 1461 2073 1498 laborat,

1175 1518 1279 1555 Aeger
1299 1515 1368 1554 Jam
1391 1516 1522 1554 surgit,
1548 1513 1639 1545 nulla
1663 1513 1805 1552 lagoena
1828 1513 1940 1543 venit.

1163 1566 1254 1603 Quos
1275 1563 1374 1596 debes
1397 1565 1528 1595 medico
1544 1588 1555 1602 ,
1581 1562 1680 1594 redde
1704 1569 1802 1601 aeger
1819 1585 1829 1599 ,
1854 1569 1894 1592 ne
1917 1560 2005 1591 mala
2027 1568 2141 1590 rursus

1174 1616 1361 1646 occurrant
1377 1637 1386 1652 ‚
1410 1617 1522 1646 curret
1546 1614 1656 1645 denuo
1683 1619 1781 1643 nemo
1810 1611 1884 1642 tibi.

1151 1666 1312 1704 Pauperis
1331 1664 1487 1695 attendat
1506 1662 1657 1695 medicus
1683 1670 1821 1693 censum
1835 1685 1844 1698 ‚
1865 1664 1966 1700 atque
1987 1660 2135 1699 potentis

1172 1716 1289 1753 Dispar
1313 1712 1463 1745 conditio
1486 1713 1614 1752 dispari
1640 1711 1795 1742 habenda
1819 1711 1920 1741 modo
1943 1714 2006 1741 est.

1151 1764 1183 1793 Si
1207 1762 1307 1793 fuerit
1328 1763 1443 1800 dives,
1470 1764 1514 1793 sit
1533 1763 1623 1801 J'usta
1647 1763 1785 1793 occasio
1817 1760 1927 1797 lucri;

1174 1814 1205 1844 Si
1231 1820 1381 1852 pauper,
1405 1820 1532 1844 merces
1554 1811 1679 1842 sufficit
1703 1818 1768 1842 una
1795 1809 1872 1841 tibi·

1153 1861 1324 1901 Quidquid
1347 1862 1450 1893 Arabs
1474 1863 1542 1893 aris
1561 1887 1570 1900 ,
1593 1860 1763 1901 quidquid
1792 1859 1854 1891 fert
1876 1858 1977 1889 indus
2000 1857 2133 1893 odoris,

1173 1911 1345 1950 Quidquid
1367 1915 1400 1942 et
1422 1913 1510 1942 Jonii
1534 1911 1689 1951 pervehit
1711 1909 1803 1941 unda
1828 1910 1930 1940 maris
1951 1931 1960 1945 ‚

1151 1960 1405 1998 cynamomum,
1418 1961 1599 2000 myrrham,
1613 1959 1742 1996 folium,
1754 1959 1946 1997 casiamque
1966 1959 2130 1988 nitentem
2147 1967 2154 1978 ·

1172 2009 1338 2047 Balsama,
1363 2010 1458 2048 thus,
1483 2010 1668 2047 calamum,
1691 2009 1953 2046 Choriciumque
1980 2014 2138 2043 crocum3

1152 2062 1241 2092 Haec
1264 2064 1404 2100 possunt
1431 2068 1634 2100 magnorum
1659 2059 1885 2100 pigmentaria
1908 2059 2034 2096 Regum
2051 2080 2060 2094 ‚

1175 2112 1217 2141 Et
1239 2109 1357 2141 domus
1384 2111 1556 2141 immensis
1580 2108 1712 2149 proflua
1737 2107 1879 2139 deliciis.

1153 2161 1216 2190 Nos
1238 2159 1361 2191 vilibus
1385 2158 1531 2190 fruimur
1552 2163 1728 2199 pratorum
1750 2158 1913 2198 germinis
1937 2156 2072 2193 herbis,

1174 2211 1264 2246 Qnas
1289 2208 1431 2239 humiles
1455 2208 1558 2240 valles
1574 2231 1584 2246 ‚
1607 2213 1640 2240 et
1658 2210 1740 2248 juga
1761 2208 1848 2239 celsa
1871 2206 1995 2237 ferunt.

1153 2258 1246 2288 Sacri
1262 2265 1341 2296 ergo
1366 2257 1583 2297 Hesperidum
1607 2261 1736 2288 montes
1752 2280 1762 2295 ‚
1784 2260 1817 2287 et
1841 2263 1919 2286 rura
1942 2253 2068 2292 valete,

1174 2307 1254 2336 Nam
1277 2306 1390 2337 multis
1414 2309 1504 2338 curis
1528 2314 1668 2337 munera
1692 2309 1801 2337 vestra
1824 2304 1948 2335 valent.

1154 2356 1233 2386 lleic
1255 2355 1393 2386 odorata
1409 2357 1548 2395 jacent,
1569 2356 1642 2386 heic
1665 2356 1795 2394 spirant
1818 2360 1994 2392 cynnama,
2014 2353 2126 2389 thura,

1179 2407 1338 2444 Quaeque
1360 2404 1539 2445 opulentus
1562 2405 1666 2436 Arabs
1684 2428 1692 2443 ,
1715 2411 1868 2444 quaeque
1892 2402 2016 2433 sabaea
2040 2401 2130 2433 fei-et.

1158 2455 1327 2493 Unguenti
1352 2462 1474 2494 genera
1499 2454 1580 2486 dum
1602 2457 1672 2486 sint
1694 2454 1881 2493 gratissima
1896 2451 1990 2491 plura
2005 2474 2014 2487 ,

1178 2503 1229 2534 Nil
1252 2511 1327 2534 rosa
1343 2527 1352 2541 ‚
1377 2504 1424 2534 nil
1448 2504 1536 2536 viola
1556 2506 1684 2543 gratius
1707 2511 1779 2534 esse
1802 2506 1924 2541 potest.

1155 2552 1255 2583 Cedet
1276 2553 1395 2584 Elinus
1413 2577 1422 2592 ,
1445 2552 1539 2584 cedet
1562 2553 1780 2584 Amaraciuus
1805 2551 1890 2587 illis,

1176 2602 1276 2632 Cedet
1298 2606 1331 2632 et
1353 2601 1427 2634 heic
1450 2603 1608 2641 Cyprium
1633 2610 1717 2642 quae
1740 2603 1876 2640 regione
1899 2601 2005 2632 venit.

1157 2653 1333 2690 Unguenta
1358 2651 1428 2682 heis
1452 2654 1559 2683 cernis
1585 2655 1699 2688 varia,
1724 2659 1809 2690 quae
1832 2652 1970 2681 Graecia
1994 2646 2114 2686 misit',

1176 2700 1324 2731 Plurima
1347 2705 1379 2733 et
1403 2703 1559 2740 Hesperia
1585 2702 1623 2733 de
1646 2703 1783 2741 regione
1808 2708 1933 2732 sumus.

1157 2752 1296 2783 vascula
1321 2756 1475 2783 concreta
1499 2751 1623 2792 fragilis
1647 2751 1687 2782 de
1714 2751 1849 2790 pulvere
1872 2754 1982 2782 cretae

1176 2806 1351 2844 Pigmenta
1375 2805 1520 2843 gerimus
1537 2828 1546 2840 ‚
1570 2803 1689 2843 pocula
1715 2802 1807 2833 uuila
1830 2804 1960 2835 damus.
