2517 4009
812 253 1336 294 SEBASTIANUS

71 313 222 359 atinum
253 318 368 359 4547.
398 319 677 359 continuatum
711 333 787 361 una
812 334 904 362 cum
945 324 1032 363 aliis

0 398 1 406 κ
73 393 209 420 rerum
260 381 587 420 Germanicarum
633 383 893 433 scriptoribus
939 385 1032 424 dare

72 441 233 480 volebat
262 441 399 480 Daniel
430 443 650 482 Nesselius.
685 433 782 483 Vide
825 447 1030 486 Oudinum

72 507 182 542 tomo
213 502 280 541 ΙΙΙ.
310 514 347 552 p.
379 503 498 541 2644.

125 564 504 605 SCHRITOVINUS.
533 566 629 606 Vide
656 579 775 618 supra
802 569 847 607 11.
879 581 917 620 p.
939 570 1028 608 608.

125 624 350 665 Chronicon
378 626 833 669 SCHWARZACENSE
853 631 901 669 ab
925 642 1029 669 anno

69 687 286 727 845-4590.
314 687 438 725 edidit
467 690 522 726 Jo.
569 691 670 728 Petr.
716 691 958 730 Ludewicus
1001 696 1030 730 t.

69 749 118 787 ΙΙ.
146 748 394 798 Scriptorum
424 749 752 790 Germanicorum
784 756 824 788 et
844 751 1031 789 Bamber-

68 810 250 861 gensium
282 821 318 860 p.
353 811 385 849 4.
409 812 475 861 qui
506 816 588 850 tres
612 812 782 851 Codices
799 823 920 850 manu
938 823 1031 851 exa-

68 875 176 910 ratos
199 871 608 912 contulit.Auctorem
631 885 707 912 non
730 885 855 913 unum
874 873 1028 925 thabat,

68 931 137 971 sed
167 932 304 983 plures
334 934 550 973 monachos
580 936 809 974 monasterii
845 935 1031 974 Schwar-

68 994 250 1032 zacensis
267 995 304 1032 in
322 995 758 1042 Franconia‚dioecesis
778 997 1031 1048 Herbipolen-

67 1055 136 1092 sis.
168 1055 320 1094 Nomen
339 1055 431 1094 huic
455 1067 478 1094 a
502 1057 624 1096 fluvio
649 1057 940 1105 Schwarzach,
963 1059 1030 1108 qui

70 1127 147 1154 non
176 1117 314 1167 procul
346 1116 439 1155 inde
468 1117 655 1157 Moenum
689 1119 875 1158 illabitur.
904 1119 1034 1165 Quae-

67 1177 162 1216 dam
194 1177 327 1218 hausit
356 1189 406 1217 ex
436 1178 618 1218 Conrado
643 1181 904 1231 Urspergensi
926 1209 933 1228 ‚
957 1191 1033 1218 un-

1 1252 5 1257 *
69 1238 119 1277 de
141 1239 304 1289 quidam
323 1239 430 1278 hunc
442 1240 657 1280 Auctorem
690 1241 810 1291 hujus
835 1241 1032 1289 Chronici,

68 1297 138 1336 sed
157 1310 394 1350 perperam,
419 1303 620 1339 statuunt.
635 1301 733 1340 Vide
751 1313 872 1352 supra
892 1303 920 1340 I.
940 1302 1032 1340 384.

97 1410 102 1414 ῃ
121 1359 346 1399 Chronicon
366 1361 780 1401 SCHUTTERENSIS
798 1363 1031 1400 monasterii

66 1426 179 1461 trans
208 1422 396 1475 Rhenum
439 1423 488 1462 ad
527 1423 786 1463 Schutteram
832 1425 1033 1471 fluvium,

7 1494 11 1498 ·
66 1483 259 1523 dioecesis
287 1483 623 1535 Argentinensis,
656 1486 705 1524 ab
735 1497 768 1524 a.
813 1485 1032 1524 603-4427.

66 1550 130 1585 est
158 1545 345 1585 Auctoris
370 1547 629 1595 recentioris,
660 1547 727 1597 qui
759 1557 793 1585 a.
819 1547 939 1586 4536.
967 1546 1034 1585 ad-

67 1607 147 1646 huc
176 1608 216 1645 in
240 1607 347 1646 vivis
371 1608 476 1656 suit,
507 1612 548 1646 et
592 1607 851 1647 documentis
897 1618 1035 1645 mona-

67 1669 179 1707 sterii
209 1669 272 1708 sui
303 1669 449 1709 melius
486 1670 541 1709 uti
583 1674 753 1721 poterat.
790 1670 957 1710 Editum
995 1672 1032 1709 in

66 1730 500 1771 Vindemiisliterariis
524 1734 583 1770 Jo.
621 1731 723 1771 Frid.
761 1731 967 1772 Schannat
1006 1738 1034 1771 t.

119 1853 284 1893 SCIPIO
325 1855 645 1903 Hermenzonus,
690 1855 862 1894 Barthol.
906 1856 1037 1906 filius,

66 1916 377 1966 Cremonensis,
407 1918 532 1957 JCtus
552 1948 559 1966 ,
590 1929 612 1956 a
634 1919 844 1957 Francisco
865 1918 893 1956 Ι.
913 1931 1035 1970 eque-

67 1979 139 2017 stri
164 1978 358 2030 dignitate
389 1980 626 2030 insignitus‚
658 1991 765 2019 unus
791 1991 840 2018 ex
894 1981 1034 2020 Status

63 2039 271 2078 Mediolani
297 2039 485 2091 Syndicis
502 2041 727 2087 fiscalibus,
743 2041 839 2080 obiit
853 2053 887 2080 a.
911 2043 1030 2081 4549.

64 2102 225 2152 scripsit
253 2101 301 2141 de
315 2102 416 2153 jure
433 2101 542 2153 fisci,
565 2101 612 2141 de
628 2101 960 2154 mayz’stratibus,
986 2103 1033 2142 a'e

59 2175 190 2216 poena
217 2163 486 2214 arbitranda,
519 2164 566 2203 de
592 2164 719 2217 furtis
751 2164 967 2215 puniendis
997 2169 1035 2204 et

64 2225 111 2264 de
136 2225 301 2266 testibus
329 2226 626 2266 eaeaminandis.
666 2226 785 2265 Arisii
832 2227 1031 2266 Cremona

63 2287 219 2327 literata
239 2293 336 2327 tom.
359 2289 374 2327 Ι
396 2301 434 2340 p.
455 2289 544 2328 368.

119 2349 465 2388 SEBASTIANUS
488 2348 716 2401 Aquilanus
731 2381 741 2396 ‚
757 2350 900 2401 Aquila
920 2352 1031 2402 regni

63 2411 310 2462 Neapolitani
332 2411 430 2449 urbe
454 2411 668 2460 oriundus,
691 2411 872 2451 medicus
896 2417 936 2449 et
957 2412 1033 2450 Ga-

64 2474 142 2513 leni
169 2476 376 2520 sectatus,
415 2472 509 2510 obiit
552 2483 587 2510 a.
632 2471 746 2511 ⁴443.
780 2471 946 2523 Scripsit
987 2471 1035 2511 de

67 2533 206 2574 morbo
237 2533 387 2574 Gallico
407 2566 417 2583 ,
444 2535 539 2573 item
571 2533 618 2572 de
647 2532 759 2585 febre
798 2533 1030 2584 sanquinea.

0 2612 11 2629 ν
62 2598 180 2637 Basil.
209 2596 325 2637 4537.
341 2601 382 2636 et
402 2595 525 2647 Lugd.
555 2595 668 2635 4532.
689 2606 781 2634 cum
803 2597 934 2634 Marco
955 2595 1030 2633 Ga-

0 2679 1 2694 ³
64 2660 207 2699 tinara.
229 2659 461 2705 Gesnerus,
487 2658 624 2708 Toppii
648 2657 746 2695 Bibl.
770 2656 1027 2706 Neapolitana

64 2733 102 2772 p.
127 2721 217 2760 276.
247 2720 448 2760 Mercklini
474 2718 692 2758 Lindenius
719 2722 939 2756 renovatus
990 2729 1023 2767 p.

0 2814 1 2817 η
65 2783 158 2823 964.
200 2783 290 2823 962.
330 2782 351 2805 ³*
379 2781 627 2834 Opusculum
672 2781 758 2819 eius
802 2779 848 2817 de
891 2777 1026 2816 morbo

68 2843 217 2884 Gallico
260 2846 437 2895 itemque
482 2843 528 2882 de
554 2841 666 2895 febre
700 2840 907 2891 scinyuinis
948 2852 1023 2879 una

66 2917 159 2946 cum
189 2908 318 2946 Marco
346 2906 553 2945 Gattinaro
584 2905 639 2942 De
673 2903 783 2941 curis
807 2901 1026 2953 aeyritudi—

66 2979 163 3007 num
192 2965 511 3019 particula-rium
553 2966 678 3005 multo
709 2969 828 3012 ante,
869 2962 1026 3013 Lugdu-

11 3030 15 3032 ’
67 3041 236 3070 nensem
266 3029 481 3068 editionem
514 3029 607 3066 anni
635 3028 738 3067 4532
780 3026 923 3076 prodiit
952 3027 1023 3063 Bo-

10 3131 12 3135 ,
68 3092 210 3131 noniae
240 3091 278 3128 in
309 3091 344 3128 8.
375 3090 628 3139 Quamquam
659 3090 764 3126 enim
791 3098 923 3126 annus
945 3097 1022 3123 non

71 3154 284 3194 adnotatur
312 3151 443 3191 adhuc
473 3156 607 3189 tamen
656 3151 932 3188 vetustissima
963 3151 1024 3185 est

23 3222 35 3233 “
71 3216 217 3260 editio,
248 3219 292 3254 ut
321 3226 371 3253 ex
401 3216 566 3263 aspectu
611 3211 856 3261 intelligitur.
893 3211 1024 3256 Quare

72 3277 354 3330 Lugdunensis
383 3275 430 3315 ad
462 3274 753 3312 Bononiensem
786 3273 902 3310 istam
933 3282 1024 3310 exa-

74 3346 137 3382 cta
181 3343 256 3380 est.
299 3338 344 3377 ln
393 3335 536 3379 Codice
567 3335 644 3375 525
675 3335 795 3374 latino
838 3333 1020 3372 Biblioth.

1999 252 2076 292 451

1107 326 1369 365 Taurinensis
1398 328 1510 363 extat
1540 322 1765 362 Sebastiani
1798 322 2072 374 Aquileiensis

1108 387 1239 437 (idest
1267 386 1316 424 do
1350 386 1563 436 Aquiolta,
1597 390 1640 423 ut
1686 384 1854 423 inferius
1898 386 2074 436 explica-

1108 450 1184 497 tur)
1209 446 1452 488 Medicinam
1477 445 1733 484 ordinariam
1759 446 1982 485 Ferrariae
1998 459 2073 499 pu-

1111 509 1208 548 blice
1245 509 1469 560 profitentis
1510 508 1719 559 quaestio,
1764 511 1903 546 utrum
1939 519 2079 546 secun-

1105 571 1204 610 dnm
1237 569 1380 609 Galeni
1401 570 1644 609 Sententiam
1671 569 1788 608 detur
1810 581 1934 608 unum
1959 581 2077 609 mem-

1107 631 1225 670 brum
1265 630 1673 683 principalissimum.
1712 631 1768 669 lbi
1803 643 1962 682 quoque
2001 631 2080 671 duo

1103 693 1177 732 alia
1208 692 1390 731 eiusdem
1423 693 1630 742 scriptoris
1670 693 1864 742 opuscula
1911 703 2079 731 servan-

1105 760 1171 794 tur
1201 764 1367 803 nemper
1399 753 1453 790 De
1475 752 1612 792 causis
1645 753 1974 804 periodicationis
2009 754 2080 793 hu-

1105 827 1261 854 morum
1295 813 1512 853 secundum
1559 813 1751 853 Galenum
1793 816 1984 854 sententia
2032 817 2079 854 D.

1104 875 1336 916 Sebastiam·
1362 873 1414 912 ab
1451 874 1601 926 Aquila
1629 877 1778 927 Papiae
1799 876 2076 917 determinata.

1105 938 1292 988 Quaestio
1317 938 1364 974 D.
1394 936 1628 977 Sebastiam·
1655 941 1828 988 tempore
1873 949 1944 977 suo
1986 940 2072 991 pri-

1104 1011 1190 1039 mas
1221 999 1441 1039 cathedras
1471 998 1691 1038 Medicinae
1733 1000 1773 1038 in
1815 999 1936 1039 Italia
1978 1000 2076 1040 obti-

1104 1062 1233 1101 nentis
1264 1061 1310 1100 de
1337 1064 1590 1112 putrescente
1616 1061 1834 1112 Sanquine.
1860 1062 1881 1084 *⁵

1161 1122 1516 1162 SEBASTIANUS
1537 1122 1688 1166 Brand,
1714 1124 1840 1161 latine
1867 1123 1983 1171 Titio,
2004 1125 2077 1163 Ar-

1105 1185 1384 1235 gentinensis,
1417 1188 1537 1222 natus
1561 1195 1580 1222 a
1624 1185 1740 1223 4458.
1760 1185 1832 1223 lus
1853 1185 1971 1223 civile
2011 1186 2079 1224 do-

1105 1247 1188 1284 cuit
1217 1247 1391 1296 primum
1424 1246 1628 1293 Basileae,
1660 1245 1804 1284 deinde
1837 1249 1872 1284 in
1922 1248 2074 1296 patria,

1106 1307 1173 1345 ubi
1202 1308 1313 1356 Reip.
1343 1307 1518 1356 primum
1536 1305 1767 1345 Advocatus
1787 1312 1827 1345 et
1845 1308 2047 1357 Syndicus
2061 1340 2072 1356 ,

1107 1371 1246 1417 postea
1276 1368 1550 1406 cancellarius
1582 1368 1680 1406 fuit:
1712 1369 1808 1407 obiit
1828 1370 1890 1408 VI.
1917 1369 2076 1422 ld.Maji

1108 1440 1142 1466 a.
1177 1428 1294 1467 4524.
1324 1428 1492 1478 Scriptis
1523 1427 1611 1478 ejus
1642 1430 1766 1467 variis
1810 1432 2074 1481 congerendis

1108 1500 1270 1540 operam
1303 1489 1471 1527 navabo.
1502 1489 1607 1527 Sunt
1637 1493 1774 1527 autem
1807 1494 2049 1541 sequentia:

1163 1550 1453 1601 Aryumentum
1483 1549 1524 1588 in
1548 1549 1638 1588 Jac.
1667 1550 1960 1603 Wimphelinyii
1975 1554 2077 1593 Car-

1113 1622 1200 1650 men
1231 1611 1278 1649 de
1307 1615 1496 1662 conceptu
1525 1611 1711 1662 viryinis.
1728 1613 1847 1651 Basil.
1871 1614 1988 1652 4494.
2011 1616 2046 1652 4.

1165 1673 1252 1712 Das
1281 1673 1399 1711 Narn
1429 1671 1549 1724 Seliif
1569 1684 1645 1712 von
1662 1674 1937 1725 Narrayonia,
1959 1676 2073 1716 1494.

1113 1736 1148 1772 4.
1178 1736 1318 1773 Latino
1347 1735 1527 1773 carmine
1557 1737 1759 1785 expressit
1788 1737 1960 1775 Jacobus
2007 1740 2076 1777 Lo-

1113 1797 1262 1836 cherus
1283 1827 1292 1845 ,
1324 1796 1400 1835 sub
1429 1797 1546 1835 titulo
1577 1795 1791 1849 Stultifera
1819 1799 1959 1847 navis,
1988 1811 2077 1850 pro-

1113 1859 1182 1897 diit
1212 1859 1298 1896 sine
1331 1860 1534 1897 mentione
1564 1859 1636 1897 loci
1670 1858 1784 1898 4497.
1817 1859 1852 1896 4.
1870 1864 1910 1897 et
1926 1859 2076 1910 Argen-

1112 1920 1218 1957 tinae
1249 1919 1389 1957 eodem
1420 1931 1554 1969 anno,
1586 1921 1707 1958 Paris.
1737 1931 1807 1969 per
1836 1920 2073 1960 Gaufridum

1109 1980 1158 2019 de
1188 1981 1365 2028 Marmei,
1398 1982 1518 2020 4498.
1547 1983 1581 2020 4.
1629 1985 1669 2020 et
1714 1981 1910 2030 Basileae,
1956 1993 2074 2032 opera

1106 2043 1164 2080 Jo.
1195 2045 1422 2094 Bergmann
1455 2043 1504 2082 de
1534 2043 1633 2094 Olpe
1665 2044 1779 2082 4498.
1814 2044 1848 2080 4.
1897 2048 1937 2082 et
1982 2045 2074 2084 alibi

1106 2104 1255 2143 Gallice
1286 2104 1362 2142 sub
1393 2104 1538 2142 titulo:
1570 2106 1626 2142 La
1654 2102 1738 2155 Nef
1771 2103 1839 2142 des
1885 2104 1975 2143 Fols
2020 2106 2074 2144 du

1107 2165 1275 2212 Moncle‚·
1304 2166 1351 2203 de
1378 2166 1525 2205 nouvel
1550 2165 1745 2205 translate
1780 2177 1863 2217 par
1908 2166 2073 2206 maistre

1106 2228 1198 2265 Joce
1228 2226 1347 2264 Bade.
1379 2229 1498 2266 Paris.
1531 2227 1645 2266 4497.
1679 2228 1781 2265 folio.
1806 2228 1862 2265 De
1880 2228 1967 2266 aliis
1986 2241 2075 2268 ver-
2145 2260 2152 2268 .

1109 2288 1310 2336 sionibUS,
1340 2287 1533 2338 Anglica,
1563 2287 1720 2337 Belgica
1751 2291 1826 2325 etc·
1856 2288 1948 2326 vide
1966 2288 2074 2327 Hen-

1107 2349 1271 2387 dreichii
1301 2348 1524 2387 Pandectas
1567 2347 1940 2399 Brandenburgicas
1983 2361 2070 2401 pag.

1106 2411 1196 2449 703.
1227 2411 1320 2448 704.

1159 2474 1213 2510 De
1244 2472 1395 2522 oriyine
1425 2474 1463 2509 et
1504 2470 1801 2509 conversatione
1845 2471 1992 2520 Reyum
2035 2476 2074 2510 et

1106 2532 1222 2572 lande
1251 2534 1429 2572 civitatis
1460 2531 1769 2582 Hierosolymae,
1796 2531 1886 2569 item
1916 2530 2019 2570 Belli
2043 2544 2070 2570 a

1106 2594 1348 2634 Christianis
1379 2593 1433 2631 ad
1451 2604 1538 2631 eum
1555 2591 1874 2642 recuperandum
1888 2593 1992 2643 9esti
2013 2593 2069 2632 hi-

1112 2656 1250 2694 storia.
1282 2656 1400 2693 Basil.
1434 2655 1549 2693 4495.
1584 2655 1618 2691 4.

1157 2718 1326 2755 Facetns
1360 2728 1415 2755 ecc
1463 2715 1584 2754 latino
1632 2715 1865 2754 Germanice
1903 2716 1938 2754 4.
1984 2718 2069 2755 sine

1100 2790 1203 2817 anno
1233 2783 1273 2817 et
1303 2779 1400 2817 loco.
1437 2778 1683 2827 Exemplum
1729 2778 1843 2816 adest
1888 2779 1924 2815 in
1971 2779 2068 2817 Bibl.

1103 2840 1462 2889 Heilsbrunnensi,
1481 2844 1584 2878 teste
1603 2839 1786 2877 Hochero
1803 2851 1840 2890 p.
1858 2840 1946 2878 45¹.
1979 2840 2068 2878 489.

1153 2901 1346 2940 Poematia
1388 2902 1509 2941 varia
1531 2934 1539 2949 ‚
1564 2902 1667 2940 Basil
1712 2903 1725 2939 4
1738 2901 1814 2938 498
1870 2901 1903 2938 4.
1929 2905 1969 2938 et
1993 2901 2068 2940 sub

1102 2965 1221 3002 titulo
1241 2978 1247 3001 :
1277 2963 1472 3002 Carmina
1493 2964 1625 3002 varia.
1652 2963 1817 3013 Argent.
1844 2963 1959 3000 4498.
1981 2962 2018 2999 [ι.

1153 3025 1216 3064 Ad
1240 3027 1285 3063 D.
1310 3025 1633 3064 Illamimiliannm
1657 3056 1665 3071 ‚
1694 3036 1731 3061 ιιι
1764 3023 1883 3061 vitam
1914 3027 1949 3061 et
1978 3034 2067 3061 con-

1101 3087 1367 3126 versationem
1386 3087 1536 3137 Requm
1560 3084 1690 3124 Israel
1719 3089 1756 3122 et
1785 3084 1924 3122 Jndae.
1948 3087 2063 3123 Basil.

1102 3150 1217 3189 4498.
1245 3149 1282 3187 4.
1318 3148 1539 3187 Videndum
1571 3159 1701 3185 annon
1743 3145 1846 3185 idem
1886 3148 1937 3184 sit
1971 3158 2063 3186 cum

1100 3211 1314 3262 opusculO,
1341 3209 1444 3259 quod
1468 3209 1542 3247 sub
1568 3220 1676 3247 num.
1698 3209 1732 3245 3.
1759 3208 2012 3259 protulimus.

1155 3270 1430 3322 Emposzeiones
1451 3282 1485 3309 s.
1505 3269 1793 3308 declarationes
1814 3269 1986 3308 onmium
2009 3270 2057 3308 ti-

1103 3331 1272 3371 tulorum
1286 3331 1399 3383 juris
1437 3335 1516 3370 tam
1540 3331 1696 3378 civilis,
1718 3342 1837 3383 quam
1867 3331 2065 3371 canonici.
