2517 4009
900 211 1276 250 sEDULlUs

96 284 189 333 Ord.
217 282 535 323 praedicatorum
551 292 586 319 3.
608 282 722 321 4546,
742 284 959 334 impresso,
983 284 1056 322 lta-

9 384 11 392 4
89 347 162 385 lice
195 345 296 384 idern
337 355 372 391 a,
409 342 526 382 4524.
560 343 695 382 Latina
734 346 900 395 repetita
935 349 996 383 est
1018 345 1054 382 in

94 406 206 446 Actis
230 406 298 445 SS.
324 409 432 444 tomo
451 405 494 443 V.
520 405 607 456 Maji
634 418 670 456 p.
697 407 787 445 320.

148 465 502 508 SEBASTIANUS
525 467 748 519 Episcopus
770 467 1056 508 Salmanticen-

94 531 152 570 sis
175 529 371 580 ,Scripsit
413 527 656 577 Chronicon,
691 531 726 567 in
753 542 831 581 quo
857 529 1053 569 Isidorum

93 594 309 632 Pacensem
327 590 387 629 ab.
409 602 442 629 a.
469 591 558 628 896.
583 603 710 642 usque
731 591 777 630 ad
803 592 958 630 initium
981 592 1055 629 Ve-

96 652 279 692 remundi
301 652 421 702 Regis
446 654 663 692 continuat.
703 653 839 692 Edidit
867 663 958 691 cum
985 653 1054 690 lsi-

93 713 190 752 doro
228 712 469 752 Prudentius
500 713 548 752 de
588 713 786 753 Sandoval
806 745 814 763 ‚
854 714 1053 764 I’ampelo·

96 785 171 814 nae
209 776 325 815 ⁴634.
359 774 508 813 Auctor
545 775 783 825 quibusdam
828 780 891 813 est
915 785 1054 825 suspe-

93 841 197 876 ctus.
217 835 314 876 Vide
338 835 541 875 Oudinum
565 841 670 874 torno
695 837 724 874 Ι.
746 848 783 886 p.
811 836 927 875 4794.

146 897 496 937 SEBASTlANUS
534 897 725 946 Sericus,
755 897 1054 936 Saludeciensis

94 971 145 999 ex
167 970 262 1012 agro
297 958 561 1008 Ariminensi,
605 961 816 1010 Magister,
857 961 1053 1000 incertum

90 1021 324 1072 Theologiae
353 1033 405 1060 au
430 1021 703 1072 Philosophiae
720 1053 730 1070 ‚
751 1023 854 1060 circa
875 1034 910 1060 a.
935 1022 1051 1062 4548.

91 1083 260 1134 Scripsit
302 1082 429 1122 Vitam
456 1083 504 1122 B.
546 1082 704 1130 Amaci,
744 1083 1050 1129 Saludecensis,

89 1155 193 1195 quae
217 1144 351 1184 ltalice
373 1144 529 1183 reddita
551 1157 572 1183 a
596 1145 740 1184 ,Iacobo
765 1145 936 1183 Antonio
967 1156 1055 1195 pro-

90 1205 164 1243 diit
186 1205 355 1245 Arimini
379 1205 483 1245 4599
508 1211 548 1244 et
570 1207 687 1245 4609.
716 1207 837 1245 latine
870 1217 967 1243 vero
1003 1217 1053 1243 ex

89 1266 335 1318 autographo
360 1269 398 1304 in
419 1266 530 1305 Actis
547 1266 785 1306 Sanctorum
804 1273 897 1305 tom.
918 1269 946 1306 Ι.
963 1267 1051 1316 Maji

95 1340 182 1380 pag.
206 1328 295 1386 3148.

141 1388 496 1429 SEBASTIANUS
511 1389 750 1440 Sperantius
766 1419 774 1436 ,
798 1391 1052 1440 Praepositus

89 1451 364 1500 Brixincnsis,
388 1451 614 1490 Caesareus
634 1455 674 1489 et
694 1449 914 1490 Gurcensis
935 1452 1053 1501 (Ray-

88 1512 228 1552 mundi
252 1513 338 1552 scil.
357 1512 583 1552 Cardinalis
604 1513 848 1561 Gurcensis)
873 1512 1054 1552 Secreta-

93 1576 188 1614 rius.
212 1575 381 1625 Scripsit
400 1573 622 1626 Epistolam
649 1587 768 1615 unam
791 1576 838 1615 ad
865 1575 1052 1615 Reucbli-

92 1648 216 1685 num,
238 1637 276 1674 in
306 1648 384 1686 qua
414 1637 544 1687 ipsum
577 1637 680 1675 bono
709 1639 843 1676 animo
873 1649 964 1676 esse
989 1638 1055 1688 ju—

88 1698 186 1746 bet,
216 1700 334 1749 eique
365 1700 403 1736 in
433 1704 708 1738 controversia
757 1711 830 1740 sua
874 1701 1052 1739 favorem

90 1759 314 1800 Cardinalis
340 1761 400 1799 sui
426 1761 637 1811 promittit.
665 1762 788 1800 Extat
815 1763 919 1800 inter
953 1763 1054 1800 Reu-

91 1821 314 1861 chlinianas
336 1834 375 1873 p.
397 1823 458 1860 66.
484 1822 521 1860 b.

145 1883 430 1932 SEBASTUS,
453 1885 513 1922 vir
533 1889 700 1924 sanetus
724 1886 762 1924 in
793 1885 964 1924 dioecesi
994 1887 1056 1924 Bi-

90 1945 283 1984 turicensi
303 1975 312 1993 ,
359 1956 439 1984 sec.
483 1947 548 1984 III.
592 1946 720 1986 Vitam
762 1948 801 1986 S.
835 1946 1031 1999 Genulphi
1045 1976 1054 1996 ‚

88 2007 275 2058 Episcopi
321 2008 586 2047 Bituricensis
632 2009 758 2048 literis
787 2010 1052 2059 consignavit.

89 2067 168 2107 Sed
192 2080 240 2108 ea
258 2079 308 2108 an
331 2069 464 2109 adhuc
484 2075 644 2119 exstet,
670 2071 850 2110 nondum
880 2075 1052 2110 constat.

93 2128 191 2169 Acta
216 2131 453 2170 Sanctorum
479 2136 508 2169 t.
533 2132 580 2170 Il.
605 2133 692 2171 Jan.
720 2145 756 2183 p.
783 2134 846 2172 84.
867 2133 932 2171 89.
961 2133 1024 2171 97.

146 2191 490 2239 SECUNDlNUS‚
507 2194 605 2232 alias
619 2193 853 2234 Sechnatlus
871 2200 911 2233 et
929 2194 1052 2234 Scha—

85 2252 250 2305 9hlinus
271 2283 280 2302 ,
298 2254 403 2293 filius
427 2256 614 2295 Restituti
648 2256 893 2308 Longobardi
913 2261 954 2295 et
975 2258 1046 2295 Da-

93 2310 206 2354 recae
226 2317 374 2354 sororis
400 2317 440 2354 S.
463 2318 633 2366 Patricii,
661 2319 750 2356 439.
775 2320 887 2356 venit
919 2320 954 2357 in
982 2318 1051 2356 Hi-

92 2377 272 2416 berniam
292 2405 300 2424 ,
318 2382 503 2416 mortuus
523 2390 559 2416 a.
581 2378 672 2417 4h8.
694 2382 837 2419 aetatis
854 2381 917 2420 75.
935 2382 1051 2421 Corn-

94 2439 228 2489 posuit
249 2438 449 2490 Hymnum
476 2438 517 2476 in
533 2438 690 2478 laudem
713 2442 754 2480 S.
784 2441 957 2480 Patricii
989 2453 1051 2480 se—

91 2499 268 2539 cundum
302 2499 483 2538 ordinem
521 2501 742 2552 Al-pHabeti.
782 2502 977 2541 Waraeus
1001 2503 1050 2541 de

92 2563 262 2613 scriptor
287 2561 496 2601 Hiberniae
531 2567 632 2613 part.
657 2563 693 2601 2.
721 2575 756 2614 p.
788 2565 876 2602 403.
906 2563 1050 2602 Editus

91 2624 157 2663 ille
180 2629 244 2663 est
264 2625 302 2662 in
323 2624 382 2662 Jo.
404 2624 568 2676 Colgani
593 2625 733 2663 Triade
751 2625 1049 2676 Thavmaturga

90 2687 327 2726 Sanctorum
362 2686 570 2725 Hiberniae
595 2698 633 2736 p·
655 2687 744 2726 244.
770 2692 809 2724 et
833 2699 854 2725 a
881 2688 1049 2726 Waraeo

88 2752 178 2799 post
201 2758 319 2798 opera
346 2747 504 2786 Patricii
528 2759 552 2798 p
575 2749 664 2787 446.
692 2748 787 2787 Vide
809 2760 911 2798 quae
936 2750 1050 2787 Biva-

91 2811 228 2848 varius
253 2813 364 2848 notat
389 2809 437 2848 ad
463 2810 608 2849 Chr-on.
634 2811 790 2849 Maximi
819 2823 851 2860 p.
877 2810 966 2848 700.

143 2870 411 2912 SECUNDIM
452 2871 677 2911 Manichaei
704 2871 882 2924 Epistola
898 2873 946 2911 ad
971 2873 1056 2912 Au--

90 2934 298 2984 gustinum
319 2962 327 2982 ,
364 2937 498 2972 exstat
539 2937 576 2973 in
624 2934 744 2986 hujus
789 2935 985 2985 Operibus
1021 2940 1047 2974 t.

93 2995 160 3033 VI.
182 2993 276 3033 edit.
300 2995 500 3034 Benedict.

145 3055 260 3094 Alius
284 3056 500 3096 Secundini
525 3059 683 3098 libellus
705 3059 751 3098 de
771 3059 924 3110 origine
950 3061 1047 3099 Tur-

91 3127 232 3156 carum
253 3117 332 3156 MS.
353 3123 488 3157 exstat
518 3121 556 3158 in
588 3122 684 3160 Bibl.
717 3122 871 3172 publica
901 3123 1052 3161 Norim-

91 3179 290 3230 bergensi.
312 3179 589 3220 llallevordius
613 3183 661 3221 ad
692 3183 889 3222 Vossium.

147 3239 466 3282 SECUNDlNUS
493 3245 690 3292 Ventura,
714 3244 895 3284 Andreae
918 3246 1050 3293 silius,

96 3304 205 3344 Civis
228 3307 267 3342 et
285 3304 470 3344 Notarius
495 3306 693 3345 Astensis.
717 3307 882 3356 Sci-ipsit
912 3309 1053 3347 Memo-

2008 210 2087 250 453

1133 281 1257 321 riales
1280 282 1325 321 (le
1351 272 1470 323 r'ebus
1492 282 1723 323 Astensz'um
1748 282 1797 320 ab
1830 293 1865 320 a.
1902 281 2004 320 4449
2039 280 2088 318 ad

1134 344 1248 384 4457.
1275 345 1378 393 quod
1405 346 1557 385 editum
1582 350 1644 384 cst
1668 356 1689 383 3
1726 344 1937 383 Muratorio
1967 343 2005 381 S.
2044 343 2086 380 R.

1132 407 1217 446 Ital.
1239 412 1335 446 tom.
1355 408 1422 446 XI.
1450 419 1489 458 p.
1510 408 1601 448 269.

1187 468 1480 517 SECUNDUS,
1514 468 1714 508 Historiae
1742 464 2093 517 Lonyobardorum

1130 531 1325 580 scriptor,
1372 530 1448 570 sub
1494 530 1684 569 Heraclio.
1730 529 1874 568 Paulus
1921 527 2090 566 Warne-

1130 592 1216 630 fridi
1244 594 1308 631 ΙΙΙ.
1329 593 1393 633 29.
1420 587 1598 631 Mortuus
1617 597 1680 630 est
1699 622 1707 640 ,
1727 591 1865 629 eodem
1888 594 2006 631 teste.
2029 590 2091 629 IV.

1129 652 1190 693 te..
1222 653 1400 693 Tridenti
1424 654 1629 694 Secundus
1663 663 1807 692 servus
1835 651 2002 692 Christi.
2047 653 2091 690 In

1128 717 1230 754 serie
1279 727 1374 754 vero
1429 717 1716 767 Episcoporum
1768 715 2091 753 Tridentinorum

1128 777 1202 815 hoc
1227 788 1370 816 nomen
1398 789 1473 816 non
1491 779 1688 825 occurrit,
1711 777 1815 816 unde
1832 777 2012 816 Clericus
2036 778 2093 814 in-

1130 839 1286 878 ferioris
1307 839 1518 890 dignitatis
1542 840 1712 877 fortasse
1739 839 1823 877 fuit.

1183 901 1443 949 SEDATUS,
1471 902 1698 952 Episcopus
1734 901 1973 938 Biterrensis
1990 931 1999 946 ‚
2025 902 2091 951 qui

1128 974 1161 1001 a.
1202 953 1307 1001 589.'
1335 962 1512 1001 Concilio
1551 963 1741 1001 Toletano
1783 966 1824 1000 et
1848 962 2092 1000 Narbonensi

1129 1025 1321 1072 interfuit,
1338 1030 1477 1064 auctor
1494 1029 1557 1064 est
1578 1023 1774 1063 Homiliae
1797 1022 1843 1061 de
1868 1022 2093 1074 Epiphania

1130 1087 1300 1135 primum
1326 1086 1510 1137 Lugduni
1536 1097 1627 1125 cum
1660 1085 1877 1136 Opusculis
1917 1096 2093 1135 quorun-

1130 1147 1219 1186 dam
1246 1149 1408 1187 Patrum
1438 1148 1554 1188 4645.
1587 1159 1609 1186 3
1635 1147 1788 1185 'l‘homa
1826 1147 1980 1186 Galleto
2013 1147 2094 1185 edi—

1130 1215 1216 1260 tae,
1240 1215 1330 1260 post
1354 1213 1391 1248 in
1431 1211 1526 1249 Bibl.
1566 1213 1633 1249 ΡΙ).
1668 1211 1844 1248 Parisina
1867 1213 1907 1247 et
1935 1209 2093 1247 Coloni-

1127 1273 1214 1309 ensi
1246 1273 1350 1310 inter
1378 1274 1522 1311 aetatis
1559 1274 1734 1310 incertae
1777 1272 1992 1322 scriptores
2027 1282 2093 1320 po-

1129 1333 1252 1382 sitae,
1277 1334 1339 1372 cui
1366 1333 1528 1372 tandem
1555 1335 1593 1370 in
1616 1332 1872 1383 Lugdunensi
1903 1338 1998 1371 tom.
2019 1331 2089 1370 XI.

1128 1407 1164 1445 p.
1192 1394 1310 1434 4093.
1336 1406 1481 1433 nomen
1507 1395 1692 1444 Episcopi
1717 1395 1958 1433 Citerrensis
1973 1406 2092 1445 appo-

1128 1462 1313 1496 suerunt.
1349 1458 1459 1494 Inter
1491 1458 1619 1506 Opera
1658 1457 1871 1505 Augustini
1911 1460 2001 1493 tom.
2043 1457 2088 1493 V.

1129 1518 1224 1557 edit.
1249 1518 1398 1557 Bened.
1419 1517 1601 1568 Append.
1624 1529 1661 1568 p.
1686 1517 1776 1555 235.
1802 1521 1935 1554 exstat
1959 1529 2090 1555 sermo

1127 1580 1174 1619 de
1204 1578 1401 1619 Kalendis
1439 1579 1698 1625 Jannuariz's‚
1732 1579 1799 1628 qui
1841 1579 1878 1615 in
1903 1579 1984 1617 MS.
2010 1579 2095 1616 Flo-

1128 1644 1324 1681 riacensis
1348 1642 1539 1681 Abbatiae
1571 1641 1718 1681 Sedato
1748 1642 1944 1692 Episcopo
1975 1641 2097 1679 tribu-

1130 1707 1208 1743 itur
1228 1735 1235 1753 ,
1253 1704 1419 1743 dubium
1438 1715 1486 1742 an
1505 1703 1598 1742 huic
1616 1708 1763 1742 nostro.
1782 1705 1962 1753 Denique
1985 1714 2095 1740 men-

1132 1768 1185 1804 tio
1209 1765 1390 1805 facienda
1421 1769 1482 1804 est
1509 1764 1781 1816 Epistolarum
1811 1765 1933 1804 trium
1963 1763 2094 1803 Sedati

1131 1827 1185 1867 ad
1207 1827 1426 1868 Ruricium
1440 1827 1752 1867 Lemovicensem
1770 1859 1778 1877 ,
1797 1839 1902 1878 quas
1921 1827 2094 1866 Canisus

1130 1890 1253 1929 edidit
1273 1892 1425 1940 antiqu.
1453 1891 1685 1928 Lectionum
1715 1893 1813 1927 tom.
1850 1890 1894 1927 V.
1926 1893 2025 1938 part.
2056 1888 2092 1926 2.

1132 1964 1218 2003 pag.
1246 1953 1335 1991 438.
1361 1951 1443 1990 edit
1463 1963 1589 1990 novae
1605 1955 1700 1989 tom.
1722 1952 1768 1989 Il.
1792 1954 1890 2001 part.
1912 1949 2093 2000 2.ρ.360.

1131 2015 1219 2053 362.
1245 2013 1334 2053 367.
1360 2013 1477 2064 cujus
1513 2025 1674 2064 quoque
1713 2013 1760 2052 ad
1804 2017 1986 2052 nostrum
2025 2012 2095 2050 ali-

1128 2081 1225 2128 quot
1256 2077 1458 2127 Epistolae
1483 2081 1660 2115 exstant.
1690 2075 1896 2114 Habentur
1934 2085 2094 2124 quoque

1127 2143 1234 2177 tomo
1269 2139 1318 2177 ΙΙ.
1351 2139 1621 2177 Conciliorum
1657 2136 1885 2185 Harduini⁷
1919 2141 1961 2176 ut
1997 2136 2094 2175 alias

1126 2200 1322 2238 editiones
1360 2204 1528 2238 taceam.
1574 2200 1652 2238 Has
1691 2199 1894 2249 Epistolas
1928 2197 2090 2248 quidam

1126 2261 1271 2301 Sedato
1292 2262 1628 2300 Nemausensium
1663 2261 1857 2310 Episcopo
1878 2260 2063 2298 tribuunt
2083 2289 2092 2307 ,

1124 2325 1190 2374 qui
1216 2334 1251 2361 a.
1267 2323 1368 2361 506.
1399 2322 1575 2361 Concilio
1599 2321 1845 2371 Agathensi‚
1867 2325 1907 2358 et
1934 2331 1969 2358 a.
2001 2320 2092 2359 507.

1123 2384 1318 2423 Tolosano
1343 2383 1535 2422 interfuit.
1560 2382 1673 2421 Adde
1704 2383 1803 2420 Ilist.
1834 2382 2007 2420 literaire
2038 2380 2088 2419 de

1124 2447 1160 2485 la
1189 2447 1340 2484 France
1361 2449 1459 2483 torn.
1484 2446 1549 2483 lll.
1576 2456 1601 2495 p
1636 2444 1728 2482 362.

1180 2505 1338 2546 Coetzus
1370 2506 1620 2546 SEDULIUS
1644 2506 1788 2544 Scotus
1813 2505 1932 2555 vulgo
1964 2504 2087 2543 fuisse

1123 2569 1291 2614 dicitur,
1314 2569 1405 2617 quia
1423 2598 1432 2615 ,
1466 2566 1686 2605 Trithemio
1725 2570 1827 2604 teste
1851 2595 1859 2613 ,
1890 2577 1934 2604 se
1967 2567 2003 2603 in
2031 2567 2090 2604 in-

1123 2632 1340 2681 scriptione
1379 2629 1649 2679 Epistolarum
1689 2627 1940 2678 Scotiqenam
1975 2627 2091 2666 dixit.

1126 2691 1201 2731 Sed
1228 2692 1361 2730 Scotia
1383 2696 1478 2730 tunc
1504 2691 1696 2741 temporis
1720 2690 1927 2728 dicebatur
1949 2719 1957 2734 ‚
1982 2700 2086 2738 quae

1125 2765 1231 2793 nunc
1256 2758 1320 2791 cst
1344 2752 1560 2800 Hibernia,
1592 2757 1708 2803 prout
1744 2752 1859 2789 docet
1890 2753 1972 2790 Jac.
2019 2752 2091 2789 Us-

1123 2816 1252 2854 serius
1277 2814 1325 2852 de
1358 2816 1676 2853 Britannicarum
1702 2814 1977 2852 Ecclesiarum
2010 2814 2088 2863 pri-

1124 2876 1299 2915 mordiis.
1341 2875 1629 2927 Presbyterum
1662 2876 1782 2926 vulgo
1818 2880 1962 2913 vocant
1993 2885 2083 2913 cum

1124 2938 1271 2977 Isidoro
1299 2939 1520 2989 Ilispalensi
1546 2950 1633 2988 cap.
1656 2938 1694 2975 7.
1721 2937 1957 2988 Episcopum
1980 2937 2089 2986 Sige-

1124 3001 1262 3039 bcrtus
1286 3000 1588 3039 Gemblacensis
1613 3010 1646 3037 c.
1669 3000 1704 3036 6.
1729 2998 1951 3036 :masticem
1979 2999 2089 3037 Libe-

1125 3063 1209 3101 rius
1253 3067 1293 3100 et
1340 3062 1555 3100 Belisarius
1597 3063 1633 3098 in
1670 3059 1970 3106 Acrosticliide,
2017 3071 2089 3098 nec

1126 3135 1202 3162 non
1228 3123 1356 3161 Anon.
1383 3123 1620 3161 Mellicensis
1641 3134 1677 3161 c.
1697 3123 1759 3160 35.
1787 3122 1892 3161 uude
1919 3122 2089 3161 Pseudo-

1126 3187 1275 3223 Dexter
1302 3185 1337 3220 in
1364 3183 1560 3221 Chronico
1582 3184 1628 3222 ad
1655 3195 1689 3222 a.
1717 3184 1805 3221 128.
1828 3186 1956 3233 ipsum
1977 3184 2089 3235 Epis-

1125 3257 1285 3296 scopmn
1313 3247 1530 3283 orclanum
1555 3246 1591 3282 in
1622 3247 1804 3296 Hispania
1834 3246 1937 3284 fecit.
1961 3246 2089 3285 Hilde-

1127 3309 1307 3359 plionsus
1346 3309 1382 3344 in
1418 3307 1549 3345 homil.
1590 3307 1638 3345 dc
1679 3308 1912 3358 virginitate
1946 3309 2087 3347 Mariae
