2533 4009
451 146 527 182 528

447 217 671 254 tornacensi
696 213 899 255 Monacho,
923 209 1112 247 revocata
1144 211 1269 255 priori
1298 215 1387 259 opi-

445 282 587 317 nione,
618 274 861 312 adscribunt.
891 274 997 311 ,Vide
1029 273 1086 308 ibi
1116 273 1263 318 quibus
1295 285 1386 320 per·

448 319 658 378 morentur
685 337 940 373 coniecturis.
983 335 1104 370 Porro
1147 335 1390 373 Theofridus

444 406 519 440 iste
551 401 748 437 Abbatem
778 398 930 443 agebat
951 397 1278 434 Carmeriensem
1309 401 1389 436 Ve—

441 465 622 501 launensi
654 461 852 496 Dioecesi·

490 522 830 562 THEOFRIDL‘S,
871 522 1006 558 Abbas
1037 523 1382 570 Epternaoensis,

437 585 519 621 ord.
552 584 589 618 S.
622 583 843 626 Benedicti,
875 583 977 618 obiit
1006 591 1040 616 a.
1076 582 1190 617 1110.
1221 585 1390 630 scripsit

444 626 638 682 l'i'txinsS.
668 643 943 680 ll'lllebrorcll.
964 643 1197 680 fundatoris
1217 647 1392 682 eoenobii

435 708 513 746 sui,
543 707 584 741 et-
613 705 926 750 Ultrajecteusis
958 704 1206 751 Archieplsc.
1230 716 1254 742 a
1276 707 1392 744 Surio

432 747 584 804 editam
606 767 645 803 d.
677 767 699 802 7
733 767 824 802 Dec.
857 766 999 803 Flores
1028 767 1231 813 epitaphii
1259 767 1392 805 Sanc-

435 832 569 865 torum.
592 829 659 865 lib.
681 828 747 862 IV.
768 829 836 873 qui
858 828 1139 873 Luxemburgi
1161 828 1265 864 editi
1296 829 1392 865 sunt

428 901 518 925 cum
543 891 628 926 vita
660 892 697 925 S.
731 890 993 926 willebrordi
1013 890 1054 926 et
1074 900 1168 926 cum
1190 891 1300 926 uotis
1332 892 1394 928 Jo.

430 953 611 996 lloberti,
636 953 674 987 S.
704 953 739 986 J.
774 951 889 988 1619.
920 955 956 987 4.
988 952 1078 988 Vid.
1102 953 1192 988 Val.
1215 954 1390 991 Andreae

430 1013 531 1049 Bibl.
564 1013 785 1058 Belgicam.
818 1023 854 1059 p.
888 1013 978 1048 832.
1022 1014 1216 1050 Sweertii
1256 1015 1393 1052 Athe—

428 1084 501 1109 nas
533 1074 718 1120 Belgicus
750 1085 786 1120 p.
821 1074 910 1110 692.
944 1075 1088 1112 leros
1119 1076 1166 1113 de
1197 1085 1390 1115 consum-

430 1138 604 1173 matione
634 1138 779 1181 secali,
811 1147 856 1173 ac
885 1138 934 1174 de
966 1139 1186 1176 novissimo
1228 1141 1308 1186 (lie,
1340 1151 1391 1178 ex

428 1200 712 1245 Eisengreinio
754 1201 834 1245 ipsi
864 1200 1010 1238 tribuit
1050 1202 1298 1240 Possevinus
1327 1205 1391 1240 to-

428 1271 492 1297 mo
514 1262 562 1296 11.
595 1264 828 1309 Apparatus
860 1275 897 1310 p.
931 1265 1024 1301 469.

480 1323 498 1340 ’
527 1325 769 1362 Villebrordi
785 1327 871 1362 vita
897 1337 920 1361 a
936 1328 1050 1364 Surio
1066 1329 1177 1365 edita
1198 1332 1280 1367 alia
1301 1334 1391 1377 pla-

429 1392 478 1418 ne
493 1384 555 1418 est
570 1384 619 1420 ab
632 1393 680 1420 ea
694 1394 816 1430 quam
840 1385 1084 1423 Theou-idus
1099 1390 1277 1438 scripsit;
1297 1393 1389 1428 vul—

427 1445 546 1490 gavit
575 1446 686 1481 enim
720 1446 862 1482 Surius
891 1457 985 1484 eam
1026 1459 1147 1495 quam
1189 1453 1386 1490 Alcuinus

426 1517 546 1552 prosa
567 1508 750 1544 oratione
773 1509 899 1545 dedit.
924 1510 1255 1560 'l'lieoi'ridiopus
1278 1526 1384 1552 nun-

423 1579 546 1614 quam
581 1570 745 1615 prodiit,
778 1571 838 1606 uti
884 1575 1063 1609 monent.
1108 1575 1213 1611 Hist.
1254 1577 1379 1614 Liter.

423 1631 566 1667 Gallia·
601 1633 828 1677 Scriptores
858 1634 888 1669 t.
923 1634 991 1669 IX.
1024 1646 1060 1681 p.
1093 1635 1183 1672 508.
1240 1640 1377 1675 Aliam

427 1694 578 1738 pariter
618 1694 757 1729 Vitam
804 1695 911 1731 idem
953 1698 1088 1734 Abbas
1129 1702 1379 1748 composuit,

426 1767 570 1803 nempe
588 1758 847 1795 8111111111111·
869 1760 1101 1797 Abbatissae
1119 1763 1380 1802 Heresiensis

433 1819 474 1854 in
504 1819 677 1856 dioecesi
709 1821 959 1868 Trevirensi,
989 1833 1077 1869 quae
1099 1825 1238 1862 tamen
1274 1837 1380 1863 nun-

433 1892 554 1927 quam
577 1884 819 1929 comparuit.
842 1884 1089 1931 Opusculum
1106 1889 1242 1936 (lefine
1257 1891 1377 1928 Man-

433 1944 475 1979 ‹lc'
504 1953 528 1978 a
561 1945 778 1981 possevino
811 1947 1027 1984 Theofrido
1047 1949 1141 1986 huic
1160 1952 1379 2000 tributum,

434 2006 498 2039 est
530 2005 736 2042 Tlieofridi
770 2009 942 2045 Abbatis
964 2010 1279 2060 Cal-meriensis,
1309 2026 1382 2052 nec

433 2068 543 2103 aliud
572 2070 752 2114 profecto
782 2071 858 2114 cst,
891 2082 1016 2118 quam
1047 2075 1149 2111 liber
1171 2077 1382 2124 Micrologi

431 2129 478 2166 cle
509 2129 627 2176 lapsa
648 2129 808 2176 Mundi,
833 2135 993 2169 senario
1017 2136 1068 2171 ab
1089 2138 1229 2173 eodem
1254 2139 1383 2175 Theo—

435 2190 537 2224 srido
587 2191 764 2236 scriptus
789 2221 799 2237 ,
829 2193 873 2228 ut
914 2204 964 2230 cx
1005 2196 1160 2233 eisdem
1197 2199 1383 2236 authori-

432 2252 504 2285 bus
534 2251 745 2287 discimus.

477 2314 802 2362 THEOGERUS,
824 2318 957 2364 Episc.
980 2321 1191 2367 Mctensis,
1214 2325 1384 2370 scripsit

424 2377 591 2414 Librum
623 2379 669 2415 de
699 2379 877 2426 Musica,
909 2383 976 2427 qui
1007 2384 1085 2419 Ms.
1118 2385 1245 2422 estin
1277 2387 1380 2425 Bibl.

423 2442 659 2476 monasterii
692 2443 1016 2488 Tcgernsccnsis
1046 2447 1087 2482 et
1117 2447 1373 2486 chtlensiS.

425 2501 593 2546 Incipit:
648 2503 911 2552 Pytlcayoras
954 2507 1220 2555 philosophus
1273 2513 1384 2557 apud

427 2564 603 2601 Graecos
626 2567 796 2611 primus
824 2567 1010 2605 Musicae
1040 2570 1305 2617 a2·ce·ssm·sse
1326 2574 1384 2610 le-

422 2626 552 2670 gse‘lecr.
586 2627 674 2662 Vicl.
707 2628 802 2663 Rev.
835 2629 952 2665 Rern.
985 2631 1090 2667 Pezii
1112 2633 1210 2669 diss.
1245 2635 1383 2681 isago-

422 2687 559 2729 gicani
583 2688 633 2723 ad
654 2688 752 2723 tom.
777 2689 804 2724 Ι.
828 2690 1285 2732 'l'liesauriAnecdotor.
1309 2706 1382 2733 no—

425 2749 582 2784 vis-sinii
616 2760 651 2794 p.
687 2750 746 2786 15.

475 2809 725 2855 '1‘111·:ON.x.'s,
757 2814 875 2857 quus
906 2816 1135 2861 li'pislolanl
1157 2819 1209 2855 ad
1230 2821 1380 2858 Lucia-

425 2880 516 2905 scecnc
551 2872 839 2918 Praepositam
875 2876 1251 2926 Gallealm-iorem,
1294 2893 1381 2918 mo—

424 2934 508 2967 nita
529 2933 755 2971 christiana
778 2938 818 2972 ct
840 2939 1006 2983 politIcu
1029 2944 1379 2992 praescribentem,

421 2993 548 3028 «edidit
582 2995 800 3032 Duclicrius
834 3000 970 3045 Spicil.
1003 3003 1112 3039 tomo
1137 3004 1206 3039 111.
1230 3016 1266 3051 p.
1289 3006 1378 3044 297.

418 3055 482 3096 qui
516 3056 650 3100 merit,
684 3060 883 3098 incertum
913 3065 989 3099 cst.
1021 3066 1209 3103 Graecum
1241 3068 1378 3105 homi·

422 3123 510 3148 neni
554 3117 676 3154 l'uissc
716 3131 765 3155 cx
806 3132 850 3158 co
892 3127 1068 3170 constat,
1111 3129 1215 3173 quod
1254 3131 1378 3166 dicit:

425 3174 672 3214 Ptolemaeus
702 3181 998 3232 Philadelphus
1013 3190 1177 3227 (livinus
1191 3192 1380 3239 scriplu-

427 3243 496 3269 νιω·
528 3236 568 3270 izi
600 3238 777 3285 linquam
811 3248 990 3285 noslrccm
1033 3251 1206 3288 traduci
1229 3252 1375 3296 jelssz'l.

1297 142 1625 182 THEOFRIDUS

1461 216 1687 252 Dacherius
1727 218 1961 264 suspicatur
1989 232 2080 261 esse
2118 225 2294 266 Theonoe
2325 229 2423 278 Epi-

1462 279 1574 323 scopi
1604 277 1813 326 Cyziceni,
1843 284 1912 328 qui
1931 294 2023 321 eam
2045 287 2268 334 Praeposito
2298 291 2423 330 Cubi-

1461 340 1945 383 cularioi·uminscribere
1967 347 2162 392 potuerit.
2184 351 2328 390 Editor
2349 363 2425 391 no—

1467 412 1539 438 vus
1569 403 1762 440 Dacherii
1791 405 2035 448 Franciscus
2064 413 2269 460 Josephus
2292 417 2341 454 de
2381 420 2424 455 la

1463 464 1586 500 Barre
1617 465 1825 503 Theonam
1855 469 2103 516 Cyzicenum
2145 477 2314 526 retinet,
2354 481 2426 518 sed

1465 527 1581 562 ilium
1613 526 1835 565 Lucianum
1868 531 2110 572 Praefectum
2141 538 2428 578 cubiculario-

1464 597 1554 623 rum
1585 588 1733 625 Licinii
1762 590 1890 628 fuisse
1920 597 2162 641 auguratur.
2195 600 2308 638 Certi
2328 603 2427 650 quid

1467 659 1585 686 nemo
1615 650 1733 689 facile
1765 654 1955 699 proferet.

1521 712 1905 763 THEOPHANIUS,
1935 720 2030 756 aliis
2066 722 2397 765 THEOPHILUS
2415 757 2424 774 ,

1468 775 1671 812 Diaconus
1692 776 1949 826 Casinensis,
1972 782 2077 819 vixit
2097 793 2132 820 a.
2155 785 2248 823 855.
2269 789 2312 825 et
2335 799 2426 826 car-

1468 837 1615 873 minice
1646 839 1815 884 scripsit
1844 841 1892 878 de
1917 846 2224 886 constructione
2260 846 2428 890 coenobii

1466 899 1633 937 Domini
1664 900 1915 952 Salomone,
1946 907 1995 944 cle
2025 909 2203 948 adventu
2231 912 2270 950 S.
2293 915 2427 953 Bene-

1465 963 1570 1000 dicta·
1599 964 1652 1001 acl
1688 964 1902 1015 Casinum,
1931 977 1978 1007 ac
2010 971 2058 1008 cle
2088 974 2318 1014 miraculis
2343 987 2426 1025 per

1466 1033 1558 1063 eum
1587 1026 1694 1064 inibi
1714 1027 1870 1075 sactis,
1891 1031 1936 1068 in
1965 1033 2130 1072 laudem
2158 1039 2328 1076 sanctae
2348 1041 2426 1077 Dei

1464 1089 1706 1134 penite-icis,
1728 1091 1775 1128 cle
1796 1094 2103 1134 constructione
2116 1101 2365 1138 monasterii
2380 1101 2425 1139 S.

1463 1148 1629 1187 Mariae
1660 1152 1705 1188 2¹72.
1730 1152 2032 1194 Plumbariola.
2055 1158 2200 1196 Petrus
2220 1160 2425 1199 Diaconus

1464 1211 1514 1247 de
1554 1213 1654 1249 viris
1695 1214 1927 1253 illustribus
1971 1218 2266 1261 Casinensibus
2293 1234 2327 1261 c.
2360 1225 2424 1262 10.

1463 1273 1623 1319 Hippol.
1656 1276 1865 1315 Marraccii
1894 1279 1997 1318 Bibl.
2027 1282 2210 1322 Mariana
2239 1285 2352 1324 tomo
2373 1287 2422 1324 ΙΙ.

1463 1345 1560 1381 pag.
1593 1337 1687 1375 395.

1517 1391 1845 1439 THEOPHILUS
1882 1404 1931 1441 de
1963 1405 2214 1456 Fere-ariis,
2258 1410 2426 1448 Cremo-

1460 1463 1616 1507 nensis,
1646 1463 1731 1499 ord.
1764 1465 2082 1506 Praedicatorum
2108 1471 2217 1508 circa
2245 1482 2281 1509 a.
2308 1473 2423 1512 1471.

1459 1522 1587 1559 Praelo
1617 1526 1794 1570 subjecit
1828 1526 2136 1570 Commentarc'a
2167 1532 2210 1571 S.
2250 1535 2425 1575 Thomae

1458 1585 1503 1621 in
1532 1588 1673 1624 varios
1703 1588 1830 1626 libros
1850 1591 2092 1631 Aristotelis
2121 1596 2174 1632 ad
2201 1599 2336 1636 varios
2356 1609 2423 1637 co-

1455 1647 1568 1684 dices
1602 1650 1682 1685 MS.
1725 1654 1952 1698 recognita.
1994 1656 2138 1694 Venet.
2185 1659 2309 1697 1471.
2351 1663 2420 1700 fol.

1455 1708 1601 1745 Postea
1632 1712 1870 1756 prodierunt
1898 1716 1990 1761 ejus
2020 1718 2332 1766 Propositiones
2373 1734 2423 1762 ex

1452 1771 1638 1809 omnibus
1676 1774 1917 1813 Aristotelis
1956 1781 2148 1825 operibus
2189 1784 2384 1823 collectae
2412 1815 2421 1833 ‚

1454 1832 1549 1868 ibid.
1583 1833 1699 1870 1493.
1733 1836 1770 1871 4.
1796 1836 1880 1873 Jac.
1905 1838 2048 1882 Quetif
2063 1842 2112 1879 de
2144 1843 2422 1891 Scriptoribus

1454 1893 1539 1928 ord.
1570 1894 1833 1933 Praedicator.
1863 1897 1975 1936 tomo
2019 1901 2049 1937 1.
2081 1913 2118 1948 p.
2161 1904 2254 1941 847.
2293 1907 2420 1945 Arisii

1456 1953 1657 1992 Cremona
1687 1958 1856 1995 literata
1885 1960 1995 1997 tomo
2026 1963 2056 1999 Ι.
2087 1975 2125 2011 p.
2156 1966 2248 2004 328.
2277 1969 2417 2007 Ambr.

1456 2016 1670 2053 Altamura
1700 2019 1802 2057 Bibl.
1833 2021 2105 2062 Dominicana
2135 2038 2173 2073 p.
2206 2029 2300 2066 211.

1512 2079 1838 2118 THEOPHILUS
1867 2084 2251 2136 Historiographus,
2279 2091 2419 2129 auctor

1456 2142 1742 2189 perantiquus,
1774 2145 1954 2182 Pelbarti
1979 2148 2028 2184 de
2051 2149 2288 2188 Temeswar
2307 2154 2417 2190 indi-

1457 2204 1517 2239 cio
1556 2204 1705 2250 notus,
1746 2206 1865 2251 cujus
1909 2210 2100 2246 meminit
2139 2212 2182 2247 in
2225 2213 2419 2252 Stellario

1457 2266 1609 2311 Mai-ize,
1641 2268 1809 2313 scripsit
1840 2269 1887 2306 cle
1918 2273 2142 2310 olacivilale
2164 2274 2214 2310 B.
2237 2274 2417 2324 Mariae,

1458 2327 1497 2363 ec
1528 2327 1574 2363 cle
1596 2329 1810 2373 portentis
1839 2331 1878 2367 ec
1906 2332 2070 2380 siquis,
2106 2336 2256 2381 quibus
2284 2339 2419 2377 clari—

1448 2387 1582 2435 ficata
1599 2388 1708 2435 fuit.
1740 2391 1928 2429 Andreas
1958 2395 2085 2432 etiam
2108 2396 2342 2437 Gelsomius
2371 2403 2416 2439 in

1458 2449 1635 2487 Theatro
1664 2452 1822 2489 coelesti
1852 2454 2094 2494 Devotionis
2125 2459 2262 2497 Mariae
2301 2472 2335 2498 c.
2376 2463 2414 2500 5.

1458 2512 1557 2547 citat
1571 2512 1842 2559 Theophilum
1866 2517 2083 2564 antiquum
2105 2521 2349 2567 scriptorem
2375 2526 2415 2562 in

1462 2573 1634 2621 Speculo
1662 2576 1711 2611 B.
1734 2575 1910 2614 Mariae.
1934 2581 2060 2617 Aetas
2080 2582 2122 2618 et
2143 2584 2299 2631 reliqua
2319 2587 2415 2624 sunt

1458 2637 1625 2673 incerta.
1656 2638 1818 2684 Hippoi.
1850 2641 2046 2680 Marracci
2087 2643 2187 2682 Bibl.
2230 2647 2414 2686 Mariana

1456 2698 1566 2734 tomo
1598 2699 1648 2734 ΙΙ.
1682 2711 1718 2746 p.
1751 2702 1843 2738 396.

1510 2761 1879 2811 THEOPHORUS,
1923 2769 1998 2805 sub
2038 2779 2116 2816 quo
2155 2774 2319 2811 nomine
2348 2775 2409 2812 Jo.

1456 2824 1609 2860 Gerson
1632 2826 1758 2863 latere
1780 2829 1920 2865 voluit.
1937 2831 2039 2869 Vide
2055 2843 2179 2880 supra
2193 2835 2410 2874 GERSON.

1509 2888 1774 2925 THERASIA
1811 2901 1843 2927 s.
1882 2893 2107 2943 Theralia,
2149 2898 2266 2944 cujus
2305 2901 2412 2948 Epi-

1453 2951 1558 2986 stola
1599 2952 1652 2989 acl
1693 2953 1896 2992 Sanctum
1938 2959 1977 2995 cl
2016 2959 2275 3009 Amandum,
2319 2972 2412 3001 cum

1454 3012 1546 3047 aliis
1568 3012 1784 3059 Opusculis
1807 3018 1974 3056 Patrum
1996 3022 2109 3058 edita
2129 3024 2194 3060 est
2212 3034 2236 3061 a
2258 3025 2412 3063 Thoma

1454 3071 1637 3120 Galleto,
1669 3077 1802 3123 Lugd.
1837 3079 1952 3117 1615.
1985 3084 2078 3129 post
2111 3085 2155 3121 in
2184 3085 2411 3125 Bibliothe-

1454 3145 1522 3170 cas
1554 3137 1716 3175 Pati-um
1746 3142 1875 3178 illata.

1507 3199 1742 3238 THESEUS
1778 3203 1996 3252 Capocz'us,
2027 3208 2313 3256 Lilybaetanus
2344 3213 2408 3249 Si-

1451 3261 1593 3307 culus,
1626 3264 1804 3311 Priami,
1836 3268 1884 3304 dc
1915 3278 1993 3315 quo
2024 3279 2171 3317 supra,
2203 3272 2340 3320 filius,
2370 3275 2403 3309 J.
