2517 4009
902 235 1302 276 OUDARDUS

118 312 284 351 titulus:
317 308 552 348 Philomelae
581 320 689 355 voae,
722 312 876 347 centum
905 307 1069 347 diserto-

118 384 210 412 rum
239 371 434 410 hominum
458 370 556 423 stylo
583 370 852 409 commendata
869 401 878 418 ,
901 376 940 409 et
963 370 1067 421 quod

116 435 298 486 praemisi
321 434 504 472 Nobiliss.
523 433 673 472 Alberti
692 434 823 473 Jacobi
842 434 954 472 Zelsii
979 444 1068 484 poe-

115 495 288 535 matibus
299 497 522 535 vernaculis
531 497 563 545 a)
573 496 690 535 editis
700 497 909 547 {lamburgi
921 498 934 535 1
946 495 1022 534 735
1031 496 1067 533 8.

166 557 436 597 OUDARDUS
474 559 559 597 sive
602 559 880 606 OUDARIUS,
911 558 960 596 de
989 568 1067 608 quo

114 619 320 660 Gesnerus
348 621 386 658 in
412 620 627 671 appendice
647 621 744 660 Bibl.
769 625 808 660 et
827 633 877 659 ex
898 631 943 659 eo
967 620 1069 659 Sim-

113 681 248 720 lerus:
280 681 486 721 Oudari'us
514 682 760 722 semilatinus
780 687 946 730 auctor,
970 682 1069 734 seri-

107 743 193 795 psit
215 743 430 792 historias,
463 745 502 783 z'n
530 744 675 797 quibus
702 745 883 784 Aventz'ci
909 746 1068 794 (Helve-

113 805 258 844 tiorum
289 806 404 845 hodie
433 807 563 858 oppidi
595 819 671 845 non
703 808 838 858 procul
869 808 1067 858 Friburg0‚

112 867 206 906 olim
249 869 405 920 amplae
447 874 487 907 et
532 870 743 920 opulentae
786 870 980 917 Civitatis)
1017 869 1067 908 ab

112 928 342 970 Alemannis
370 932 521 971 vastati
553 932 781 971 mentionem
805 931 916 984 facit.
944 934 1065 982 Quem

113 992 155 1030 in
177 991 343 1031 historia
367 1004 444 1032 sua
469 992 618 1033 Paulus
642 992 829 1033 AEmi'lius
849 994 952 1033 inter
979 995 1067 1046 pri-

111 1065 196 1094 mos
218 1059 378 1095 secutus
398 1060 468 1095 est.

165 1117 326 1164 OUVO,
357 1119 442 1157 sive
470 1118 630 1167 ONNO,
652 1119 803 1157 Frisius
822 1147 829 1166 ,
850 1119 1065 1158 Monachus

110 1179 427 1219 Fontanellensis
457 1180 625 1219 traditur
654 1181 756 1219 circa
785 1180 829 1218 A.
858 1181 946 1219 710.
971 1182 1066 1220 scri-

109 1241 237 1290 psisse
266 1241 314 1279 de
345 1242 498 1279 visione
542 1241 716 1280 Radbodi
746 1242 893 1280 Frisiae
921 1243 1065 1293 Regis,

112 1303 135 1341 a
162 1303 297 1352 Pipino
325 1301 399 1341 An.
432 1303 508 1342 692
546 1303 634 1341 697.
680 1304 801 1350 victi,
829 1307 870 1341 et
899 1303 948 1342 de
978 1304 1067 1342 hor-

110 1363 232 1402 renda
259 1364 348 1403 eius
376 1369 517 1403 morte.
545 1365 641 1403 Vide
671 1364 890 1404 Suffridum
932 1367 1062 1414 Petri,

110 1427 371 1465 Possevinum
400 1431 441 1466 et
469 1428 654 1466 vossium
687 1428 733 1466 11.
763 1428 825 1465 26.
856 1439 941 1478 pag.
973 1428 1061 1467 274.

165 1487 338 1528 Jeannes
364 1485 411 1527 'de
447 1488 723 1528 OXENEDES
757 1489 904 1539 Anglus
931 1491 1063 1529 Mona-

110 1550 212 1590 chus
241 1551 281 1590 S.
321 1551 523 1590 Benedicti
553 1552 602 1590 de
646 1552 790 1591 Hulmo
820 1553 906 1590 sive
950 1553 1063 1592 Ulmo

110 1613 226 1664 cujus
241 1611 434 1653 Chronica
457 1614 507 1653 ab
529 1614 707 1654 adventu
731 1616 877 1654 Horsae
901 1620 941 1654 et
964 1616 1066 1654 Hen-

109 1675 200 1726 gisti
242 1676 446 1715 Saxonum
489 1678 528 1715 in
564 1678 810 1716 Britanniam
854 1677 901 1716 ad
948 1678 995 1716 A.
1023 1677 1063 1717 C.

109 1737 225 1777 1293.
258 1738 395 1777 multis
433 1737 481 1777 de
527 1739 755 1778 fundatione
785 1744 824 1778 et
866 1739 1066 1779 dotatione

113 1799 232 1839 istius
260 1801 486 1840 Monasterii
515 1806 648 1840 exstat
675 1803 871 1841 Manuscr.
902 1803 939 1840 in
971 1802 1068 1841 Bibl.

113 1861 504 1912 Cottoniana,utj3m
516 1863 1065 1915 notatumOudinot.3p.968.

161 1921 335 1962 Joannes
352 1924 631 1965 OXRACCUS.
657 1924 751 1976 Sup.
778 1930 804 1963 t.
829 1927 894 1965 IV.
915 1938 950 1977 p.
973 1926 1062 1966 395.

160 1985 358 2025 Henricus
385 1987 546 2038 OYTA‚
576 1998 696 2038 supra
726 1992 755 2027 t.
786 1988 826 2026 3.
852 1999 938 2040 pag.
970 1989 1062 2028 210.

339 2155 621 2220 LIBER
671 2156 830 2221 XV.

164 2318 407 2396 Guilelmus
430 2356 477 2396 de
499 2357 851 2399 PACHENTONIS
871 2361 958 2398 sive
982 2360 1064 2399 ΡΑ-

108 2417 426 2459 CKINGTONUS
443 2448 452 2466 ,
482 2415 604 2470 supra
632 2425 658 2458 t.
692 2422 714 2458 3
743 2433 784 2472 p.
812 2423 903 2461 148.

160 2480 409 2519 PACHINUS
436 2481 560 2520 JCtus
590 2483 832 2531 Perusinus,
862 2483 911 2521 ad
942 2496 1062 2533 quem

108 2541 285 2592 Epistola
314 2541 538 2580 Guinifortii
569 2544 732 2581 Barzizii
757 2544 802 2582 A.
829 2545 944 2583 1438.
971 2545 1062 2583 data

108 2603 195 2654 pag.
227 2603 314 2643 120.
343 2602 446 2642 Edit.
476 2604 675 2643 Romanae
706 2605 824 2644 1723.

165 2667 326 2716 Propter
356 2670 513 2704 veteres
555 2667 712 2705 Latinas
756 2678 858 2717 quae
903 2672 1065 2706 exstant

109 2733 150 2767 et
179 2728 415 2778 scriptorum
441 2726 529 2778 ejus
553 2733 593 2766 et
618 2729 727 2767 Vitae
753 2731 959 2768 versiones
988 2741 1064 2767 non

109 2788 356 2828 omittendus
387 2788 484 2827 mihi
515 2790 556 2828 S.
601 2790 920 2840 PACHOMIUS,
950 2791 1064 2841 cujus

108 2850 388 2890 Monachorum
419 2852 456 2889 in
488 2851 687 2890 Thebaide
717 2854 876 2904 AEgypti
917 2854 1065 2892 Tabbe-

110 2914 295 2952 nensium
340 2915 511 2952 auctoris
554 2915 754 2965 praecipui
785 2916 822 2964 b)
853 2921 893 2954 et
937 2917 1063 2954 medio

109 2975 267 3014 saeculo
291 2979 432 3024 quarto
456 2975 631 3015 defuncti
656 2978 804 3026 vitam,
829 2977 878 3017 ab
903 2985 1062 3018 auctore

111 3039 288 3085 incerto,
319 3036 391 3076 sed
420 3038 487 3087 qui
517 3037 593 3076 illis
623 3040 868 3090 temporibus
911 3042 1061 3079 vixisse

109 3111 154 3138 se
182 3100 414 3152 profitetur,
445 3098 630 3139 traditam
659 3102 820 3140 exhibet
848 3103 1061 3142 Bollandus

108 3165 204 3201 tom.
235 3163 272 3201 3.
314 3161 388 3200 Act
446 3161 625 3200 Sanctor.
654 3161 768 3213 Maji,
797 3164 945 3204 Graece
975 3168 1062 3215 qui-

80 3322 82 3325 *
165 3304 198 3342 a)
216 3304 398 3336 Ervveccee
415 3303 607 3344 Nachsolye
626 3313 703 3335 zum
719 3306 898 3337 irdischen
917 3307 1067 3346 Vei-ynu-

106 3363 172 3394 yen
196 3356 234 3386 in
258 3355 387 3387 GOTT.

2020 237 2095 276 179

1142 307 1231 346 dem
1264 308 1300 344 in
1330 306 1546 358 appendice
1577 306 1625 346 ad
1657 307 1805 345 calcem
1839 307 1942 346 illius
1981 307 2095 347 Volu-

1143 370 1260 407 minis
1285 370 1306 408 e
1332 370 1610 419 Manuscriptis
1636 369 1884 416 Florentino,
1906 369 2094 408 Vaticano

1141 435 1181 469 et
1210 430 1470 469 Ambrosiano
1501 442 1586 480 pag.
1617 431 1680 469 25.
1712 435 1752 469 et
1782 432 1844 469 51.
1870 432 2006 469 Latine
2030 442 2096 469 au-

1141 498 1221 531 tem
1253 504 1301 531 ex
1333 494 1516 530 versione
1548 493 1719 530 Danielis
1749 491 1916 532 Cardoni
1941 493 1980 532 S.
2006 494 2033 531 l.
2059 506 2093 544 p.

1142 556 1219 594 295
1249 560 1289 594 et
1330 555 1418 594 334.
1461 555 1669 592 Ammonis
1713 566 1871 605 quoque
1912 556 2093 606 Episcopi

1141 618 1358 667 Epistolam
1389 615 1467 664 περὶ
1503 615 1573 660 &aa
1610 616 1779 667 μακαρίὸ
1808 613 1876 654 καί
1902 614 2096 658 πολιτείας

1142 676 1348 732 Παχωμίὸ
1374 678 1439 717 καὶ
1459 677 1649 724 Θεοδὼρὸ,
1673 680 1694 717 e
1715 681 1908 718 Manuscr.
1940 681 2096 719 Floren-

1142 743 1225 780 tino
1254 742 1403 781 Graece
1433 741 1478 779 ad
1506 741 1654 779 calcem
1682 741 1832 779 Volum.
1859 754 1944 793 pag.
1969 743 2033 781 63.
2057 748 2096 781 et

1142 805 1278 842 Latine
1309 815 1383 854 pag
1426 802 1515 842 347.
1546 803 1617 842 Cui
1647 804 1865 853 praemissa
1901 804 2094 853 quaedam

1139 867 1195 903 ‘en
1212 869 1288 904 τῶν
1304 859 1468 902 ἐντολῶν
1490 862 1535 903 τὲ
1557 864 1777 917 Παχωμὶὅ,
1801 865 1916 916 cujus
1940 869 2095 917 generis

1142 935 1236 967 sunt
1265 929 1412 968 monita
1454 927 1684 979 spiritualia
1714 927 1913 967 Pachomii
1941 941 1990 967 ex
2019 931 2096 968 Ma-

1140 1002 1274 1030 nuscr.
1322 991 1469 1030 Aldino
1530 992 1666 1030 Latine
1710 989 1813 1029 edita
1861 992 1883 1029 a
1931 989 2099 1030 Gerbar-

1139 1052 1188 1090 do
1230 1054 1366 1092 Vossio
1411 1055 1448 1091 in
1505 1052 1720 1104 appendice
1758 1053 1806 1091 ad
1863 1053 2095 1103 Gregorium

1139 1114 1479 1165 Thaumaturgum
1513 1127 1549 1165 p.
1582 1115 1669 1153 130.
1717 1116 1940 1165 Moguntiae
1971 1116 2088 1154 1604.

1142 1177 1176 1213 4.
1208 1177 1432 1227 Incipiunt:
1464 1178 1626 1215 Honora
1656 1176 1819 1224 DEum,
1859 1180 1895 1215 et
1929 1176 2091 1216 valebis.

1141 1239 1330 1277 Tabulam
1362 1250 1526 1277 aeneam
1554 1240 1725 1277 instituti
1755 1240 1957 1278 Monastici
1979 1252 2094 1290 regu-

1139 1300 1198 1338 las
1227 1301 1561 1350 complectentem
1595 1301 1802 1339 Pachomio
1832 1301 2015 1341 traditam
2046 1302 2094 1340 ab

1138 1361 1290 1412 Angelo
1323 1367 1458 1400 narrat
1490 1362 1687 1401 Palladius
1718 1364 1755 1400 in
1795 1364 1980 1401 Lausiaca
2010 1375 2094 1414 cap.

1139 1424 1202 1462 38.
1230 1429 1270 1462 et
1298 1430 1581 1474 argumentum
1612 1423 1700 1473 ejus
1730 1424 1863 1463 refert.
1893 1426 1991 1463 Eam
2016 1427 2092 1463 An-

1134 1487 1220 1538 gelo
1249 1486 1422 1524 dictante
1452 1485 1635 1524 didicisse
1666 1486 1899 1525 Pachomius
1928 1488 2094 1527 traditur

1139 1550 1322 1587 similiter
1366 1550 1402 1586 in
1447 1549 1719 1599 Martyrologio
1765 1549 1874 1586 Rom.
1915 1550 1976 1588 14.
2006 1551 2092 1602 Maj.

1140 1611 1285 1650 Prodiit
1329 1613 1448 1650 etiam
1493 1611 1655 1661 saepius
1701 1610 1906 1650 Pachumii
1948 1611 2098 1663 Reyula

1139 1674 1296 1712 uberior
1327 1675 1461 1712 Latine
1484 1704 1492 1723 ,
1522 1684 1642 1723 quam
1671 1672 1721 1711 ab
1742 1678 1903 1711 auctore
1924 1676 2096 1725 primum

1141 1738 1328 1787 scriptam
1352 1735 1588 1787 AEgyptiaco
1609 1746 1792 1773 sermone
1809 1766 1819 1783 ,
1844 1735 1986 1774 deinde
2008 1748 2096 1775 ver-

1140 1809 1225 1838 sam
1255 1799 1430 1847 Graece.
1463 1803 1503 1837 et
1532 1799 1553 1837 e
1582 1798 1730 1836 Graeco
1760 1797 1806 1836 ad
1840 1798 1990 1836 Silvani
2019 1800 2097 1837 Mo-

1140 1861 1253 1900 nachi
1298 1872 1437 1912 preces
1482 1862 1617 1899 Latine
1663 1859 1860 1899 redditam
1891 1862 1913 1899 a
1950 1862 2094 1900 Sancto

1139 1925 1404 1974 Hieronymo,
1436 1924 1554 1962 nolim
1587 1923 1765 1962 inficiari.
1794 1924 1949 1962 Primus
1973 1924 2095 1962 edidit

1134 1987 1310 2025 Achilles
1341 1987 1494 2025 Statius
1524 1987 1669 2025 Romae
1701 1985 1820 2025 1575.
1846 1985 1988 2025 deinde
2026 1988 2095 2026 Pe—

1132 2053 1221 2087 trus
1251 2050 1469 2089 Ciacconus
1501 2048 1590 2087 ibid.
1624 2049 1739 2087 1588.
1762 2049 1861 2087 Hinc
1882 2049 2093 2088 Bibliothe-

1132 2122 1202 2150 cae
1243 2112 1403 2150 Patrum
1449 2111 1711 2158 collectores,
1756 2116 1876 2162 atque
1919 2111 2091 2150 editores

1134 2173 1311 2223 Operum
1341 2175 1506 2212 ¹loannis
1530 2174 1722 2213 Cassiani.
1747 2174 1829 2213 Non
1855 2173 1957 2212 hanc
1978 2174 2093 2212 modo

1133 2237 1325 2287 Regulam
1355 2248 1447 2275 cum
1478 2237 1705 2285 Hieronymi
1737 2236 1991 2286 praefatione,
2022 2237 2092 2275 sed

1134 2301 1254 2338 etiam
1285 2297 1490 2337 Pachomii
1515 2296 1714 2350 Epistolas
1733 2308 1833 2347 quas
1858 2298 2090 2337 Gennadius

1135 2367 1355 2409 memorat,
1400 2367 1441 2400 et
1485 2361 1620 2410 plures
1662 2361 1781 2399 etiam
1819 2360 1872 2397 illi
1903 2370 1980 2397 non
2011 2371 2092 2398 me-

1135 2429 1308 2462 moratas
1325 2425 1461 2463 Latine
1484 2436 1533 2462 ex
1559 2423 1884 2473 interpretatione
1909 2421 2088 2470 ejusdem

1135 2487 1366 2536 Hieronymi
1397 2487 1577 2524 servavit
1605 2484 1845 2523 Benedictus
1887 2484 2090 2521 Aniancn-

1136 2549 1213 2591 sis‚
1245 2550 1312 2597 qui
1338 2548 1495 2586 saeculo
1520 2546 1587 2585 IX.
1611 2546 1780 2593 claruit,
1807 2547 1843 2582 in
1871 2544 2088 2584 Concordia

1138 2609 1223 2646 sive
1268 2609 1411 2648 Codice
1456 2608 1720 2659 Regularum,
1757 2608 1823 2656 qui
1871 2618 1920 2645 ex
1965 2609 2089 2645 Lucae

1138 2670 1328 2708 Holstenii
1359 2671 1531 2709 editione
1575 2668 1719 2719 prodiit
1766 2669 1876 2706 Rom.
1908 2667 2022 2706 1661.
2054 2670 2088 2706 4.

1137 2743 1304 2771 recusus
1335 2734 1454 2771 Paris.
1488 2731 1602 2772 1663.
1637 2733 1670 2769 4.
1716 2731 1830 2769 Plura
1859 2730 1906 2768 de
1948 2730 2091 2768 Pacho-

1137 2795 1214 2832 mio
1244 2794 1481 2834 Rosweidus
1512 2795 1548 2832 in
1580 2795 1674 2832 vitis
1718 2795 1877 2831 Patrum
1908 2803 1994 2842 pag.
2024 2794 2088 2830 81.

1138 2867 1219 2906 seq.
1251 2857 1452 2908 praeludio
1481 2857 1529 2896 ad
1558 2857 1679 2896 vitam
1722 2855 1841 2906 hujus
1893 2855 2086 2894 Pacliomii

1136 2920 1158 2957 a
1188 2921 1374 2970 Dionysio
1403 2921 1556 2971 Exiguo
1584 2920 1718 2958 Latine
1741 2930 1896 2957 versam
1917 2947 1925 2963 ,
1950 2923 1989 2955 et
2010 2918 2088 2956 Til-

1136 2982 1349 3021 lemontius
1378 2988 1474 3020 tom.
1505 2981 1586 3019 Vll.
1618 2981 1791 3019 Alterius
1815 2980 1986 3030 junioris
2010 2981 2088 3018 Mo-

1136 3044 1246 3083 nachi
1273 3044 1465 3083 Pachomii
1487 3045 1679 3094 insignem
1698 3053 1920 3081 sermonem
1946 3042 1993 3081 ad
2019 3054 2086 3081 eos

1135 3108 1201 3156 qui
1217 3107 1398 3145 Divinam
1418 3106 1707 3156 providentiam
1720 3106 1962 3144 accusabant
1978 3107 2085 3157 quod

1135 3169 1342 3208 Saracenis
1366 3170 1613 3219 permitteret
1638 3167 1884 3207 Christianos
1907 3169 2085 3208 cladibus

1194 3312 1228 3351 b)
1252 3313 1330 3345 vide
1348 3311 1484 3343 Palladii
1502 3314 1693 3344 Lausincam
1715 3320 1791 3352 pag.
1815 3311 1864 3344 00,
1884 3321 1950 3352 seq.
