2566 4009
834 223 1434 265 MARCHINELLUS

146 300 341 340 Francisci
373 298 422 338 dc
454 298 718 338 observantia
743 326 751 345 ,
782 296 999 336 defunctus
1029 296 1104 334 An.

146 363 247 403 4476
276 365 316 399 et
344 359 602 400 Beatificatus
632 371 696 398 an.
727 360 828 399 4624
859 358 907 398 ab
946 358 1104 397 Urbano

143 425 244 464 V111.
272 423 361 462 vide
391 423 606 461 bullarium
632 424 744 461 Lacr.
770 421 985 463 Cherubini
1008 426 1102 460 tom.

142 488 207 526 IV.
236 497 321 538 pag.
353 486 414 525 49.
439 486 594 535 scripsit
635 491 770 524 contra
798 484 1022 524 Fraticellos
1062 485 1102 521 in

141 549 273 599 ltalia,
301 547 552 587 Manichaeos
583 548 620 585 in
661 549 802 586 Bosnia
832 551 872 585 et
915 546 1103 594 Croatia,

141 613 358 651 Patarenos
382 615 422 649 et
446 610 614 649 Arianos
638 611 674 648 in
702 610 920 660 Hungaria:
941 613 980 647 et
1007 609 1106 648 Cru-

142 675 286 713 ciatam
332 672 576 724 praedicavit
619 677 756 711 contra
801 673 964 710 Turcos.
1004 669 1104 720 Ejus

143 735 343 788 dialoyum
364 738 499 774 contro
525 733 784 774 Fratricellos
808 736 1007 774 Manuscr.
1033 734 1104 773 ha-

140 800 228 840 buit
268 798 518 849 Waddingus
550 802 593 837 ut
624 799 708 848 ipse
740 798 863 836 refert
895 808 980 849 pag.
1013 797 1101 842 484„

140 862 207 902 ubi
235 863 354 901 etiam
378 865 572 900 memorat
597 860 686 913 ejus
705 865 922 901 tractatum
942 860 988 900 cle
1011 860 1103 899 ado-

138 924 293 964 ratione
317 922 525 974 sanyuinis
555 923 722 963 CHrisu·
751 923 791 962 in
816 922 949 962 triduo
975 923 1103 975 effusi.

139 988 225 1027 Duo
262 985 651 1038 Quaclraqese'malia.
696 985 972 1026 Adventualia
1012 988 1104 1025 toti-

136 1050 253 1089 dem:
299 1051 508 1090 Sermones
552 1048 598 1087 de
640 1050 823 1100 Sanctis,
865 1051 902 1088 in
952 1049 1102 1101 quibus

138 1117 312 1165 quatuor
340 1111 387 1151 de
418 1114 456 1153 S.
497 1112 726 1151 Francz'sco.
778 1114 1014 1157 Tractatum
1056 1112 1103 1151 cle

138 1173 374 1214 admirabili
394 1173 526 1226 9loria
561 1175 730 1225 Viryinis
768 1175 938 1215 Mariae.
981 1177 1101 1215 Locos

138 1249 360 1276 communes
384 1238 536 1276 divisos
565 1239 744 1288 quinque
773 1239 955 1289 partibus
976 1270 984 1287 ‚
1006 1251 1103 1289 quo-

136 1311 225 1339 rum
255 1300 435 1350 singulae
466 1301 588 1338 variis
615 1301 759 1338 iterum
780 1301 1019 1340 tractatibus
1043 1301 1101 1338 di-

136 1362 412 1412 stinguuntur.
436 1361 560 1400 Addit
581 1363 701 1400 etiam
726 1361 968 1401 Pisanellam
992 1374 1100 1401 sum—

136 1435 244 1463 mam
267 1424 316 1463 ab
335 1435 381 1463 eo
401 1426 664 1468 recensitam,
689 1430 729 1462 et
749 1426 975 1463 Doctrinam
994 1426 1099 1464 Scon

137 1487 340 1527 redactam
359 1488 398 1525 in
416 1487 594 1525 tabulas·
613 1488 844 1538 scriptaque
863 1485 1096 1536 Quodlibeta

137 1555 178 1590 et
192 1551 487 1591 Commentaria
504 1549 544 1588 in
559 1550 626 1590 IV.
648 1548 771 1589 libros
788 1550 1094 1590 Sententiarum.

138 1614 284 1654 Confer
312 1613 518 1653 oudinum
549 1617 646 1651 tom.
675 1613 712 1652 3.
745 1624 830 1664 pag.
868 1614 973 1652 2625
1013 1624 1096 1664 seq.

190 1676 213 1701 ³*
235 1676 420 1727 Dialogus
439 1676 571 1714 Jacobi
594 1675 642 1714 de
662 1676 836 1714 Marchia
862 1681 999 1714 contra
1023 1676 1098 1714 fra—

137 1739 290 1778 ticellos
307 1749 356 1777 an
372 1742 529 1777 certum
562 1740 647 1777 eius
664 1749 764 1789 opus
795 1739 935 1786 fuerit,
968 1738 1098 1777 adbuc

137 1813 350 1841 versamur
380 1802 418 1839 in
449 1801 643 1852 ambiguo.
680 1801 754 1840 Est
784 1802 889 1838 enim
920 1801 1022 1852 apud
1044 1812 1106 1839 me

138 1864 317 1904 eiusdem
347 1864 528 1915 opusculi
558 1864 692 1904 Codex
722 1865 871 1902 recenti
904 1875 1023 1902 manu
1045 1876 1094 1902 ex

138 1932 302 1967 vetusto
345 1927 420 1966 alio
464 1927 711 1978 descriptum
763 1926 808 1965 ad
854 1926 1106 1966 Cardinalem

138 1991 364 2031 Leandrum
407 1989 456 2029 de
500 1989 706 2029 Colloredo
736 1990 830 2028 olim
870 1992 1108 2040 pertinens,

142 2055 208 2104 qui
226 2053 388 2093 titulum
405 2053 512 2092 hunc
541 2052 682 2092 eadem
698 2064 777 2103 qua
797 2058 955 2092 caetera
983 2064 1104 2092 manu

139 2117 383 2168 adscriptum
408 2116 606 2167 praefert:
634 2113 824 2166 Dialoyus
835 2119 974 2154 contra
988 2114 1107 2168 frati-

139 2177 254 2218 cellos
281 2179 325 2217 B.
355 2176 499 2217 Jacobi
515 2177 562 2217 de
575 2177 759 2217 Marchia
775 2177 822 2217 de
849 2178 967 2217 cuius
1001 2177 1108 2216 iden-

139 2241 270 2291 titate,
308 2240 413 2293 quod
455 2239 512 2279 ita
539 2239 665 2293 fuerit
691 2252 717 2278 a
746 2241 864 2279 Beato
900 2240 1101 2291 scriptus,

139 2303 276 2344 dicunt
314 2306 386 2343 FF.
415 2305 502 2343 MM.
544 2302 649 2355 quod
692 2306 797 2342 certe
826 2315 903 2341 non
934 2307 1104 2342 constat.

138 2367 287 2418 Dialogi
311 2367 455 2406 author
474 2371 584 2406 totus
609 2371 671 2405 est
697 2368 734 2405 in
761 2366 1015 2406 defendendo
1035 2370 1103 2405 Jo-

139 2441 244 2469 anne
270 2429 395 2469 XXll.
423 2428 640 2468 definiente
665 2429 870 2468 Christum
890 2460 899 2476 ,
931 2434 971 2467 et
1001 2430 1107 2480 Apo-

142 2491 265 2530 stolos
290 2491 358 2541 jus
386 2490 542 2541 aliquod
574 2491 716 2529 saltem
734 2522 744 2539 ,
769 2497 811 2530 ut
841 2497 1015 2541 vocant,
1038 2504 1107 2531 na-

144 2553 272 2592 turale
302 2554 339 2591 in
371 2554 417 2591 iis
463 2552 608 2603 quibus
639 2553 853 2592 utebantur
884 2554 1009 2594 rebus
1038 2554 1107 2592 ob-

145 2616 327 2654 tinuisse.
357 2614 378 2637 ³*

192 2679 374 2736 loannes·
400 2676 792 2717 MARCHINELLUS
816 2709 824 2728 ,
855 2689 976 2729 supra
1010 2683 1104 2716 tom.

146 2741 211 2780 IV.
240 2751 328 2792 pag.
360 2738 452 2779 386.

194 2801 383 2842 Nicotaus
414 2801 461 2841 de
490 2801 764 2842 MARCHONO
804 2803 928 2842 Italus
960 2803 1008 2842 de
1044 2803 1106 2842 Ci-

145 2866 273 2904 vitate
303 2864 453 2914 Caleni,
471 2865 666 2913 Notarius,
686 2866 759 2904 iter
776 2867 953 2916 suscepit
978 2867 1014 2904 in
1042 2867 1109 2904 Pa-

200 3015 234 3054 ὃ)
256 3015 337 3048 vide
359 3018 410 3047 Jo.
434 3016 572 3055 Launoji
590 3018 809 3048 assertionem
828 3017 1061 3056 inquisitionis
1079 3018 1112 3047 ln

141 3065 291 3098 chartam
324 3067 546 3097 immunitatis
569 3074 646 3106 pag.
669 3066 741 3098 616.
766 3076 836 3107 seq.
858 3071 890 3099 et
921 3068 1114 3107 iu.;uisitio-

141 3123 218 3147 nem
241 3116 345 3155 ipsam
370 3122 446 3154 pag.
469 3114 522 3145 25.

202 3164 238 3204 b)
255 3164 410 3196 Formula
428 3164 562 3204 proprie
579 3168 628 3196 est
643 3173 756 3196 norma
767 3165 886 3206 judicii
904 3174 1004 3206 quam
1019 3168 1117 3198 Prin-

144 3222 219 3255 ceps
236 3215 290 3247 vel
306 3216 519 3255 Magistratus
535 3214 640 3254 judici
661 3217 862 3246 sententiam
878 3215 1010 3248 dicturo
1025 3224 1118 3256 prae-

143 3264 284 3297 scribit:
317 3263 408 3296 Unde
432 3262 601 3295 interdum
626 3268 657 3294 et
681 3272 740 3304 pro
763 3267 930 3296 sententia
959 3269 1115 3298 sumitur..

144 3313 225 3346 Vlde
247 3314 415 3347 valesium
437 3312 478 3345 ad
501 3315 668 3344 Ammiani
694 3314 750 3345 lib.
775 3316 856 3347 xvl.
884 3323 957 3355 cap.
986 3315 1016 3348 1.

206 3362 239 3402 c)
257 3363 339 3395 Vide
356 3363 530 3396 colomesii
550 3362 635 3394 Bibl.
654 3363 811 3395 selectam
828 3372 901 3404 cap,
917 3365 968 3397 5⁴.
985 3367 1119 3398 Gassen-

2083 228 2136 267 23

1177 296 1385 335 laestinam
1411 307 1474 335 an.
1498 297 1613 336 4394.
1636 295 1754 347 cujus
1777 295 1992 348 descriptio
2014 309 2134 338 manu

1179 363 1343 397 exarata
1361 360 1397 397 in
1419 360 1520 399 Bibl.
1538 361 1662 411 Regis
1681 359 2012 399 christianissimi
2033 373 2143 400 num.

1189 421 1308 461 5785.
1340 422 1430 462 vide
1454 422 1656 462 Oudinum
1690 428 1783 462 tom.
1815 423 1850 461 3.
1881 434 1967 473 pag.
1999 423 2113 462 4269.

1239 485 1412 524 Joannes
1432 484 1478 524 (le
1492 486 1697 526 MARCIA.
1714 485 1811 525 Vide
1828 497 1949 537 supra
1966 490 2059 524 tom.
2078 488 2140 526 lV.

1181 559 1272 599 pag.
1305 548 1394 586 386.

1231 610 1568 660 MARCULFUS,
1598 612 1814 651 Monachus
1845 616 1889 652 ut
1931 611 2044 663 ajunt.
2073 614 2142 651 Pa—

1179 674 1359 711 risiensis
1378 702 1386 720 ‚
1408 673 1456 712 ad
1477 673 1739 713 Landericum
1765 677 1854 724 (non
1877 676 2141 715 Parisiensem

1177 748 1241 775 an.
1285 736 1378 774 660.
1421 736 1663 787 Episcopum
1709 742 1888 789 tempore
1933 738 2140 789 Dagobcrti

1176 800 1320 850 Regis,
1353 803 1399 838 ut
1428 810 1522 837 cum
1553 799 1693 838 multis
1715 800 1802 839 aliis
1826 806 1942 852 putat
1965 801 2147 840 Labbeus

1178 866 1273 900 tom.
1311 863 1374 901 VI.
1413 863 1563 902 Concil.
1594 875 1680 915 pag.
1714 865 1802 903 530.
1851 865 2060 903 formulam
2093 864 2141 904 de

1177 926 1382 977 privilegio
1413 930 1453 964 et
1482 926 1792 965 Concessionem
1839 929 1954 978 Legis
1984 927 2030 966 ad
2063 929 2143 966 Pri-

1177 988 1364 1038 vilegium
1411 1000 1461 1027 ex
1509 989 1702 1028 Marculfo
1746 990 1929 1029 referens
1957 991 1965 1037 Ἰ
1996 990 2063 1028 sed
2095 990 2142 1029 ad

1178 1050 1443 1089 Landericum
1494 1051 1738 1103 Episcopum
1771 1053 2046 1102 Meldensem⁷
2075 1054 2143 1104 qui

1176 1123 1279 1152 circa
1297 1118 1475 1152 aetatem
1504 1116 1627 1165 Pipini
1648 1119 1688 1152 et
1713 1116 1840 1154 Caroli
1866 1117 1914 1154 M.
1942 1117 2085 1163 floruit,
2111 1117 2142 1163 a)

1177 1177 1342 1226 scripsit
1373 1175 1419 1215 de
1455 1176 1641 1229 formulis
1664 1177 1699 1226 b)
1724 1176 1979 1228 publicorum
2006 1179 2146 1231 priva-

1181 1242 1397 1290 torumque
1423 1244 1670 1291 neyotwrum
1703 1239 1824 1279 libros
1856 1241 1907 1279 II.
1937 1242 2042 1280 Editi
2067 1243 2144 1292 pri-

1175 1313 1288 1340 mum
1323 1313 1402 1340 una
1438 1313 1529 1340 cum
1555 1303 1641 1341 aliis
1668 1304 1906 1343 incertorum
1934 1309 2141 1343 auctorum

1182 1364 1362 1402 formulis
1394 1365 1443 1403 ab
1472 1366 1712 1414 Hieronymo
1742 1368 1932 1416 Bignonio
1962 1369 2048 1405 viro
2085 1369 2143 1404 in-

1178 1427 1413 1476 signissimo
1444 1439 1534 1466 cum
1567 1429 1672 1466 notis
1701 1428 1871 1467 eruditis
1893 1431 2013 1468 Paris.
2040 1431 2142 1469 4643

1171 1490 1207 1527 8.
1235 1494 1275 1527 et
1301 1490 1468 1528 meliore
1493 1495 1613 1541 atque
1635 1493 1810 1530 auctiore
1836 1492 2137 1532 editioneissssss.

1172 1552 1207 1589 4.
1240 1553 1376 1591 recusi
1409 1554 1556 1602 etiam,
1583 1553 1651 1591 sed
1683 1555 1768 1592 sine
1799 1556 1904 1593 notis
1935 1557 1972 1594 in
1999 1556 2142 1595 Biblio—

1181 1615 1248 1654 the
1261 1616 1317 1654 cis
1348 1617 1509 1655 Patrum
1543 1617 1677 1656 Colon.
1709 1621 1805 1656 tom.
1835 1618 1873 1656 7.
1902 1620 2026 1657 Paris.
2049 1623 2144 1656 tom.

1171 1679 1206 1717 2.
1233 1680 1430 1730 supplem.
1457 1684 1497 1718 et
1523 1680 1644 1731 Lugd.
1673 1685 1774 1719 tom.
1805 1682 1894 1720 Xll.
1919 1683 2145 1721 Recensitis

1172 1746 1306 1780 autem
1338 1743 1360 1781 a
1390 1742 1670 1782 laudatissimo
1718 1740 1878 1783 Baluzio
1909 1749 2005 1784 tom.
2035 1746 2072 1784 2.
2102 1758 2138 1796 p.

1183 1803 1270 1843 369.
1304 1817 1380 1843 non
1427 1807 1606 1856 Bignonii
1638 1807 1767 1845 solum
1813 1811 1929 1846 notae
1961 1808 2048 1846 illae
2079 1820 2148 1847 au-

1183 1869 1342 1914 ctiores⁷
1367 1868 1434 1907 sed
1460 1870 1578 1908 etiam
1609 1880 1733 1908 novae
1758 1870 1908 1909 Baluzii
1926 1882 2145 1909 accessere·

1187 1931 1311 1969 Paris.
1358 1931 1474 1970 4677.
1507 1932 1570 1970 fol.
1614 1933 1744 1983 Longe
1789 1934 2025 1972 utilissimas
2055 1945 2146 1972 esse

1183 1993 1305 2033 hasce
1336 1995 1528 2034 formulas
1559 1995 1605 2034 ad
1652 1997 1859 2035 Francicas
1904 2002 1944 2035 et
1982 1997 2146 2036 Germa—

1187 2058 1300 2096 nicas
1331 2058 1594 2108 antiquitates
1625 2058 1907 2108 illustrandas,
1930 2060 2044 2099 multi
2063 2059 2144 2110 jam

1190 2125 1463 2158 monuerunt:
1487 2121 1682 2159 Salmasio
1707 2127 1841 2161 autem
1870 2127 2033 2161 notante
2051 2154 2061 2170 ,
2085 2123 2147 2162 lib.

1183 2181 1232 2219 de
1264 2182 1398 2232 lingua
1430 2183 1687 2222 Hellenistica
1719 2196 1805 2237 pag.
1837 2185 1902 2223 23.
1940 2185 2083 2224 Latina
2114 2189 2151 2224 et

1184 2245 1362 2283 Romana
1389 2243 1547 2283 illorum
1573 2249 1790 2298 temporum
1827 2246 1961 2298 linqua
1985 2248 2042 2287 sic
2072 2247 2147 2300 dif-

1180 2305 1319 2359 ferunt
1344 2307 1509 2359 proprie
1533 2312 1580 2346 ut
1612 2308 1864 2348 Divionensis
1889 2314 1927 2348 et
1961 2311 2146 2361 Burqun-

1180 2368 1281 2407 dica.
1310 2370 1344 2406 E
1348 2373 1362 2407 t
1384 2370 1440 2408 sic
1466 2370 1512 2409 (le
1530 2370 1635 2410 aliis.
1653 2373 1692 2410 Μ
1697 2372 1785 2410 z'oeta
1796 2384 1920 2424 porro
1939 2371 2007 2411 illa
2027 2385 2148 2424 quam

1183 2430 1425 2471 soloecismis
1467 2436 1506 2471 et
1548 2431 1815 2473 barbarismis
1859 2438 2012 2473 scatere
2054 2434 2150 2472 dicit

1181 2493 1392 2541 Isidorus,
1423 2496 1459 2544 c)
1499 2495 1717 2547 praecipue
1760 2495 1886 2534 locum
1932 2495 2071 2534 habuit
2097 2508 2145 2535 ac

1181 2556 1314 2607 viyuit
1339 2557 1568 2595 Justiniano
1591 2559 1826 2609 [inperante.
1849 2562 1892 2596 ut
1915 2563 2069 2597 constat
2090 2572 2145 2597 ea:

1180 2617 1315 2656 multis
1362 2622 1628 2659 monumentis
1677 2624 1714 2658 et
1756 2621 1934 2659 maxime
1982 2633 2036 2659 ear
2069 2620 2144 2659 *illo

1183 2681 1545 2721 INSTRL'MENTO
1578 2683 1844 2722 PLIENARlAE
1875 2682 2146 2722 SECL'RlTA·

1183 2744 1281 2792 TIS,
1312 2743 1351 2793 d)
1381 2743 1488 2796 quod
1515 2745 1709 2795 scriptum
1740 2749 1799 2783 est
1826 2757 1928 2783 anno
1951 2746 2144 2785 Juslinia-

1183 2806 1249 2844 nei
1271 2807 1438 2857 Imperii
1459 2808 1668 2846 XXXVIII.
1700 2813 1737 2847 et
1759 2821 1885 2861 nuper
1913 2809 2058 2847 editum
2089 2821 2144 2848 eus

1185 2867 1287 2908 Bibl.
1310 2870 1456 2920 [ἰκρία.
1493 2882 1548 2909 eae
1578 2883 1658 2923 qua
1689 2870 1778 2910 olim
1806 2871 1845 2910 id
1867 2872 2141 2923 depromsera-

1177 3013 1217 3044 do
1235 3014 1269 3044 in
1293 3015 1361 3045 vita
1384 3015 1538 3046 Peirescii
1562 3014 1602 3045 ad
1631 3018 1667 3047 Α.
1696 3014 1788 3045 1624.
1810 3016 1995 3054 Bignonius
2014 3015 2069 3048 hic
2089 3024 2148 3047 vo-

1177 3067 1273 3094 catur
1300 3072 1466 3103 magnum
1493 3063 1664 3095 bonarum
1687 3064 1890 3094 litterarum
1914 3068 1946 3095 et
1971 3066 2068 3096 arcis
2098 3066 2149 3097 le-

1178 3121 1259 3153 qum
1283 3121 1324 3143 ac
1348 3114 1517 3145 Juscitz'ae
1543 3114 1638 3154 apud
1660 3115 1824 3147 Senatum
1848 3114 1979 3147 lumen.

1241 3162 1277 3200 d)
1301 3163 1371 3194 Lib.
1399 3165 1449 3194 lx.
1473 3166 1585 3204 origg.
1611 3172 1682 3203 cup.
1710 3163 1737 3196 1.

1240 3213 1272 3249 e)
1291 3216 1327 3244 Α.
1346 3213 1379 3244 C.
1398 3213 1470 3245 564.
1496 3215 1570 3245 vide
1594 3212 1678 3244 Bibl.
1703 3215 1853 3246 Latinam
1872 3215 1929 3248 lib.
1958 3215 1984 3246 1.
2004 3224 2076 3257 cap.
2099 3216 2146 3248 10.

1179 3263 1208 3302 S.
1238 3261 1297 3293 ult.
1325 3266 1357 3293 et
1386 3265 1533 3295 niarium
1558 3263 1764 3295 eruditorum
1796 3265 1909 3297 ltaliae
1939 3268 2031 3298 Tom.
2063 3268 2143 3298 ΧΠ.

1182 3320 1256 3353 pag.
1283 3311 1352 3343 154.
