2517 4009
928 213 1219 255 PETRUs
1997 206 2069 244 261

133 290 167 327 4.
202 285 409 325 Volumina
440 285 501 322 IV.
530 284 754 335 yrandiora
782 285 829 324 de
859 284 1038 324 omnibus

78 347 250 388 scientiis
270 350 350 384 tam
364 345 557 397 practicis
574 357 694 397 quam
715 345 982 398 speculativis,
992 347 1040 385 a'e

79 407 328 460 Geoqraphia
361 406 486 445 etiam
515 411 553 446 et
588 408 767 447 Historia
795 407 894 460 stylo
923 408 1043 448 suavi

80 473 118 509 et
131 472 266 519 comto,
281 480 382 519 quae
400 467 480 507 vidi
496 479 562 519 eqo
583 469 780 508 Panormi
792 481 880 508 eum
900 481 1040 519 essem,

79 532 209 582 inquit
241 530 419 569 Leander
447 530 647 570 Albertus.
679 530 741 569 Sic
766 524 812 570 ei<
845 543 891 570 eo
920 532 1041 569 refert

78 592 231 632 Vallius
257 603 342 642 pag.
368 593 457 631 454·
490 594 620 631 citans
649 591 738 642 ejus
769 603 870 643 opus
893 591 1041 631 descri-

79 655 178 693 tione
205 651 397 692 dell'Isole
425 653 703 705 appartenenti
728 652 950 700 althalia,
976 654 1039 692 ubi

79 715 129 755 de
140 716 344 761 Panormo.
361 715 487 761 Quam
505 716 812 766 descriptionem
826 716 1041 754 4113114155Γί-

79 781 186 828 ptam
205 776 350 815 viderit
365 777 516 816 Vallius
532 806 541 826 ‚
558 788 649 815 cum
667 777 770 826 typis
788 787 864 814 non
890 775 1042 826 prodie-

79 839 141 877 rit.
177 839 279 888 (264.
309 838 455 876 Prodiit
484 840 604 876 immo
631 839 757 888 primo
784 839 820 875 in
847 837 942 875 edit.
968 839 1042 888 Op.

78 899 250 938 Leandri
278 899 353 938 Alb
388 900 540 939 Veneta
565 911 598 938 a.
626 899 750 938 4564.
776 903 816 936 et
836 898 926 936 dein
960 899 1044 948 plu-

76 961 182 1009 ries.)
197 959 298 1010 Ejus
315 960 596 1012 geographiam
614 961 707 998 citat
727 960 872 999 Caesar
890 960 985 1008 Ripa
1003 960 1041 996 in

78 1022 301 1072 lconologia
317 1034 356 1072 p.
376 1022 466 1060 284.
487 1021 550 1060 41114
566 1021 615 1059 de
634 1022 804 1071 imagine
826 1020 1041 1059 Calabriae.

137 1083 224 1121 Vita
247 1084 289 1123 S.
319 1082 508 1123 Vincentii
529 1083 560 1120 F
562 1082 706 1121 errerii
723 1081 960 1133 confessoris
980 1092 1044 1118 or-

79 1145 185 1184 dinis
208 1144 540 1184 Praedicatorum
559 1143 674 1182 libris
699 1144 742 1182 V.
765 1143 878 1181 Hanc
903 1143 1044 1181 Surius

77 1207 183 1258 stylo
212 1209 442 1245 innovatam
476 1206 525 1244 de
557 1217 672 1243 more·
689 1209 730 1244 et
760 1204 1041 1253 interpolatam

77 1269 163 1307 suis
182 1268 356 1306 Menaeis
377 1268 573 1314 inseruit,
598 1266 668 1304 sed
695 1265 976 1304 Henschenius
1003 1268 1043 1301 et

77 1328 373 1380 Papebrochius
419 1328 457 1365 in
494 1327 606 1366 Actis
631 1328 699 1365 SS.
731 1331 826 1364 tom.
854 1328 888 1364 4.
921 1325 1045 1376 April.

78 1401 168 1442 pag.
192 1390 281 1428 482.
298 1388 346 1428 ad
372 1387 477 1427 diem
494 1389 539 1427 V.
560 1388 719 1438 qualem
736 1388 950 1425 Ranzanus
965 1385 1047 1424 edi-

78 1452 163 1501 dit,
187 1455 228 1490 et
244 1454 405 1491 servato
424 1450 662 1501 primigenio
686 1449 792 1499 stylo
816 1459 1047 1497 repraesen-

80 1517 140 1552 tat
162 1524 212 1551 ex
236 1511 332 1551 Cod.
350 1514 545 1551 Manuscr.
574 1509 831 1559 Ultrajectino
853 1509 1050 1547 membra-

83 1586 206 1614 naceo
244 1575 427 1624 antiquo,
452 1578 663 1612 monentes
683 1575 817 1610 tamen
848 1571 1048 1621 integrum

81 1648 160 1675 non
184 1646 295 1685 esse,
318 1647 412 1675 cum
439 1636 538 1674 liber
563 1635 625 1673 IV.
652 1634 720 1685 qui
745 1633 1045 1684 prolixissimus

82 1709 172 1737 esse
196 1697 385 1745 deberet,
409 1698 676 1736 brevissimus
701 1697 780 1743 sit,
804 1697 933 1746 quinti
956 1709 1052 1735 vero

82 1760 170 1798 libri
192 1760 321 1802 solum
343 1759 449 1799 adsit
473 1760 643 1798 initium.
674 1758 719 1796 In
746 1753 964 1797 Ebracensi
991 1770 1054 1798 ce-

84 1821 182 1860 lebri
200 1823 305 1860 inter
326 1822 589 1873 Bambergam
606 1825 647 1858 et
662 1821 901 1872 Herbipolim
920 1831 1056 1859 mona-

87 1885 208 1922 sterio
227 1889 336 1923 cent.
355 1885 393 1922 2.
411 1895 522 1923 1141111.
542 1883 630 1923 400.
653 1882 745 1921 014111
762 1882 868 1921 aliud
889 1882 937 1921 ab
957 1883 1054 1932 ipsis

89 1946 221 1984 visum
239 1946 368 1984 fuerat
384 1945 567 1997 ejusdem
583 1946 690 1984 vitae
710 1945 940 1995 exemplum
959 1973 967 1991 ,
982 1943 1052 1982 sed

93 2011 183 2058 post
211 2017 339 2045 annos
364 2007 426 2047 42.
451 2018 543 2045 cum
575 2006 648 2044 sibi
678 2005 903 2044 deficientia
933 2016 983 2043 ex
1008 2016 1054 2043 eo

87 2069 191 2107 mitti
213 2068 513 2118 postulassent,
539 2079 782 2118 quacunque
803 2066 977 2106 adhibita
998 2065 1057 2104 di-

86 2129 254 2180 ligentia
271 2141 348 2168 non
366 2134 428 2168 est
445 2131 637 2168 inventus
653 2129 890 2180 designatus
905 2128 1053 2167 Codex.

85 2191 320 2243 Diligentiae
337 2193 687 2231 Dominicariorum
706 2192 770 2230 vel
786 2193 1055 2230 Romanorum

88 2253 153 2292 vel
177 2254 554 2293 Panormitanorum
577 2259 666 2303 est,
695 2264 799 2304 quae
830 2253 923 2291 huic
947 2255 1056 2303 operi

87 2313 262 2364 desunt,
286 2316 319 2353 si
334 2315 440 2366 apud
456 2326 499 2354 se
521 2315 713 2362 habeant,
730 2314 928 2365 supplere.
950 2315 1058 2352 Hanc

87 2377 213 2415 vitam
229 2378 391 2427 scripsit
407 2388 513 2415 anno
533 2376 648 2415 4455.
660 2377 878 2414 Lusitanus
895 2374 1058 2425 quidem

88 2437 213 2476 edidit
236 2439 274 2476 in
305 2438 540 2476 collectione
571 2439 746 2476 vitarum
776 2437 847 2476 SS.
878 2436 1056 2485 ordinis,

90 2498 161 2539 sed
190 2499 350 2549 qualem
372 2499 410 2536 in
432 2499 548 2538 Surio
572 2499 731 2548 reperit.

146 2562 246 2600 Item
265 2560 438 2600 Carmen
462 2559 676 2598 Heroicum
695 2559 782 2598 423.
805 2569 997 2597 versuum
1019 2559 1060 2596 in

93 2617 250 2658 laudem
270 2620 312 2659 S.
344 2617 534 2658 Vincentii
554 2617 658 2656 dicti.
684 2619 880 2656 Manuscr.
899 2618 1058 2656 Floren-

95 2683 174 2721 tiae
205 2682 242 2719 in
275 2682 571 2720 Dominicanor.
603 2680 640 2718 S.
671 2680 790 2718 Marci
821 2678 1060 2717 Bibliotheca

93 2743 283 2782 viderunt
307 2743 472 2794 praefati
498 2741 776 2780 Henschenius
799 2745 839 2778 et
870 2739 1059 2790 Papebro-

93 2804 237 2852 chius,
269 2809 310 2843 et
334 2804 470 2843 laudat
492 2804 562 2842 loc.
587 2805 652 2841 cit.
681 2815 717 2854 p.
741 2801 831 2840 478.
859 2813 968 2840 1141111.
994 2802 1030 2839 2.

156 2865 336 2920 Officium
386 2865 562 2920 ejusdem
616 2864 743 2903 sancti
793 2862 1023 2901 canonicum
1051 2893 1059 2911 ,

96 2928 203 2978 quod
234 2929 272 2966 in
303 2927 466 2966 Ordinis
496 2928 710 2966 Breviariis
741 2926 932 2973 liabetur,
958 2926 1059 2963 Ran-

96 2991 183 3028 zani
214 3000 314 3039 opus
344 2989 592 3028 existimavit
624 2987 772 3026 Vallius
801 2989 947 3025 citatus
972 2997 1056 3036 pag.

99 3051 191 3089 454.
220 3049 289 3088 sed
322 3050 532 3088 manifeste
565 3049 738 3096 fallitur,
768 3059 859 3086 cum
885 3048 937 3084 sit
963 3049 1054 3085 Mar-

101 3111 208 3150 tialis
236 3110 454 3159 Auribelli,
494 3111 671 3161 magistri
715 3108 864 3147 ordinis
909 3109 1056 3147 XXIX.

98 3173 196 3212 Vide
226 3174 283 3212 sis
306 3173 390 3211 Jac.
419 3173 557 3219 Quetif
584 3177 678 3210 torn.
712 3174 746 3210 4.
778 3182 864 3221 pag.
898 3172 1014 3210 4844.

156 3235 191 3273 4.
227 3235 336 3274 Vitae
359 3235 398 3273 S.
425 3232 636 3272 Barbarae
661 3232 832 3282 Viryinis
855 3236 891 3271 et
911 3234 1061 3284 Marty-

99 3295 187 3342 ris,
218 3300 322 3336 teste
354 3296 574 3347 llyacintlio
605 3295 792 3334 Montalto
823 3296 859 3332 in
893 3296 1061 3333 llistorin

1114 284 1248 324 Sicula
1266 282 1416 322 ordinis
1441 281 1761 321 l‘raedicatorum
1788 279 1985 318 Manuscr.
2011 277 2074 315 Sic

1115 345 1236 384 refert
1264 344 1492 382 Antoninus
1521 343 1751 392 Mongitore.

1167 408 1201 444 5.
1226 405 1542 445 Commentarius
1566 403 1612 442 de
1634 401 1880 453 antiquitate,
1898 399 2076 450 primor-

1113 467 1189 506 dits
1227 471 1265 506 et
1300 477 1523 518 proqressu
1566 465 1680 504 urbis
1721 462 1924 503 Panormi.
1963 461 2075 508 Quod

1114 540 1214 579 opus
1245 531 1266 567 a
1298 530 1510 567 Franciseo
1540 528 1707 566 Baronio
1735 527 1757 564 a
1787 523 2003 565 Manfredis
2025 524 2079 561 ci-

1114 596 1222 630 tatur
1252 592 1289 628 in
1323 600 1395 628 suo
1435 589 1532 628 libro
1565 589 1760 639 Majestas
1791 585 2078 625 Panormitano.

1115 653 1305 701 inscripto
1336 662 1421 700 pag.
1453 651 1488 688 9.
1535 655 1574 688 et
1616 652 1636 688 a
1679 648 1809 687 Rocho
1853 649 1960 686 Pirro
2004 647 2079 684 frc-

1115 718 1286 764 quenter
1317 714 1353 750 in
1395 710 1532 751 Sicilia
1561 723 1707 759 sacra,
1740 709 1908 759 ejusque
1942 719 2079 746 exem-

1115 776 1200 825 plar
1229 775 1402 813 Manusc.
1435 772 1538 823 apud
1568 774 1613 811 D.
1654 772 1849 810 Abbatem
1882 769 2078 822 Lafarina

1117 838 1248 875 virum
1295 834 1500 874 eruditum
1543 835 1726 872 Panormi
1756 844 1799 871 se
1844 831 1994 870 vidisse
2023 837 2081 869 to-

1118 902 1250 936 statur
1280 901 1374 935 tom.
1412 899 1443 935 4.
1471 907 1557 947 pag.
1590 897 1651 934 55.
1683 899 1723 933 et
1748 895 1838 933 248.
1860 898 2078 932 servatum.

1119 959 1236 998 Aliud
1267 958 1448 1008 ejusdem
1479 958 1610 1008 operis
1646 956 1877 1006 exemplum
1922 959 2079 993 exstare

1120 1023 1157 1059 in
1187 1021 1432 1060 Bibliotheca
1463 1019 1746 1058 Monachorum
1778 1016 2079 1056 Cassinensium

1119 1083 1156 1121 S.
1187 1083 1343 1121 Martini
1374 1080 1422 1119 de
1453 1081 1580 1120 Scalis
1610 1079 1656 1118 ad
1690 1081 1927 1117 Pnnormum
1960 1081 2082 1114 testa-

1119 1148 1185 1182 tur
1227 1143 1458 1182 Antoninus
1501 1142 1729 1192 Mongitore.
1775 1141 1929 1177 Rursus
1975 1137 2080 1176 aliud

1120 1206 1213 1243 item
1252 1207 1447 1243 Manuscr.
1481 1205 1517 1241 in
1551 1204 1583 1241 4.
1618 1203 1753 1241 Latine
1783 1205 1824 1238 et
1869 1200 2004 1238 ltalice
2033 1199 2081 1237 ab

1120 1272 1282 1305 auctore
1314 1266 1507 1315 scriptum
1538 1263 1642 1314 apud
1674 1263 1929 1301 Vincentium
1961 1261 2080 1300 Auria

1121 1327 1448 1365 Panormitanum
1481 1329 1701 1363 servatum.

1175 1386 1214 1425 6.
1243 1388 1299 1424 Dc
1329 1385 1517 1425 laudibus
1543 1385 1761 1424 Lucerinae
1791 1384 1963 1422 civitatis
1984 1395 2084 1422 com-

1123 1452 1344 1486 mentarius
1374 1447 1560 1486 laudatur
1588 1446 1638 1484 ab
1667 1446 1831 1496 Ughello
1853 1445 1942 1483 Ital.
1970 1447 2083 1485 Saer.

1125 1515 1215 1548 tom.
1252 1510 1355 1548 VIII.
1385 1519 1480 1559 paq.
1525 1509 1614 1547 462.
1657 1509 1922 1545 Meminerant
1965 1509 2084 1545 etiam

1125 1571 1305 1611 Leander
1334 1571 1537 1620 Albertus,
1563 1570 1772 1608 Altamura
1797 1573 1837 1606 et
1866 1568 2089 1606 Paciucbel-

1126 1634 1189 1673 lus
1217 1633 1315 1673 Ord.
1347 1633 1486 1673 Praed.

1183 1697 1218 1735 7.
1264 1696 1401 1735 Oratio
1444 1696 1484 1734 in
1524 1694 1668 1747 funere
1710 1692 1817 1744 reyis
1858 1690 2090 1742 Hunqariae

1128 1758 1316 1798 Matthiae
1349 1757 1546 1804 Corvini.
1577 1755 1650 1795 sub
1677 1756 1794 1806 finem
1837 1753 1986 1804 Aprilis
2015 1753 2089 1791 An.

1129 1820 1245 1860 4492.
1276 1820 1447 1858 recitata
1476 1818 1586 1870 apud
1612 1816 1754 1856 Albam
1798 1815 1972 1866 Reyiam.
2002 1815 2092 1853 Ser-

1129 1887 1218 1922 vata
1250 1883 1384 1921 forsan
1417 1883 1521 1920 inter
1550 1881 1687 1931 plures
1716 1878 1897 1929 ejusdem
1939 1876 2093 1915 Oratio-

1127 1956 1196 1984 nes
1210 1976 1221 1993 ,
1247 1955 1348 1995 quas
1367 1944 1659 1993 Manuscriptas
1684 1943 1722 1979 in
1740 1941 1884 1979 celebri
1906 1939 2091 1978 Sambuci

1129 2007 1275 2046 laudati
1307 2005 1551 2046 Bibliotheca
1581 2004 1718 2042 haberi
1748 2006 1921 2041 testatur
1952 2000 2094 2039 Simle-

1129 2080 1199 2108 rus
1224 2070 1262 2106 in
1293 2079 1366 2107 sua
1397 2068 1567 2106 Gesneri
1597 2064 1840 2105 Bibliotheca
1865 2067 1996 2106 aucta,
2022 2061 2093 2100 sed

1130 2135 1170 2168 et
1201 2130 1337 2180 plures
1367 2129 1550 2180 ejusdem
1582 2128 1787 2177 scriptoris
1806 2127 2018 2164 orationes.

1186 2193 1222 2230 8.
1258 2190 1496 2241 Triumphus
1531 2189 1708 2228 carmine
1734 2186 1903 2238 eleyiaco
1932 2185 1986 2224 ad
2014 2185 2094 2223 An-

1134 2252 1282 2291 tonium
1315 2251 1655 2290 Panormitanum.
1689 2249 1842 2287 Laudat
1873 2247 1976 2285 idem
2015 2246 2094 2284 An-

1133 2315 1270 2353 tonius
1300 2315 1337 2351 in
1369 2313 1454 2351 suis
1483 2311 1674 2362 Epistolis
1719 2309 1837 2348 editis
1867 2319 1959 2346 cum
2002 2308 2094 2356 Epi-

1133 2376 1246 2415 stolis
1275 2373 1513 2414 Ferdinandi
1545 2374 1650 2423 regis
1679 2383 1765 2421 pag.
1798 2370 1887 2408 354.
1918 2370 2095 2406 Meminit

1135 2438 1217 2487 ipse
1235 2438 1448 2475 Ranzanus
1472 2435 1603 2484 operis
1622 2443 1710 2470 mox
1738 2429 1974 2469 recensendi
1998 2433 2093 2466 tom.

1133 2499 1232 2536 VIII.
1267 2497 1334 2535 lib.
1366 2497 1465 2535 XLl.
1500 2496 1563 2534 ubi
1594 2494 1729 2544 plures
1759 2492 1879 2540 hujus
1908 2491 2095 2528 carminis

1134 2569 1278 2597 versus
1309 2558 1442 2596 refert.
1482 2555 1603 2594 Addit
1647 2554 1902 2603 Mongitorius
1944 2552 2096 2589 Ranza—

1135 2630 1229 2657 num
1273 2620 1422 2669 poetica
1466 2617 1659 2655 claruisse
1689 2614 1837 2664 gloria,
1867 2617 1907 2650 et
1943 2611 2094 2660 aliquot

1133 2678 1220 2730 ejus
1250 2680 1398 2730 elegias
1429 2675 1672 2715 indentidem
1705 2676 1807 2711 inter
1836 2674 1924 2723 ejus
1961 2672 2095 2710 Anna-

1134 2742 1192 2779 les
1231 2752 1321 2779 mox
1360 2738 1580 2778 laudandos
1621 2747 1858 2781 occurrere,
1889 2745 1933 2772 ac
1974 2735 2092 2771 etiam

1135 2804 1171 2839 in
1216 2801 1501 2840 commentario
1546 2810 1666 2849 supra
1709 2809 1819 2836 1141111.
1849 2798 1883 2834 5.
1924 2795 2093 2833 indicato

1135 2863 1182 2902 de.
1212 2864 1361 2914 origine
1391 2863 1599 2901 Panormi.
1629 2859 1824 2910 quaedam
1856 2859 1973 2896 etiam
2006 2857 2094 2907 ejus

1134 2927 1310 2965 carmina
1342 2925 1474 2964 haberi
1505 2922 1606 2974 apud
1633 2924 1784 2960 l‘irrum
1806 2922 1916 2958 notit.
1941 2919 2092 2958 Eccles.

1134 2990 1314 3027 Panorm.
1347 2991 1386 3025 et
1415 2986 1517 3036 apud
1550 2985 1804 3023 vincentium
1837 2981 2093 3020 Littaramdc

1135 3050 1256 3088 rebus
1287 3048 1462 3086 Nettinis
1493 3058 1578 3097 pag.
1611 3046 1673 3083 34.

1188 3111 1225 3147 9.
1260 3109 1365 3161 Opus
1382 3107 1535 3159 yrancle
1556 3105 1771 3145 Annalium
1802 3104 1973 3142 omm'um
2005 3107 2096 3142 tem-

1136 3183 1291 3224 porum.
1333 3170 1468 3220 Opus,
1504 3170 1631 3218 inquit
1676 3168 1955 3216 Morigitorius:
1986 3177 2096 3215 egre-

1136 3236 1242 3284 gium
1269 3238 1308 3270 et
1332 3233 1454 3270 inulta
1478 3230 1701 3269 eruditione
1727 3229 1918 3267 refertum
1946 3228 1983 3265 in
2007 3233 2094 3265 octo

1138 3305 1351 3347 permagna
1395 3293 1597 3331 volumina
1642 3291 1909 3341 Manuseripta
1952 3290 1989 3327 in
2030 3289 2091 3326 tol.
