2533 4009
483 228 558 264 :3915

480 299 581 334 rium
613 300 703 330 tom.
738 293 797 327 t'l.
820 301 853 338 p.
886 290 896 333 ,1
910 289 945 323 n.
986 288 1080 323 λον.
1109 283 1291 322 Eundem
1322 283 1435 333 ajunt

478 357 674 394 excitasse
705 351 951 388 Clementem
985 347 1046 383 lv.
1080 344 1309 392 Pontificem
1332 375 1342 391 ‚
1392 349 1436 382 ut

479 420 514 453 in
560 412 730 451 Consilio
778 408 994 445 Viennensi
1038 406 1333 444 Clementinam
1385 405 1434 443 do

475 470 992 517 l'roscssorihuslinguarum
1012 466 1151 505 ederet
1169 467 1336 516 Scriptis
1353 465 1440 515 ejus

477 536 670 573 addantur
715 530 877 568 Glossae
908 529 945 565 in
982 530 1133 567 Sacras
1177 526 1437 578 Scripturas,

477 599 693 634 Sermones.
720 591 915 629 Lectiones
940 588 1186 627 ordina-riae.
1217 590 1373 626 pitseus
1403 599 1437 625 c.

476 648 757 693 323Jx'ossius
788 653 835 689 dc
869 651 1017 688 Histor.
1037 651 1120 688 Lat.
1142 652 1187 688 ll.
1206 651 1268 688 58.
1292 661 1327 699 p.
1347 651 1435 688 474.

475 715 706 762 JacQuetis
733 713 781 751 de
812 713 1082 762 scriptoribus
1112 712 1204 751 Ord.
1234 711 1438 749 Praedica-

478 785 605 815 torum
633 782 737 814 tomo
771 776 796 813 l.
827 787 859 823 p.
898 775 985 812 418.

527 838 789 877 ROBERTUS
820 836 1010 882 Balacns,
1043 837 1175 873 senior
1204 839 1243 871 ot
1271 834 1434 883 junior,

475 900 564 939 vide
595 904 621 937 t.
653 900 679 937 Ι.
712 911 748 948 p.
784 900 871 937 456.

527 961 794 1001 ROBERTUS
823 960 990 1006 Bab-ac,
1024 960 1189 1009 Eques,
1238 962 1280 995 ut
1328 957 1437 994 vids-.-

474 1029 564 1070 tur,
593 1023 769 1074 Anglus.
800 1024 866 1071 qui
901 1022 1034 1058 literas
1065 1020 1183 1058 simul
1215 1025 1255 1056 et
1287 1019 1434 1057 bellum

474 1090 654 1123 sectatus
684 1089 757 1121 est.
779 1085 946 1133 Scripsit
965 1083 1107 1121 librum
1131 1081 1176 1119 dc
1198 1093 1243 1119 re
1268 1080 1440 1119 militari

472 1148 574 1184 circa
604 1157 637 1184 a.
670 1145 784 1184 44450.
818 1146 987 1184 ΒᾶΙαρυε
1018 1146 1132 1184 Cont..
1167 1145 1251 1182 ΧΗ.
1276 1143 1337 1182 52
1361 1144 1436 1181 Pit-

475 1219 569 1248 seus
598 1219 630 1246 c.
662 1208 750 1245 839.

528 1268 794 1307 ROBERTUS
826 1269 1047 1312 Basconus.
1081 1267 1170 1304 vide
1203 1266 1434 1316 suprasstoni.

474 1332 500 1368 l.
533 1343 565 1380 p.
604 1331 690 1369 474.
723 1331 857 1368 Meti-a
887 1331 974 1378 ojus
1004 1328 1050 1366 (la
1073 1327 1226 1366 illustri
1249 1326 1345 1365 bello
1387 1327 1435 1365 dc

474 1390 764 1430 Bannockburn
793 1403 826 1429 a.
859 1392 974 1429 4304.
1006 1395 1117 1439 gesto
1150 1391 1322 1439 primum
1355 1389 1436 1426 cdi-

475 1453 532 1491 dit
561 1453 735 1491 Thomas
767 1453 901 1491 Bellus
931 1452 977 1489 ad
1013 1453 1130 1489 tinem
1159 1451 1271 1497 libri,
1314 1453 1435 1489 Roma

473 1514 671 1552 restituta.
703 1513 965 1552 Emendatius
995 1514 1167 1551 Thomas
1199 1512 1357 1551 Hearne
1397 1514 1434 1550 in

476 1576 703 1626 Appendice
733 1575 779 1613 ad
813 1576 915 1614 Scoti
949 1575 1170 1614 Clironicon
1201 1577 1259 1612 Jo.
1292 1574 1438 1612 Fordu-

478 1640 515 1675 ni
548 1642 573 1674 t.
594 1639 696 1686 le.
723 1639 735 1674 4
748 1638 835 1675 570.
862 1637 995 1674 Fidem
1027 1636 1115 1685 ejus
1145 1647 1433 1686 nonnunquam

476 1700 512 1735 in
556 1698 719 1737 dubium
768 1702 881 1735 vocat
913 1696 1138 1745 Launojus‚
1187 1701 1322 1746 utpote
1366 1698 1433 1746 qui

477 1764 735 1797 monumenta
764 1759 930 1796 confusa
962 1763 1128 1796 secutus
1159 1759 1237 1808 sit,
1268 1758 1366 1808 Opp.
1406 1763 1434 1795 t.

476 1820 520 1858 ΙΙ.
554 1826 654 1870 part.
685 1821 711 1857 l.
743 1832 776 1870 p.
811 1821 900 1858 445.

529 1881 791 1920 ROBERTUS
807 1881 853 1919 cle
871 1881 974 1919 Bello
999 1881 1125 1929 Foco,
1149 1882 1317 1931 Anglus,
1333 1881 1436 1919 Oxo-

477 1945 562 1982 niae
593 1943 775 1993 studuit,
805 1945 991 1994 Magister
1023 1943 1323 1994 Philosophiae,
1346 1948 1434 1994 post

472 2007 696 2044 Canonicus
726 2006 1046 2043 saresburiensis
1090 2008 1192 2044 circa
1237 2017 1270 2043 a.
1319 2006 1434 2044 4490.

474 2067 638 2117 Scripsit
669 2067 902 2104 Encomium
933 2067 1243 2118 Topoqraplziae,
1285 2070 1320 2104 et
1358 2068 1436 2105 Mo-

473 2128 556 2166 nita
577 2127 791 2167 salutaria.
822 2129 991 2167 Balaeus
1022 2130 1136 2167 Cont.
1168 2129 1233 2166 111.
1262 2129 1325 2166 36.
1359 2129 1436 2165 Pit-

476 2201 572 2228 seus
601 2201 635 2227 c.
667 2190 758 2228 265.

527 2251 796 2289 ROBERTUS
827 2251 1131 2290 Rerltnetuensis
1161 2252 1202 2289 ln
1235 2250 1434 2290 X11.Pro-

475 2313 615 2362 phetas
646 2313 820 2351 minores
848 2314 924 2352 MS.
955 2319 1088 2352 exstat
1121 2315 1157 2351 in
1206 2314 1302 2351 Bibl.
1346 2324 1434 2352 coe-

474 2374 575 2412 nobii
609 2374 946 2413 Camberonensis
978 2377 1014 2412 in
1049 2375 1285 2423 Harmonia,
1330 2379 1432 2412 testo

473 2435 555 2472 Val.
586 2433 770 2473 Andreae
800 2436 898 2474 Bibl.
930 2437 1091 2485 Belgica
1116 2437 1190 2475 MS.
1224 2438 1248 2474 1.
1283 2449 1316 2486 p.
1344 2436 1434 2475 363.

472 2495 619 2545 Opinor
648 2507 738 2533 esse,
769 2498 987 2547 Rupertum
1023 2497 1275 2545 Tnitiensem,
1319 2500 1434 2547 qu'us

473 2557 582 2607 Opus
613 2557 684 2595 hoc
715 2559 828 2596 titulo
859 2559 1063 2598 habemur.

525 2617 790 2658 ROBERTUS
813 2619 985 2669 Bilibri7
1019 2621 1097 2658 vid.
1119 2622 1217 2660 infra
1241 2619 1434 2660 Robertns

475 2679 736 2719 Kilwarbius.

528 2742 792 2782 ROBERTUS
820 2743 1044 2783 Blona'ellits
1069 2776 1075 2790 ‚
1107 2746 1268 2795 scripsit
1314 2746 1431 2783 Deso-

474 2801 654 2842 lationem
685 2805 905 2853 Franciae⁷
937 2806 1032 2844 dum
1068 2807 1147 2843 nex
1176 2807 1342 2845 Carolus
1369 2808 1431 2844 Vl.

476 2864 546 2902 fuit
590 2867 805 2915 captivus,
851 2868 1101 2904 carminice:
1153 2867 1430 2906 aestuationem

475 2926 744 2966 Normanniae
769 2939 836 2978 per
867 2929 1050 2966 Carolum
1084 2929 1162 2966 Vll.
1199 2931 1235 2966 in
1267 2930 1341 2966 alio
1359 2931 1432 2967 Co-

474 2985 558 3023 ‹lico
587 2987 731 3026 (licitur
760 2987 937 3027 Assertio
979 2989 1260 3027 Normanniae.
1300 2989 1432 3027 Droz'ts

481 3045 527 3083 tle
555 3048 707 3087 Frcmce
731 3055 864 3088 contre
888 3050 941 3089 les
966 3050 1153 3100 Angylois,
1186 3051 1289 3101 quod
1323 3051 1433 3089 vide—

477 3111 540 3143 tur
569 3120 657 3145 osso
690 3113 818 3148 versio
849 3115 984 3163 scripti
1019 3114 1159 3151 ultimo
1179 3114 1262 3151 loco
1286 3124 1434 3150 memo-

479 3170 562 3203 rati.
597 3169 699 3208 llzwc
733 3172 928 3212 habontur
959 3176 996 3212 iii
1023 3175 1120 3213 Bibl.
1154 3175 1268 3225 llogia
1295 3175 1434 3212 Parisi-

481 3236 552 3266 τω.
587 3234 627 3264 ut
658 3236 826 3271 instatur
858 3237 970 3272 Rern.
1010 3236 1057 3273 die
1102 3238 1349 3276 Montfaucon
1397 3238 1432 3273 in

483 3286 575 3322 Bibl.
609 3290 877 3332 llihliothccar.
908 3298 1012 3335 MSS.
1041 3311 1075 3348 p.
1108 3300 1196 3337 910.
1229 3300 1318 3337 942.
1345 3299 1433 3337 sil-t.

1278 213 1465 251 ltossli
1493 213 1576 250 1ιί·
1602 213 1630 251 U
1656 214 1680 249 S

1512 283 1602 320 953.
1635 282 1770 320 Oratio
1801 283 1887 333 ejus
1930 284 2150 324 historialis
2181 286 2216 322 in
2256 285 2377 324 forma
2427 286 2470 323 li-

1509 343 1598 381 belli
1630 342 1677 381 ad
1710 343 1894 382 Carolum
1926 346 2005 383 Vll.
2036 346 2082 384 ad
2107 346 2366 397 expellendos
2391 346 2472 385 An-

1509 404 1594 454 glos
1623 415 1644 441 e
1674 415 1795 454 regno
1825 404 1999 451 Galliae,
2029 406 2131 445 etad
2156 408 2348 446 auxilium
2375 408 2468 445 Ter-

1510 476 1575 503 rae
1606 465 1775 517 Sanctae.
1809 467 2125 514 praestandum,
2158 470 2194 506 in
2227 469 2324 507 Bibl.
2357 467 2472 519 Regi-

1512 537 1583 564 nae
1614 524 1829 570 Svccicac‚
1860 530 1963 563 teste
1993 527 2130 566 eodem
2162 541 2199 579 p.
2227 530 2292 568 2l.
2321 529 2386 568 22.

1566 587 1836 626 ROBERTUS
1867 585 2066 636 Blandus,
2097 592 2230 629 nescio
2260 592 2377 640 quis,
2426 589 2471 628 de.

1511 652 1599 686 arte
1626 647 1904 686 Grammatico
1934 648 2006 686 MS.
2044 654 2178 688 exstat
2207 652 2244 689 in
2276 652 2372 690 Bibl.
2401 651 2501 690 Βε-ί

1511 711 1571 759 gia
1604 710 1857 748 Londinensi.
1890 710 2005 747 liern.
2037 709 2086 747 de
2104 711 2352 750 Monttaucon
2376 712 2472 751 Bibl.

1515 772 1853 810 Bibliothecarum
1884 771 1991 809 MSS.
2024 783 2059 821 p.
2093 772 2182 811 626.

1568 833 1840 872 ROBERTUS
1870 832 2155 883 Bononiensis,
2187 835 2471 885 Longobardus

1510 895 1935 943 cognominatus‚0rd.
1956 895 2289 943 Praedicatorum,
2309 898 2412 936 circa
2440 909 2475 936 a.

1513 956 1629 994 4320.
1661 957 1829 1006 Scripsit
1855 956 2226 995 Determz'nationem
2254 956 2302 996 de
2329 957 2475 997 Ordine

1511 1016 1859 1055 Praedicatorum.
1889 1020 1969 1056 Jac.
2001 1019 2201 1063 Quetifde
2219 1020 2362 1070 Script.
2380 1019 2474 1059 Ord.

1512 1079 1686 1117 Praedic.
1718 1083 1812 1116 toni.
1845 1080 1870 1117 l.
1904 1091 1938 1129 p.
1971 1080 2059 1118 528.

1567 1141 1835 1179 ROBERTUS
1865 1139 2352 1193 Bridlinyton,›Anglus‚
2394 1155 2477 1181 mo—

1513 1202 1666 1241 nachus
1684 1203 1965 1241 Cisterciensis
1995 1204 2140 1242 aetatis
2172 1204 2477 1251 incertae,scri-

1513 1266 1589 1315 psit
1616 1275 1739 1315 super
1763 1262 2025 1316 Apocalypsin
2050 1265 2090 1304 S.
2115 1265 2292 1306 loannis.
2317 1268 2474 1306 l’itseus

1511 1325 1694 1376 Append.
1725 1326 1842 1364 Ceut.
1873 1326 1937 1364 111.
1988 1327 2078 1365 400.
2121 1327 2208 1366 Car.
2254 1328 2387 1366 Visch.
2427 1328 2476 1366 dc

1512 1389 1661 1438 Script.
1693 1386 1786 1425 Ord.
1819 1388 2100 1426 Cisterciensis
2131 1400 2166 1438 p.
2198 1389 2288 1427 289.

1564 1449 1836 1488 ROBERTUS
1867 1449 1913 1488 de
1940 1449 2116 1500 Bruyst,
2154 1451 2298 1490 tertius
2341 1449 2475 1489 Abbas

1512 1511 1743 1548 monasterii
1792 1512 1997 1549 Dunensis
2042 1513 2080 1549 in
2124 1511 2338 1562 Flandria,
2380 1512 2473 1551 Ord.

1510 1567 1819 1618 Cistcrciensis,
1850 1572 1900 1610 ab
1929 1583 1962 1610 a.
1997 1573 2240 1612 4438-4453.
2259 1572 2358 1623 Ejus
2382 1575 2476 1614 Ser-

1509 1644 1570 1671 mo
1604 1635 1641 1670 in
1673 1635 1952 1672 anniversario
1999 1633 2259 1684 depositionis
2301 1636 2338 1674 S.
2383 1637 2476 1674 Bor-

1510 1694 1620 1732 nardi
1651 1699 1785 1733 exstat
1814 1695 1890 1733 MS.
1924 1697 1960 1734 in
1993 1696 2255 1736 Bibl.laudati
2275 1702 2476 1736 monaste—

1508 1758 1566 1794 rii.
1598 1758 1691 1795 Ant.
1714 1756 1884 1806 Sanderi
1918 1757 2015 1796 Bibl.
2046 1758 2202 1808 Belgica
2233 1757 2308 1798 MS.
2333 1759 2362 1797 1.
2385 1770 2474 1810 pag.

1510 1819 1598 1857 48¹2.
1628 1818 1752 1856 Gallia
1784 1818 2011 1857 Christiana
2042 1822 2138 1857 tom.
2170 1820 2216 1858 V.
2248 1831 2283 1870 p.
2315 1820 2406 1859 285.

1566 1880 1834 1919 ROBERTUS
1865 1878 2054 1919 Bullenus
2071 1909 2078 1928 ,
2098 1881 2176 1919 vid.
2204 1881 2303 1921 infra
2331 1880 2475 1922 nober-

1510 1945 1572 1979 tas
1599 1940 1779 1980 Polenus.

1566 2003 1783 2041 ROBERTI
1818 2002 1992 2041 Burhilli
2019 2003 2200 2042 Historia
2224 2003 2471 2044 Scholastica

1509 2068 1585 2104 MS.
1615 2069 1678 2103 est
1709 2065 1744 2101 in
1779 2064 1876 2102 Bibl.
1907 2065 2132 2114 Bodlejana.
2164 2067 2471 2106 Bern.deMon-

1510 2128 1669 2166 tfaucon
1700 2126 1796 2164 Bibl.
1822 2126 2096 2165 Bibliothecar.
2129 2127 2233 2166 MSS.
2265 2140 2304 2178 p.
2328 2129 2417 2168 658.

1564 2187 1832 2228 ROBERTUS
1865 2187 2076 2236 Canutus,
2104 2188 2195 2227 vide
2225 2199 2345 2239 supra
2374 2194 2470 2228 tom.

1565 2311 1830 2350 ROBERTUS
1857 2310 2021 2362 Capito,
2055 2311 2134 2349 vid.
2159 2311 2452 2351 Lincolniensis.

1564 2373 1836 2414 ROBERTUS
1865 2371 2138 2421 Caracciolus,
2169 2373 2249 2412 vid.
2280 2373 2327 2413 de
2352 2374 2467 2413 Licio.

1565 2434 1828 2475 ROBERTUS
1856 2434 2040 2473 Carevue
2059 2465 2066 2483 ,
2089 2434 2170 2472 vid.
2193 2434 2402 2475 Cervinus.

1565 2495 1831 2537 ROBERTUS
1858 2495 2088 2535 Casinensis
2108 2526 2116 2544 ‚
2145 2496 2295 2545 Abbas,
2312 2499 2471 2548 scripsit

1511 2557 1676 2598 Librum
1701 2559 1960 2607 Sermonum,
1992 2561 2034 2596 ut
2060 2558 2197 2607 fertur,
2223 2557 2468 2609 eleyaoztium.

1512 2622 1619 2661 Haec
1644 2622 1885 2660 Possevinus
1916 2625 1944 2657 t.
1975 2621 2019 2658 ll.
2051 2619 2276 2670 Apparatus
2306 2633 2341 2671 p.
2380 2623 2470 2661 344.

1564 2681 1857 2729 ROBERTUS,
1888 2680 2141 2729 Castrensis,
2163 2681 2369 2731 Castrius,
2398 2683 2470 2723 Ce-

1508 2744 1699 2791 strensis‚
1732 2743 1907 2794 Anglus,
1936 2742 2242 2783 Mathematicus
2261 2775 2272 2793 ,
2297 2755 2346 2784 ex
2372 2746 2469 2785 urbe

1507 2808 1662 2844 (lestria
1693 2804 1886 2844 oriundus
1906 2835 1916 2851 ‚
1948 2803 2052 2843 circa
2080 2816 2114 2844 a.
2161 2806 2276 2845 4390.
2309 2807 2469 2858 scripsit

1507 2867 1553 2905 (le
1577 2865 1820 2905 Astrolabz'O.
1851 2865 2049 2904 Lelandus
2091 2878 2125 2904 c.
2171 2867 2264 2907 545.
2299 2868 2468 2908 Balaeus

1508 2930 1672 2967 Centur.
1704 2929 1769 2966 Xl.
1805 2928 1865 2966 42.
1898 2929 2055 2966 Pitseus
2087 2928 2268 2980 Appcnd.
2302 2930 2466 2970 Centur.

1509 2991 1571 3028 lV.
1602 2991 1638 3028 3.
1664 2990 1829 3028 Vossius
1858 2989 2042 3040 injuriam
2075 2991 2168 3030 facit
2192 2992 2331 3040 Pitseo,
2353 2994 2466 3042 quasi

1510 3050 1723 3090 leobertum
1756 3052 1862 3090 hunc
1906 3062 1997 3090 cum
2043 3051 2209 3103 Royem‘o
2255 3052 2469 3093 Cestriensc

1509 3113 1782 3161 confudisset,
1813 3112 1918 3162 quod
1952 3124 2027 3151 non
2059 3115 2116 3152 sic
2159 3118 2245 3153 est:
2286 3114 2376 3153 vide
2400 3114 2464 3152 ¹de,

1513 3173 1720 3213 llistoricis
1753 3175 1900 3213 LatInis
1933 3187 1968 3226 p.
2000 3174 2089 3214 546.

1565 3235 1584 3256 “
1613 3236 1942 3286 Quandoquidem
1967 3236 2111 3275 author
2140 3238 2214 3275 iste
2243 3235 2291 3274 do
2328 3235 2465 3274 Astro-

1514 3297 1613 3335 labio
1638 3299 1796 3347 scripsit
1839 3309 1933 3337 num
1973 3299 2071 3336 forte
2102 3309 2170 3348 per
2197 3307 2369 3335 errorem
2394 3309 2460 3335 cx-
