2533 4009
455 264 506 302 os
1035 250 1039 251 ’
1257 263 1647 303 MEnthUs

454 344 608 379 mnes,
637 335 766 372 Danos
806 343 849 370 ae
888 324 1125 377 musti-ios,
1165 338 1204 371 et
1238 335 1413 385 Regibus

455 395 651 434 fortunam
685 397 832 433 variam
853 398 895 431 ut
912 394 1144 442 Vortigerno
1164 384 1317 444 ignem,
1335 397 1414 435 Au-

453 458 574 499 relio,
605 457 707 505 apud
735 466 853 505 quem
880 456 1004 503 gratia
1032 455 1249 504 plurimum
1287 458 1413 496 valuit

451 524 490 555 et
515 524 549 555 et
582 519 740 556 Utlierio
765 528 918 554 venena
935 546 942 561 ‚
962 517 1137 555 Artliuro
1156 519 1311 557 exitum
1331 519 1406 558 du-

450 580 557 617 bium
578 609 586 623 ‚
608 590 708 628 quae
734 583 907 616 eventus
931 579 1219 628 comprobavit.
1257 581 1411 629 Scripta

451 642 484 677 ei
506 639 608 689 apuil
631 640 788 677 Baleum
810 639 962 678 Centur
989 642 1023 678 l.
1048 651 1132 690 cap.
1151 639 1214 682 228.
1233 642 1414 679 tribuun-

452 707 534 738 tur:
560 702 689 751 Super
719 712 814 739 arce
848 701 1092 751 Vorttqerm',
1109 706 1145 740 et
1161 702 1412 753 Epitaphium

455 762 566 800 semte'
593 763 733 811 Reqis,
761 768 846 801 tum
866 768 1005 802 contra
1033 765 1254 814 [bruyeria
1269 765 1411 815 Mayos

451 831 490 862 et
514 836 635 875 super
658 825 829 876 quodam
849 826 1019 864 Cometa.
1050 828 1245 866 Videntur
1275 833 1408 866 autem

450 887 522 925 hae
554 888 770 937 particulae
809 888 897 937 ejus
932 888 1267 938 prophetiarum,
1311 900 1411 938 quas

450 960 539 986 cum
572 951 820 999 expositione
846 951 932 987 sive
961 950 1090 999 glossa
1116 951 1410 998 Manuscriptas

449 1012 598 1048 servari
623 1011 901 1061 Cantabrigiae
935 1013 971 1048 in
1010 1011 1182 1056 Collegio
1221 1012 1267 1049 S.
1309 1012 1411 1048 Petri

453 1077 625 1110 testatur
651 1084 734 1121 pag.
763 1084 826 1121 90.
850 1073 968 1109 etiam
998 1075 1078 1109 tres
1105 1069 1228 1109 libros
1272 1071 1414 1110 Vatici-

451 1132 555 1172 milis
574 1133 762 1171 historiae
788 1143 1028 1180 memorans,
1045 1133 1181 1171 Latine
1193 1134 1412 1171 Manuscri-

448 1200 538 1244 ptos
568 1196 744 1232 Oxoniae
771 1195 808 1231 in
849 1195 1023 1244 Collegio
1062 1195 1330 1242 Mertonenffl,
1372 1198 1412 1233 et

449 1257 725 1305 Cantabrigiae
746 1287 755 1302 ,
775 1256 924 1294 Gallice
950 1267 1045 1293 vero
1072 1257 1109 1294 in
1151 1257 1338 1303 Collegiis
1369 1257 1409 1294 S.

448 1320 549 1355 Petri
571 1323 610 1355 et
636 1319 674 1355 S.
706 1317 924 1365 Benedicti.
950 1317 1151 1357 Nonnulla
1171 1319 1321 1356 Mei-lini
1343 1330 1410 1357 va-

449 1381 567 1418 ticina
594 1380 788 1419 Chronico
810 1390 882 1418 suo
908 1381 1077 1418 inseruit
1109 1380 1409 1419 GALFREDUS

447 1441 792 1480 Monemuthensis
811 1472 821 1489 ,
848 1441 896 1479 de
921 1452 999 1491 quo
1024 1452 1145 1492 snpra
1171 1445 1264 1479 tom.
1289 1442 1407 1492 3pag.

450 1505 511 1542 41.
539 1504 579 1541 ln
603 1503 700 1540 Bibl.
730 1503 965 1542 Cottoniana
997 1514 1082 1552 pag.
1114 1502 1165 1540 76
1191 1504 1409 1541 Manuscri-

447 1570 539 1616 ptae
561 1565 793 1614 Prophetiae
812 1564 1009 1614 quaedam
1035 1564 1083 1602 de
1101 1564 1242 1614 Anglia
1257 1569 1296 1602 et
1315 1565 1409 1603 Sco-

450 1628 505 1664 tia
527 1657 537 1673 ,
564 1627 713 1664 Merlini
740 1657 750 1673 ,
777 1626 951 1675 sibyllae
976 1630 1016 1662 et
1041 1624 1089 1662 de
1115 1625 1280 1675 Aquila,
1318 1637 1407 1664 ver—

449 1690 559 1727 sibus
583 1687 801 1725 confictae:
829 1691 868 1725 et
894 1687 1065 1737 Egerliui
1093 1686 1141 1725 de
1167 1689 1278 1725 asino
1296 1698 1406 1725 coro—

455 1756 546 1789 nato
568 1755 643 1787 etc.
670 1760 798 1799 prosa.
823 1750 972 1787 citatur
1014 1748 1218 1798 prophetia
1253 1750 1404 1788 Merlini

453 1814 488 1849 in
515 1812 712 1849 Chronico
737 1810 905 1848 Alberici
923 1810 968 1848 ad
988 1810 1190 1849 Αη.4436.
1210 1823 1296 1861 pag.
1319 1811 1408 1850 278.

453 1879 493 1911 et
517 1873 564 1911 ad
594 1873 666 1911 An.
690 1874 702 1911 4
720 1873 807 1911 439.
834 1883 919 1922 pag.
948 1872 1038 1910 286.
1064 1871 1147 1909 Nic.
1172 1874 1321 1911 Triveti
1367 1886 1402 1924 p.

448 1936 537 1974 237.
565 1936 640 1973 233
666 1945 723 1971 ee.
747 1939 787 1971 et
811 1934 859 1971 ab
883 1932 1072 1972 Orderico
1098 1934 1210 1972 Vitali
1237 1934 1300 1972 lib.
1320 1936 1406 1974 Xll.

451 1997 498 2035 ad
532 1996 604 2035 An.
634 1999 646 2035 4
664 1998 673 2034 l
687 1994 749 2033 27.
773 2006 857 2045 pag.
885 1994 972 2042 887,
1001 1995 1066 2033 ubi
1091 1996 1146 2033 ait
1162 1994 1250 2045 ejus
1271 1997 1412 2035 vatici-

450 2060 511 2096 nia
538 2069 606 2108 per
631 2061 844 2095 sexcentos
865 2067 991 2094 annos
1017 2057 1053 2093 in
1077 2057 1260 2106 pluribus
1286 2059 1410 2097 mani-

453 2121 553 2158 feste
574 2119 771 2168 completa
800 2118 937 2156 fuisse.

502 2180 756 2220 MERLlNUS
787 2178 1049 2228 Caledonius,
1076 2181 1159 2217 sive
1198 2181 1407 2219 Silvestris

449 2244 616 2289 Scottis,
642 2242 843 2280 Thelesini
870 2242 966 2279 Helii
1009 2243 1113 2279 vatis
1152 2242 1376 2292 discipulus
1396 2271 1405 2286 ,

448 2305 755 2344 Merlinoautem
772 2303 941 2343 Cambro
960 2307 1089 2341 aetate
1106 2315 1266 2353 suppar,
1281 2309 1403 2342 etiam

451 2369 534 2417 ipse
555 2365 784 2418 prophetias
808 2367 1067 2415 consignasse
1094 2365 1278 2404 traditur.
1306 2366 1405 2404 Vide

447 2428 665 2466 Lelandum
687 2438 772 2476 cap.
793 2425 857 2465 27.
877 2427 1040 2465 Baloum
1067 2427 1231 2465 Centur.
1259 2429 1292 2466 4.
1318 2438 1402 2477 cap.

447 2492 496 2529 65
519 2494 559 2527 et
581 2491 756 2527 l'itseum
787 2500 872 2539 pag.
900 2488 967 2527 104
1003 2489 1154 2527 Versus
1194 2491 1404 2538 sexaginta

448 2552 706 2590 divinatorios
736 2551 992 2589 hexametros
1009 2549 1057 2587 de
1084 2551 1204 2589 rebus
1229 2551 1376 2588 Italicis
1392 2582 1402 2598 ‚

448 2615 483 2650 in
515 2614 676 2651 Estensi
705 2612 801 2650 Bihl.
825 2613 902 2650 sul)
926 2612 1077 2650 Merlini
1107 2613 1266 2649 nomine
1293 2624 1406 2663 repe-

448 2677 498 2712 rit
523 2675 782 2724 vulgavitque
808 2674 973 2713 illustris
998 2674 1236 2712 Muratorius
1260 2673 1309 2712 ad
1326 2675 1405 2712 cal-

446 2748 532 2774 cem
557 2737 651 2773 tomi
673 2737 803 2774 octavi
827 2737 1071 2785 scriptorum
1095 2736 1242 2774 Italiae.

502 2797 654 2835 Addam
694 2801 734 2834 et
771 2798 933 2834 tortium
967 2798 1223 2835 MERLINUM
1260 2796 1406 2835 Cocca-

439 2859 555 2910 jum,
586 2860 870 2905 Mantuanum,
903 2858 994 2895 licet
1020 2859 1150 2908 paullo
1175 2858 1374 2908 juniorem
1397 2888 1405 2906 ,

447 2931 487 2964 et
515 2925 631 2976 cujus
663 2936 801 2963 verum
830 2936 973 2962 nomen
1006 2923 1236 2974 Theophilus
1268 2924 1404 2962 Folen-

443 2999 529 3037 slus.
556 2987 770 3026 Monachus
797 2987 828 3023 is
854 2987 1086 3024 Casinensis
1113 2986 1184 3023 suit
1209 2986 1304 3023 Ord.
1337 2988 1406 3023 Be-

449 3049 536 3087 ned.
559 3055 598 3087 et
627 3049 746 3086 rebus
778 3049 963 3087 humanis
989 3047 1179 3085 valedixit
1210 3047 1254 3085 Λ.
1288 3048 1406 3086 lis-tt.

503 3151 536 3190 a)
558 3151 736 3191 Folengius
766 3153 835 3191 ipsc
864 3152 896 3182 in
922 3151 1084 3191 Apologia
1113 3153 1304 3191 poematum
1333 3159 1412 3183 suo-

441 3209 513 3231 rum
537 3203 846 3233 Macaronicoruin:
873 3202 939 3231 Ars
963 3201 1037 3231 ista
1061 3200 1203 3241 poetica
1226 3209 1412 3239 nuncupa-

440 3253 498 3278 tur
535 3257 597 3279 ars
633 3251 884 3288 macaronica,
908 3248 929 3281 ἁ
958 3250 1212 3282 macarom'bus
1245 3251 1410 3281 derivata

444 3297 504 3336 qui
518 3306 728 3329 mercar-ones
747 3304 829 3330 sum
848 3301 1025 3338 quoddam
1038 3301 1260 3341 palmentum
1273 3300 1408 3339 farina,

398 3385 404 3388 ‚
442 3354 544 3377 caseo
560 3371 570 3386 ‚
609 3347 733 3387 butyro
756 3351 1049 3389 covnpayinaturn
1064 3376 1075 3390 ,
1100 3360 1291 3391 grossum,
1323 3350 1408 3380 rude

1489 335 1605 385 eujus
1643 335 1839 385 effigiem,
1872 339 2024 387 vitam,
2054 340 2202 389 scripta
2231 342 2272 377 et
2308 340 2447 380 laudes

1490 395 1661 444 reperire.
1703 394 1794 431 licet
1828 394 1864 431 in
1900 397 1979 434 Jac.
2015 398 2179 448 Philippi
2219 398 2453 438 Thomasini

1489 454 1625 503 elogiis
1657 454 1791 490 l‘atav.
1819 452 1934 491 4644.
1962 455 1996 492 t.
2016 456 2134 494 editis
2159 467 2251 507 pag.
2276 454 2339 495 74.
2370 458 2449 496 Hu-

1484 514 1551 564 jus
1592 515 1774 565 inprimis
1805 514 1977 552 innotuit
2005 527 2104 566 opus
2137 516 2448 569 phantasiarum

1490 576 1840 615 illacarrmicarum
1858 605 1866 624 ⁷
1888 577 1921 624 a)
1941 577 1980 614 in
2002 578 2122 617 XXV.
2143 578 2448 618 distributarum

1490 643 1650 688 partes,
1696 639 1781 675 sive
1818 642 1957 688 po‘e'ma
1998 639 2177 678 Latinum
2222 639 2448 688 ludicrum,

1487 701 1595 750 quod
1638 700 1783 738 Italicis
1814 704 1853 736 et
1883 700 2068 737 Etruscis
2097 701 2288 750 vocibus,
2329 702 2451 739 inter-

1489 762 1586 799 dum
1607 762 1772 800 rusticis
1792 761 1962 799 mixtum
1980 771 2025 798 ac
2042 761 2264 809 variatum,
2286 773 2364 801 non
2382 773 2452 800 ne-

1488 824 1616 872 glecta
1640 823 1755 860 metri
1780 822 1986 860 harmonia
2014 833 2086 860 nec
2111 824 2262 872 poetico
2282 824 2452 862 destitu-

1490 889 1574 921 tum
1596 884 1752 932 ingenio
1773 888 1843 921 aut
1866 884 1997 934 lepore
2017 913 2025 932 ,
2052 884 2153 923 facta
2173 889 2214 923 et
2235 895 2364 924 mores
2385 886 2453 924 ho-

1490 945 1641 982 minum
1675 943 1810 991 jocose
1843 946 2104 996 perstringit,
2144 947 2363 996 praemissa
2400 948 2452 986 si-

1489 1006 1570 1042 mili
1592 1004 1758 1054 joculari
1785 1005 1984 1043 scribendi
2009 1017 2156 1057 genere
2181 1006 2450 1057 Zamtonella,

1487 1066 1536 1104 de
1563 1067 1712 1105 Tonelli
1738 1078 1830 1117 erga
1857 1068 2044 1106 Zauinam
2070 1067 2298 1117 amoribuS,
2321 1073 2362 1107 et
2387 1080 2452 1109 su—

1488 1127 1665 1176 bjunctis
1705 1128 1816 1166 libris
1846 1127 1974 1166 tribus
2003 1127 2234 1178 Mosckeae,
2265 1129 2314 1168 de
2350 1130 2453 1169 bello

1489 1201 1722 1228 muscarum
1745 1201 1790 1228 ac
1813 1190 2093 1229 formicarum:
2119 1202 2193 1230 nec
2219 1202 2296 1230 non
2322 1191 2453 1231 llbello

1486 1251 1760 1301 Epistolarum
1783 1256 1906 1301 atque
1925 1252 2287 1302 Epigrammatum.
2308 1253 2454 1292 Prodiit

1485 1314 1617 1351 Venet
1639 1314 1759 1352 4584.
1785 1314 1821 1351 8.
1849 1314 1966 1353 4643.
1992 1315 2027 1352 8.
2051 1316 2289 1354 Franciscus
2305 1316 2456 1355 Vavas-

1485 1386 1550 1413 sor
1580 1375 1680 1413 libro
1709 1386 1831 1425 quem
1857 1375 2032 1414 ludicrae
2057 1375 2242 1414 dictionis
2266 1377 2356 1415 usui
2387 1388 2456 1427 op-

1485 1438 1619 1487 posuit
1640 1450 1676 1488 p.
1698 1437 1787 1476 453.
1814 1437 1978 1475 Tantum
1998 1436 2108 1486 dico,
2126 1437 2337 1477 Merlinum
2359 1439 2454 1479 Coc-

1484 1500 1619 1549 cajum
1647 1499 1689 1537 in
1717 1498 1835 1538 Italia
1852 1531 1863 1548 ,
1890 1503 1928 1538 et
1948 1499 2161 1538 Antonium
2185 1499 2232 1539 de
2254 1499 2390 1540 Arena
2415 1501 2455 1540 in

1486 1560 1622 1600 Gallia
1637 1593 1648 1610 ,
1671 1561 1744 1612 qui
1758 1560 2005 1600 semz'latinae
2027 1561 2256 1612 scriptionis
2273 1560 2452 1602 ludicrae

1483 1628 1672 1662 auctores
1699 1622 1763 1662 vel
1784 1623 1912 1674 primi
1939 1622 2108 1675 fuerunt
2134 1623 2198 1662 vel
2214 1624 2452 1676 praecipui,

1481 1697 1557 1723 uon
1573 1685 1789 1723 admodum
1813 1684 1893 1724 sibi·
1910 1697 1935 1723 α
1956 1685 2170 1737 multiplici
2183 1687 2374 1737 spurcitie
2391 1699 2456 1726 re-

1480 1759 1572 1786 rum
1611 1752 1646 1787 et
1686 1747 1901 1787 verborum
1950 1748 2115 1787 cavisse.
2174 1749 2332 1788 Citatur
2389 1749 2454 1788 hic

1486 1809 1676 1847 Morlinus
1698 1809 1721 1846 a
1747 1809 1956 1846 Francisco
1981 1809 2209 1847 Rabelaesio
2234 1819 2312 1846 non
2337 1808 2456 1848 dissi—

1503 1871 1607 1908 milis
1647 1870 1731 1908 viro
1761 1870 1908 1921 ingenii
1937 1869 2118 1921 pluribus
2147 1870 2270 1920 locis,
2300 1870 2371 1909 sed
2409 1875 2454 1910 ut

1488 1933 1666 1983 Menagio
1689 1932 1808 1983 probe
1829 1932 2087 1970 observatum
2107 1961 2115 1980 ,
2137 1930 2233 1971 libri
2249 1931 2295 1971 de
2310 1931 2453 1984 patria

1487 1993 1741 2032 (lictbolorum
1758 2025 1768 2042 ,
1801 1995 2010 2033 memorati
2035 1995 2088 2033 lib
2127 1995 2164 2033 3.
2188 2006 2273 2046 cap.
2300 1995 2361 2034 44.
2393 1996 2451 2033 ni-

1486 2056 1538 2094 hil
1570 2057 1675 2095 aliud
1703 2061 1798 2095 sunt
1824 2068 1942 2106 quam
1970 2057 2350 2105 macaronicaetres
2378 2068 2447 2108 po-

1484 2122 1658 2158 stremae
1679 2148 1687 2167 ,
1708 2119 1856 2168 quibus
1882 2119 1995 2157 inferi
2017 2120 2039 2157 a
2059 2119 2221 2158 Merlino
2241 2119 2289 2158 ad
2310 2130 2448 2158 exem-

1482 2181 1592 2231 plum
1622 2181 1760 2219 Dantis
1784 2181 2081 2220 describuntur.

1534 2242 1555 2265 ³*
1584 2242 1796 2293 Antiquior
1824 2244 1956 2293 operis
1987 2244 2126 2283 Coccai
2151 2241 2272 2282 editio
2301 2242 2447 2294 produ-

1480 2308 1545 2343 ·cta
1570 2308 1633 2343 est
1665 2306 1843 2343 Venetiis
1867 2316 1930 2344 an.
1955 2303 2073 2357 4547,
2103 2305 2141 2343 8.
2162 2305 2444 2344 Probatissima

1481 2371 1545 2404 est
1575 2366 1694 2404 editio
1724 2365 1905 2404 eiusdem
1946 2377 2006 2417 op.
2045 2365 2443 2405 Amsteledamensis.

1480 2427 1555 2465 An.
1581 2428 1693 2466 4692.
1717 2429 1754 2466 8.
1777 2427 1971 2466 Eiusdem
1991 2428 2166 2466 auctoris
2188 2431 2251 2466 est
2273 2428 2443 2466 alterum

1479 2500 1579 2540 opus
1596 2489 1644 2528 de
1665 2491 1849 2528 l'assione
1876 2490 2029 2528 Domini
2051 2489 2284 2528 hexametro
2309 2500 2443 2538 versu,

1480 2552 1584 2601 quod
1619 2556 1752 2591 utrum
1780 2552 1911 2591 lucem
1938 2551 2168 2601 adspexerit
2192 2552 2341 2602 ignoro.
2366 2552 2444 2590 lta-

1479 2614 1552 2651 lice
1581 2615 1700 2652 etiam
1719 2615 1879 2663 scripsit
1896 2612 1932 2651 Il
1956 2611 2025 2650 Tri
2038 2623 2116 2663 per
2137 2624 2216 2651 uuo
2240 2617 2325 2652 tum
2348 2610 2378 2651 il
2400 2611 2445 2650 li-

1482 2675 1551 2714 bro
1572 2675 1674 2714 della
1696 2675 1815 2715 Gatta
1833 2688 1846 2724 ;
1870 2680 1909 2714 et
1941 2674 1968 2713 il
1992 2674 2133 2714 Giano.
2163 2675 2266 2724 (242.
2289 2675 2440 2713 Merlini

1480 2739 1594 2777 Cocai
1624 2749 1724 2788 opus
1768 2737 2104 2776 Macaronieorum
2144 2737 2249 2774 notis
2295 2736 2438 2774 illustr.

1480 2802 1541 2839 cui
1587 2800 1757 2838 accessit
1794 2798 2093 2836 vocabularium
2132 2802 2208 2836 etc.
2244 2797 2444 2836 Amstele-

1481 2862 1586 2901 dami
1608 2861 1815 2910 (Mantuae)
1843 2859 1956 2898 4768.
1983 2858 2046 2898 74.
2073 2859 2109 2898 2.
2135 2859 2212 2897 vol.
2234 2859 2271 2898 [ι.
2294 2859 2358 2911 fig.
2379 2859 2442 2898 hic

1482 2935 1558 2961 non
1591 2928 1621 2961 t.
1653 2924 1666 2961 4
1703 2933 1789 2972 pag.
1819 2922 1908 2961 439.
1932 2925 2007 2960 art.
2044 2921 2294 2960 BAPTISTA
2329 2922 2442 2961 Man-
2503 2939 2506 2943 .

1453 2989 1658 3032 ,tuanus‚
1701 2984 1856 3021 veniam
1889 2988 2007 3034 peto,
2050 2983 2219 3022 debebat
2264 2983 2439 3032 referri.)

1534 3045 1877 3085 MEROBAUDES
1906 3045 2071 3095 Gallus,
2091 3057 2131 3083 v.
2154 3044 2438 3084 MARBODUS.

1475 3154 1508 3182 et
1532 3151 1768 3181 rusticanum.
1797 3150 1879 3181 Ideo
1905 3149 2143 3183 Macaronica
2165 3148 2220 3180 nil
2241 3148 2317 3179 nisi
2333 3156 2442 3188 gras*

1477 3201 1633 3231 sedinem
1648 3225 1657 3238 ,
1685 3200 1903 3237 ruditatem,
1927 3203 1960 3230 et
1984 3198 2242 3230 vocabulazzos
2276 3197 2375 3230 debet
2404 3200 2443 3231 in

1473 3259 1509 3280 se
1540 3250 1733 3282 continere.
1761 3249 1987 3281 conferendus
2011 3251 2170 3281 Octavius
2202 3251 2373 3282 Ferrarius
2407 3251 2441 3280 in

1474 3300 1667 3339 Originibus
1694 3299 1840 3338 ltaliciS,
1866 3302 1899 3330 et
1921 3299 2068 3338 AEgidius
2092 3299 2262 3339 menagius
2287 3301 2322 3330 in
2349 3299 2442 3331 ltali-

1473 3351 1539 3387 cis‚
1565 3349 1788 3389 Gallicisque,
1814 3351 1848 3381 in
1872 3357 1952 3380 voce
1974 3356 2180 3380 macarem.
