2533 4009
420 202 496 239 430,
1300 189 1528 228 simos

419 271 533 308 1498.
567 273 600 304 4.
632 264 867 304 Declaracc'o
892 259 1110 310 ,desen-siva
1137 258 1364 297 Positionz's

414 335 460 370 de
493 333 594 368 malo
623 329 797 369 Franco,
828 323 925 360 ibid.
962 322 1079 358 1500.
1124 323 1161 357 4.
1207 321 1363 370 Consec-

415 393 517 429 talio
537 389 801 436 conflatorum
825 386 865 422 οἱ
870 393 943 421 rea
963 383 1215 420 Positionem
1228 392 1361 428 qnan-

413 453 502 489 dam
535 450 778 486 extraneam
808 447 845 483 ee
867 445 1078 493 puerilem
1099 445 1211 481 Doct.
1243 444 1362 482 Mar-

413 511 492 547 tini
521 508 764 546 ,llellerscacl
805 507 852 544 de
881 505 1000 555 *Malo
1042 505 1220 551 Franco,
1262 506 1360 542 ibid.

414 573 524 609 1501.
557 574 592 607 4.
625 572 749 607 Varia
793 570 949 615 scripta
990 569 1038 605 de
1078 568 1156 604 hae
1196 568 1359 604 contro-

410 636 543 672 versia
577 625 803 670 ”enumerat
863 631 1056 669 Leiehius
1103 632 1152 667 dc
1176 632 1360 677 origine

408 696 708 741 'rypographiae
753 696 866 741 Lips.
897 704 935 740 p.
968 693 1033 730 78.
1065 693 1169 730 Vide
1206 693 1358 730 Centu-

406 760 508 794 riam
551 758 832 794 Maderianam
874 756 1034 806 1157„
1074 756 1117 793 et
1162 757 1360 793 Mercklin

406 819 649 855 Lindenium
679 819 922 855 renovatum
954 830 990 865 p.
1024 817 1114 854 973.

460 880 615 916 SIMON
645 881 827 918 Peneius
845 909 855 927 ,
900 881 1217 917 Tarraconensis
1237 909 1247 927 ,
1275 882 1360 918 Me-

403 942 518 978 dicus
547 943 655 978 circa
685 952 709 978 a
753 943 869 979 1430.
915 942 1089 988 Scripsit
1129 943 1360 991 Apoloffetz'-

403 1013 497 1042 cam
527 1006 611 1042 sice
653 1005 931 1052 defensionem
972 1007 1129 1044 reterts
1169 1007 1360 1045 instituti

402 1067 828 1113 Hieronymianormc
875 1069 1103 1117 Hispaniae
1158 1070 1360 1108 acle-ersus

396 1130 699 1174 praetensamz',
731 1130 836 1177 Lupi
867 1130 1221 1178 reformationem,
1252 1134 1359 1178 quod

404 1192 533 1228 edidit
564 1192 706 1228 Petrus
736 1194 786 1230 de
817 1196 857 1230 la
886 1195 1004 1240 Vega
1033 1196 1076 1231 in
1106 1195 1188 1232 fine
1230 1196 1358 1233 Chro-

402 1255 482 1290 nici
512 1254 676 1292 Ordinis
697 1257 1129 1302 Hieronymianorum.
1154 1259 1239 1297 Nic.
1272 1262 1359 1296 An-

400 1318 542 1354 tonius
574 1318 677 1356 Bibl.
707 1320 893 1365 Hispana
922 1321 1012 1357 vet.
1046 1322 1095 1356 X.
1127 1321 1163 1357 3.
1195 1333 1234 1357 n.
1268 1323 1355 1359 150.

457 1380 612 1415 SIMON
635 1381 772 1417 Abbas
793 1382 1229 1421 Praemonstratensis
1248 1386 1357 1421 circa

403 1451 554 1478 annum
585 1442 698 1478 1470.
722 1443 823 1487 Ejus
843 1444 1055 1490 Rpc'stolae
1075 1447 1172 1481 sunt
1192 1447 1234 1482 in
1255 1447 1356 1484 Bibl.

402 1503 613 1540 Vaticana.
635 1504 752 1540 Bern.
774 1505 822 1541 de
844 1505 1103 1542 Montfaucon
1122 1507 1225 1545 Bibl.
1253 1509 1353 1546 Bibl.

403 1565 512 1600 MSS.
545 1575 582 1610 p.
616 1566 675 1601 18.
710 1566 775 1602 69.

447 1625 602 1661 SIMON
619 1627 665 1664 cle
679 1627 819 1672 Puteo,
834 1629 1128 1677 Messanensis,
1142 1641 1188 1668 eo
1203 1634 1354 1669 ibidem

402 1688 445 1721 in
473 1688 678 1724 conventu
709 1689 747 1723 S.
779 1689 983 1726 Dominici
1009 1693 1247 1740 monachus,
1269 1696 1354 1731 Ma-

399 1748 532 1794 gister
564 1749 787 1794 Parisinus,
819 1750 1043 1796 Inquisitor
1064 1763 1136 1799 per
1169 1755 1352 1792 Siciliam

398 1812 621 1856 generalis,
648 1812 754 1856 juris
784 1812 829 1846 E.
862 1813 908 1847 R.
949 1815 1142 1852 collector
1170 1817 1212 1853 et
1239 1819 1352 1854 Nun-

393 1873 481 1907 cius
503 1873 777 1918 Apostolicus.
800 1875 893 1920 post
913 1886 948 1911 a.
974 1876 1089 1912 1378.
1123 1878 1350 1924 Episcopus

399 1933 659 1979 Catanensis,
690 1936 791 1972 obiit
820 1937 895 1973 sub
934 1938 1060 1974 finem
1103 1941 1230 1976 seculi
1261 1941 1348 1976 XV.

399 1997 463 2030 vel
495 1995 662 2032 initium
704 1998 926 2044 sequentis.
969 2000 1071 2044 Ejus
1112 2001 1210 2036 sunt
1250 2003 1352 2041 Acta

395 2057 480 2092 sice
511 2058 555 2093 in
590 2059 860 2103 inquisitione
902 2061 987 2097 sive
1029 2062 1074 2097 in
1113 2061 1348 2109 defensione

386 2119 557 2163 jurium
598 2121 937 2168 Pontzfiez'ornm,
971 2125 1231 2169 praesertim
1267 2127 1349 2163 Ur-

395 2183 491 2218 bani
526 2183 579 2218 VI
603 2193 691 2229 quw
726 2186 764 2219 in
795 2184 973 2220 archivis
1004 2186 1152 2222 Siculis
1193 2187 1235 2223 et
1264 2189 1348 2224 Va—

393 2243 541 2278 ticanis
577 2244 806 2280 servantur.
851 2246 952 2282 Vide
993 2247 1078 2282 Jac.
1122 2248 1344 2298 Quetifde

401 2305 676 2350 scriptoribus
706 2306 797 2343 Ord.
829 2308 1145 2346 Prtedicatorum
1185 2311 1283 2348 tom.
1315 2313 1344 2348 I.

391 2376 428 2411 p.
463 2365 552 2402 706.

447 2429 603 2465 SIMON
634 2432 681 2469 de
714 2432 759 2470 S.
796 2434 1005 2482 Quintino,
1037 2447 1060 2473 a
1090 2437 1240 2485 patria,
1264 2441 1344 2477 sci-

390 2492 487 2527 licet
508 2493 701 2539 Augusta
715 2495 1093 2534 veromanduorum
1115 2499 1175 2536 ita
1194 2501 1343 2549 dictus,

389 2552 480 2590 Ord.
512 2556 844 2603 praedicatorum,
875 2568 910 2594 a.
947 2559 1048 2597 1245
1070 2562 1121 2598 ab
1143 2562 1346 2600 Innocen-

387 2617 445 2651 tio
478 2616 530 2650 IV
564 2618 606 2653 in
638 2618 868 2655 Tartariam
901 2621 1054 2658 missus
1084 2623 1170 2670 est,
1203 2624 1248 2660 ut
1279 2627 1345 2662 in-

385 2678 493 2713 colas
513 2678 565 2714 ad
586 2679 712 2716 fidem
743 2680 1026 2718 Christianam
1055 2685 1316 2723 converteret
1333 2716 1342 2733 ,

387 2741 428 2776 in
457 2750 533 2786 quo
562 2742 707 2779 itinere
739 2753 866 2780 annos
893 2746 995 2782 duos
1024 2747 1067 2783 et
1109 2757 1183 2784 sex
1214 2750 1343 2795 septi-

388 2814 530 2841 manas
547 2806 753 2843 insumsit.
780 2809 1112 2856 Descriptionem
1137 2813 1234 2848 illus
1266 2814 1344 2850 ici-

386 2868 502 2903 neris
550 2878 572 2902 a
622 2869 786 2906 Simone
834 2871 1046 2917 acceptam
1098 2874 1341 2911 Vincentius

386 2927 645 2966 Beluacensis
694 2931 871 2968 inseruit
913 2933 1088 2979 Speculo
1128 2935 1342 2973 Historiali

385 2990 454 3025 lib.
476 2991 604 3027 XXX.
626 3002 658 3028 c.
683 2993 734 3029 95
755 3003 867 3041 seqq.
889 2997 959 3041 qui
980 2996 1108 3032 etiam
1126 2997 1194 3033 lib.
1210 2998 1339 3033 XXX.

381 3060 466 3096 cap.
499 3054 521 3087 2
555 3055 763 3099 promittit
784 3084 793 3101 ,
824 3066 866 3092 se
896 3058 1093 3103 quaedam
1124 3061 1342 3106 suppletu-

384 3123 471 3148 rum
496 3143 504 3159 ,
545 3126 632 3161 quie
664 3119 707 3154 in
738 3119 913 3156 historia
943 3121 1007 3158 Fr.
1046 3122 1225 3159 Simonis
1268 3124 1340 3160 de-

386 3176 490 3209 sunt.
523 3176 674 3215 Gallice
714 3190 830 3217 versa
872 3183 1026 3228 prodiit
1066 3193 1160 3221 cum
1190 3185 1341 3223 itinere

386 3232 428 3266 F.
456 3235 662 3275 (juillelmi
684 3241 731 3276 de
754 3243 989 3289 Rubi-uquis
1011 3245 1053 3282 et
1075 3247 1169 3282 aliis
1202 3256 1338 3283 rerum

1456 259 1762 296 'sartan-icarum
1792 259 2055 307 tractatibus,
2076 260 2150 298 int.
2172 260 2291 299 Petro
2310 260 2410 299 Bor--

1453 331 1596 369 geron.
1641 321 1769 358 Paris.
1813 323 1927 360 1634.
1969 325 2006 360 8.
2049 323 2267 360 Altamura
2304 323 2409 360 Bibl.

1452 384 1722 420 Dominicana
1752 393 1789 429 p.
1823 385 1885 421 10.
1915 385 2055 429 Quetii'
2069 385 2170 421 tom.
2193 385 2222 420 I.
2244 395 2282 431 p.
2319 384 2410 422 122.

1508 444 1662 480 SIMON
1677 445 2019 492 Reinaldneeins,
2034 446 2297 492 'l'udertinus,
2313 445 2407 483 ord.

1451 506 1731 542 Eremitarum
1774 506 1812 542 S.
1861 507 2126 555 Augustini,
2170 508 2408 554 Theologiae

1452 568 1612 614 Lector,
1644 567 1813 614 reliquit
1836 568 2057 606 Sermones
2078 570 2125 607 de
2146 571 2195 606 B.
2222 570 2409 617 Vimine,

1453 631 1492 666 et
1525 630 1746 667 Sermones
1757 629 1952 677 festivos,
1973 631 2044 676 qui
2067 631 2166 667 MSS
2186 631 2412 676 supersunt

1452 693 1496 727 in
1525 692 1739 729 Conventu
1769 693 1807 729 S.
1850 694 2058 730 Praxedis.
2090 693 2201 731 Obiit
2230 704 2267 730 a.
2301 693 2406 730 1395

1453 755 1531 799 vel,
1561 754 1608 790 ut
1637 755 1720 801 aii,
1753 755 1871 791 1400.
1893 756 2054 801 Hippol.
2075 756 2285 793 Marraccii
2303 755 2406 793 Bibl.

1449 816 1632 853 Mariana
1660 818 1774 854 tomo
1804 817 1856 864 II,
1889 828 1927 864 p.
1960 816 2052 853 370.

1504 876 1658 913 SIMON
1700 878 1889 924 Ribisz'n,
1930 879 2041 915 Juris
2084 878 2307 926 Utriusque
2336 880 2407 917 Li-

1447 939 1667 986 centiatus,
1682 940 1922 987 Raymundi
1937 940 2170 978 Cardinalis
2183 940 2406 980 Gurcensis

1449 1003 1728 1048 Secretarius,
1759 1012 1839 1039 non
1882 1003 1964 1039 nisi
2003 1013 2086 1039 una
2127 1003 2316 1049 Epistola
2355 1004 2408 1041 ad

1449 1065 1726 1101 Reuehlinum
1766 1064 1864 1101 data
1904 1064 2009 1101 mihi
2047 1063 2170 1101 notus
2197 1064 2278 1112 est,
2317 1075 2407 1112 quae

1447 1128 1556 1164 inter
1586 1128 1910 1166 Reuchlinianas
1939 1127 2113 1166 habetur
2144 1139 2183 1175 p.
2216 1127 2280 1165 67.

1503 1190 1660 1227 SIMON
1691 1191 1916 1237 Romanus,
1944 1200 1996 1227 ex
2024 1190 2166 1228 ordine
2196 1190 2407 1227 Eremita-

1448 1262 1539 1288 rum
1574 1252 1613 1287 S.
1646 1252 1892 1299 Augustini,
1927 1252 1965 1288 S.
1996 1252 2233 1298 Theologiae
2264 1251 2409 1289 Lector

1449 1315 1609 1351 Patavii
1639 1326 1675 1351 a.
1710 1315 1814 1352 1458
1845 1315 2014 1361 scripsit
2050 1316 2190 1353 Vitam
2211 1316 2260 1352 B.
2286 1315 2408 1353 Hele-

1448 1387 1524 1414 nae
1553 1378 1698 1414 Viduae
1735 1378 1854 1414 tertii
1894 1377 2060 1414 Ordinis
2102 1376 2406 1414 Eeremitarum

1449 1442 1486 1477 S.
1519 1442 1761 1487 Augustini⁶
1790 1442 1881 1487 ejus
1903 1441 2213 1489 avtographum
2233 1442 2406 1489 periisse

1446 1504 1638 1551 videtur,
1679 1507 1915 1542 versionem
1955 1515 2007 1542 ex
2047 1505 2214 1552 antiquo
2257 1505 2403 1542 Italico

1443 1567 1751 1603 concinniorem
1781 1567 1894 1604 dedit
1923 1568 1984 1603 Jo.
2017 1567 2135 1614 Bapt.
2180 1567 2405 1612 Sertorius,

1447 1627 1562 1663 Utini
1586 1627 1702 1665 1632.
1727 1629 1823 1665 Inde
1837 1630 2074 1666 versionem
2093 1629 2287 1666 Latinam
2307 1639 2406 1666 con-

1443 1690 1630 1726 fecerunt
1659 1689 1998 1736 Historiographi
2039 1690 2286 1728 Sanctorum
2316 1691 2402 1727 An-

1441 1751 1713 1796 twerpienses
1742 1752 1843 1788 tom.
1876 1752 1948 1787 ΙΙΙ.
1979 1753 2149 1799 Aprilis.
2180 1763 2219 1799 p.
2252 1753 2346 1791 248.

1496 1815 1652 1852 SIMON
1697 1817 1948 1863 Saltarelli‚
1986 1817 2279 1865 Florentinus,
2308 1817 2404 1854 Ord.

1441 1879 1793 1925 Praedieatorum,
1828 1879 1958 1916 nobili
1997 1880 2085 1915 loco
2126 1878 2265 1916 natus.
2306 1878 2404 1915 Fuit

1441 1948 1476 1974 a.
1502 1940 1601 1975 1311
1630 1941 1853 1985 provinciae
1886 1941 2083 1977 Romanae
2115 1941 2401 1988 Provincialis,

1439 2011 1475 2036 a.
1520 2000 1636 2036 1312.
1674 2001 1914 2038 Procurator
1946 2003 2183 2049 generalis,
2213 2011 2250 2038 a.
2282 2000 2400 2039 1317.

1439 2063 1667 2109 Episcopus
1697 2064 1950 2110 Parmensis,
1981 2074 2017 2100 a.
2060 2063 2177 2100 1323.
2208 2064 2398 2110 Pisanus,

1438 2127 1541 2163 obiit
1571 2138 1606 2163 a.
1641 2128 1745 2166 1342
1774 2129 1914 2165 aetatis
1944 2129 2215 2175 octogesimo.
2240 2129 2403 2177 Scripta

1437 2189 1527 2234 ejus
1556 2189 1678 2225 sunt:
1720 2191 1824 2228 Aeta
1865 2192 1981 2228 Pisis
2021 2192 2068 2228 in
2109 2200 2239 2229 cansa
2277 2192 2402 2230 Petri

1443 2248 1636 2287 Coo-barii
1657 2251 1904 2299 Antipapae
1926 2252 2139 2299 Apoloqz'ae
2156 2251 2307 2298 plures
2320 2261 2402 2300 pro

1437 2319 1594 2348 summo
1622 2312 1821 2360 Pontzflee
1855 2313 2004 2349 eontra
2034 2312 2285 2351 ludovicum
2317 2314 2403 2352 Ba-

1436 2383 1599 2410 varnm.
1630 2375 1713 2409 Jac.
1745 2373 1887 2417 Quetif
1913 2375 1961 2410 de
1994 2373 2269 2421 scriptoribus
2303 2374 2399 2413 Ord.

1436 2435 1758 2472 Praedicatorum
1780 2436 1879 2472 tom.
1895 2435 1925 2471 I.
1941 2446 1979 2483 p.
2004 2435 2241 2474 611.Julius
2270 2437 2400 2484 Niger

1435 2498 1483 2534 (16
1508 2498 1655 2544 Script.
1691 2498 1944 2535 Florentinis
1974 2509 2014 2546 p.
2051 2498 2144 2536 506.
2180 2499 2399 2537 Altamura

1434 2570 1472 2605 p.
1520 2558 1610 2596 117.
1642 2559 1761 2610 ξ(212
1801 2562 1858 2599 De
1888 2571 1935 2598 eo
1967 2562 2049 2598 vid.
2081 2570 2146 2608 op.
2181 2561 2230 2597 V.
2272 2562 2398 2600 Fine-

1434 2622 1527 2660 selcz'
1556 2622 1730 2661 Illastri
1773 2624 1816 2661 cli
1851 2623 1894 2662 S.
1927 2623 1982 2660 M.
2014 2622 2184 2662 Novella
2215 2622 2397 2661 Firenze

1437 2684 1629 2733 1792.40

1490 2748 1646 2785 SIMON
1679 2749 1893 2797 Soatray,
1936 2750 2128 2796 Anglus,
2169 2748 2395 2786 monachus

1435 2810 1728 2847 Benedictinus
1757 2811 1800 2847 in
1829 2811 2012 2847 coenobio
2053 2810 2093 2847 S.
2124 2810 2289 2854 Albani,
2321 2809 2395 2846 alii

1439 2874 1662 2910 Eremitam
1683 2874 2038 2919 Augustinianum
2061 2871 2223 2918 vocant,
2243 2870 2393 2908 Doctor

1434 2935 1672 2981 Theologiae
1714 2935 1961 2972 oxoniensis
1985 2962 1995 2982 ‚
2037 2934 2079 2971 et
2125 2933 2389 2970 adversarius

1436 2997 1631 3044 Wicleffi,
1660 2999 1768 3035 circa
1797 3007 1950 3034 annum
1993 2996 2108 3034 1382.
2155 2994 2257 3040 Ejus
2298 2994 2396 3032 sunt

1433 3059 1480 3096 de
1509 3061 1761 3098 anctoritate
1792 3061 2026 3105 Ecclesiae,
2048 3059 2097 3097 de
2120 3057 2395 3097 Sacramenta

1434 3122 1591 3158 altaris
1632 3123 1670 3159 ec
1715 3123 1863 3159 eontra
1915 3120 2172 3168 Wieleffitas.
2230 3117 2391 3156 Ba1aeus

1432 3182 1547 3219 Cent.
1580 3183 1648 3219 VI.
1681 3184 1745 3220 83.
1766 3183 1930 3220 Pitseus
1959 3193 1993 3220 c.
2017 3182 2109 3220 674.
2130 3181 2236 3218 Phil.
2264 3181 2392 3218 Elssii

1432 3245 1762 3283 Encomiasticon
1792 3246 2146 3292 Augustinianum
2177 3255 2216 3290 p.
2248 3241 2340 3280 731.
