2533 4009
441 264 516 302 104

440 333 705 371 emendacione
742 327 1073 369 commentarium
1120 329 1255 368 laudat
1285 333 1401 369 Baro-

442 397 531 433 nius
560 395 608 433 ad
657 394 730 431 An.
764 391 878 429 4445.
910 401 948 426 n.
981 391 1016 427 4.
1060 385 1399 439 Argumentosum

440 468 539 505 opus
570 458 709 492 vocant
741 451 991 499 Augustinus
1021 450 1215 489 Oldoinus
1253 454 1289 489 in
1333 454 1403 491 At—

442 517 591 553 henaeo
634 516 806 551 Romano
837 524 871 561 p.
918 512 1008 549 505.
1037 517 1077 550 et
1112 514 1156 550 G.
1202 513 1402 563 Josephus

441 579 546 626 liges
565 578 599 612 in
620 574 899 623 supplemento
916 585 1113 624 purpurae
1130 573 1268 613 doctae
1287 586 1320 624 p.
1340 575 1403 613 67.

495 636 742 675 MCOLAUS
781 635 945 683 Gallus,
975 635 1270 686 Narbonensis,
1303 637 1405 676 Car-

441 697 664 736 meli'tarmn
693 696 854 735 Ordinis
893 699 999 735 Prior
1041 697 1249 737 Generalis
1279 699 1327 737 ab
1358 699 1402 737 Α.

442 760 554 798 4266.
580 758 627 796 ad
661 759 775 797 4272.
809 759 986 809 Scriptor
1016 759 1193 809 Sayittae
1241 760 1402 811 iyneae,

439 821 487 858 de
519 820 701 859 laudibus
731 820 969 859 Carmelitici
1006 821 1194 869 Ordinis,
1226 827 1266 859 et
1295 822 1407 860 Anti-

439 894 541 932 quae
571 882 739 921 Carmeli
785 883 985 932 religionis
1036 882 1264 933 deploratio.
1310 883 1405 921 Vide

439 945 704 982 Trithemium
738 955 824 995 cap.
848 944 936 983 506.
969 949 1009 982 et
1034 944 1236 992 Alegrium
1265 956 1300 994 p.
1327 945 1406 983 263

441 1006 510 1043 sed
542 1015 582 1044 et
612 1007 813 1053 Flacium,
856 1006 922 1055 qui
955 1006 1045 1044 huic
1088 1006 1244 1043 Nicolao
1275 1006 1404 1044 locum

439 1067 577 1105 tribuit
609 1068 645 1105 in
678 1079 750 1105 suo
780 1068 960 1104 Testium
991 1067 1178 1103 Veritatis
1220 1067 1405 1116 catalogo

439 1140 475 1179 p.
506 1130 555 1166 86
567 1130 594 1166 4.
627 1128 719 1166 edit.
752 1129 914 1177 primae,
947 1131 990 1165 ut
1014 1139 1061 1165 ex
1081 1128 1209 1165 Flacio
1233 1129 1278 1166 Jo
1300 1128 1407 1166 Wol—

440 1190 516 1228 lius
547 1191 702 1228 lection.
737 1189 980 1227 meinorabil.
1013 1194 1106 1227 tom.
1141 1191 1174 1228 4.
1208 1201 1293 1240 pag.
1316 1192 1405 1229 543.

438 1253 545 1289 llanc
590 1253 775 1302 sagittam
820 1251 1131 1300 elegantissimis
1169 1252 1407 1291 characteri-

438 1312 514 1352 bus
545 1314 809 1363 impressam,
840 1314 996 1351 notavit
1027 1325 1076 1351 ex
1109 1315 1225 1352 Lucio
1270 1316 1408 1352 Posse-

439 1375 571 1412 vinus.
603 1376 657 1412 De
682 1376 949 1425 Manuscripto
967 1374 1203 1413 Cottoniano
1220 1375 1311 1414 vide
1328 1376 1407 1414 Ou-

437 1435 575 1474 dinum
608 1441 703 1474 tom.
734 1438 770 1475 3.
804 1448 889 1486 pag.
924 1436 1012 1474 465.

495 1498 744 1537 MCOLAUs
774 1498 955 1546 Vischel,
984 1497 1258 1537 Cisterciensis
1278 1500 1408 1537 Mona-

439 1559 540 1597 chus
566 1559 750 1598 Coenobii
778 1560 816 1598 S.
843 1561 982 1598 Crucis
1021 1561 1057 1597 in
1100 1560 1259 1598 Austria
1280 1591 1288 1607 ‚
1313 1560 1408 1598 Ger-

440 1632 584 1660 manus
614 1622 716 1659 circa
749 1622 795 1659 A.
827 1622 943 1660 4440.
976 1621 1100 1671 Hujus
1130 1623 1339 1661 Sermones
1368 1627 1408 1659 et

440 1683 559 1721 libros
599 1684 662 1720 ΙΙΙ.
709 1682 758 1720 de
796 1683 980 1721 laudibus
1020 1685 1060 1720 B.
1100 1684 1270 1733 Virginis
1307 1694 1408 1733 quos

439 1744 654 1795 Imayinem
675 1746 715 1783 S.
732 1744 896 1783 Mariae
916 1746 1142 1795 inscripsit,
1169 1745 1303 1783 laudat
1325 1746 1406 1782 Tri-

440 1808 615 1844 themius
644 1818 728 1856 cap.
760 1806 849 1844 708.
881 1811 921 1844 et
952 1807 988 1843 in
1020 1806 1284 1845 luminaribus
1309 1807 1404 1844 Ger-

441 1870 592 1906 maniae
622 1880 712 1918 cap.
740 1868 828 1906 464.
856 1867 953 1906 Vide
983 1869 1038 1905 sis
1068 1872 1108 1905 et
1137 1869 1263 1915 infra,
1290 1868 1403 1906 PAL-

444 1930 667 1968 TRAMUS.

493 1992 746 2031 MCOLAUS
792 1991 1008 2031 Monachus
1051 2003 1099 2030 ex
1151 1991 1408 2031 Cluniacensz

444 2053 775 2101 Claraevallesis,
807 2054 879 2092 hoc
910 2058 972 2091 est
1001 2065 1020 2091 e
1050 2053 1189 2103 niqro,
1221 2052 1345 2092 Albus
1374 2055 1407 2102 a)

445 2117 483 2153 S.
509 2116 696 2154 Bernardi
728 2117 776 2154 ab
806 2116 1026 2165 Epistolis,
1057 2115 1200 2153 deinde
1227 2115 1409 2154 falsarius

444 2177 720 2228 deprehensus
745 2179 779 2227 b)
805 2183 925 2228 atque
950 2178 1142 2228 profugus
1169 2178 1204 2214 in
1233 2176 1407 2224 Italiam,

443 2239 624 2289 ejusdem
660 2240 847 2278 Bernardi
878 2239 1135 2278 adversarius
1156 2238 1204 2277 de
1229 2250 1306 2288 quo
1328 2237 1408 2276 An-

445 2301 557 2352 gelus
583 2303 834 2351 Manriquez,
860 2301 1016 2339 Vischio
1047 2312 1132 2351 pag.
1159 2299 1248 2338 249.
1274 2299 1410 2339 lauda-

446 2367 511 2401 tur
537 2364 572 2399 in
603 2363 824 2401 Annalibus
854 2362 1190 2402 Cisterciensibus
1216 2367 1321 2399 tomo
1348 2372 1409 2399 se-

445 2424 576 2462 cundo
597 2425 644 2463 ad
671 2425 714 2463 A.
738 2425 840 2464 4445
881 2425 996 2464 4448.
1025 2426 1140 2464 4454.
1169 2424 1284 2463 4474.
1309 2422 1408 2472 Ejus

446 2486 646 2537 Epistolae
663 2488 842 2525 LV.cum
864 2488 919 2523 Jo.
945 2485 1092 2524 Picardi
1121 2487 1224 2523 notis
1247 2515 1254 2533 ,
1280 2485 1409 2523 editae

446 2549 618 2598 primum
647 2549 683 2585 in
709 2549 884 2587 auctario
909 2548 1006 2586 Bibl.
1028 2549 1189 2585 Patrum
1217 2548 1336 2584 Paris.
1364 2547 1410 2584 A.

447 2610 562 2648 4640.
583 2609 726 2647 deinde
753 2612 788 2647 in
811 2610 1036 2648 Coloniensi
1057 2620 1102 2647 ac
1121 2608 1410 2646 recentioribus

447 2671 759 2719 parisiensibus,
791 2682 836 2709 ac
865 2670 1039 2720 denique
1071 2671 1108 2707 in
1152 2669 1408 2719 Lugdunensi

449 2735 543 2767 tom.
567 2733 671 2769 xxi.
698 2743 783 2781 pag.
807 2731 883 2770 547
899 2734 997 2782 -553,
1020 2733 1122 2770 Petri
1146 2732 1342 2769 Cellensis
1362 2730 1408 2769 ad

450 2791 556 2830 hunc
586 2794 787 2831 Nicolaum
818 2794 1020 2842 Epistolae
1051 2793 1148 2830 libro
1178 2797 1320 2842 quarto
1345 2804 1413 2830 ex-

450 2858 587 2901 stant,
615 2855 650 2890 in
682 2853 799 2903 eujus
829 2853 1006 2891 secunda
1037 2865 1122 2902 pag.
1151 2854 1240 2892 460.
1266 2855 1414 2891 mentio

450 2914 677 2961 Sermonis,
704 2915 847 2952 Nicolai
865 2912 910 2951 cle
928 2916 966 2952 S.
992 2913 1153 2951 Victore.
1178 2914 1308 2963 Atque
1330 2924 1414 2951 ser-

451 2987 582 3014 mones
611 2975 705 3014 XXI.
734 2977 835 3013 inter
865 2975 965 3013 Petri
998 2974 1211 3012 DAMlANl
1244 2985 1359 3023 opera
1386 2979 1413 3011 t.

452 3039 475 3075 2
513 3038 703 3087 reperiri,
742 3039 763 3075 a
797 3039 854 3073 Jo.
887 3035 1049 3074 l'icardo
1085 3034 1167 3085 jam
1206 3040 1412 3072 notatum:

453 3100 708 3147 reperiuntur
732 3100 851 3137 etiam
881 3099 917 3135 in
944 3098 982 3136 S.
1015 3096 1267 3135 BERNARDI
1292 3097 1417 3146 operi-

454 3158 528 3196 bus
545 3190 555 3207 ,
583 3160 789 3198 Volumine
815 3160 859 3197 V.
882 3157 971 3196 vide
997 3169 1116 3208 supra
1142 3162 1223 3196 tom
1265 3160 1299 3197 4.
1329 3168 1413 3207 pag.

455 3220 545 3257 240.
586 3225 626 3257 et
670 3225 763 3259 tom.
794 3222 817 3259 2
849 3232 931 3271 pag.
964 3220 1053 3258 425.
1098 3220 1243 3258 Exstat
1286 3223 1327 3258 et
1372 3218 1416 3257 li-

510 3360 543 3397 a)
564 3362 679 3392 Petrus
703 3362 857 3392 cellensis
883 3364 937 3394 lv.
964 3362 991 3393 1.
1016 3369 1090 3401 pag.
1120 3360 1188 3393 155.

1240 259 1628 299 NlCOLAUS

1477 329 1547 368 ber
1588 332 1826 370 Sermonum
1865 333 1912 370 ad
1948 334 2161 372 Henricum
2201 335 2440 386 Campaniae

1479 392 1701 440 Comitem,
1730 394 1766 430 in
1798 394 2004 433 Bertrandi
2032 397 2178 434 Tissier
2204 396 2442 436 Bibliotheca

1480 455 1741 493 Cisterciensi
1773 459 1878 492 tomo
1910 457 1932 494 3
1962 467 2048 507 pag.
2081 458 2168 496 493.
2199 459 2305 496 Bono
2334 458 2441 496 fonte.

1484 517 1599 555 4669.
1625 517 1674 554 fol
1710 514 1927 567 Epistolam
1946 517 1992 554 ad
2012 518 2184 556 eundem
2206 519 2440 568 Henricum‚

1478 589 1557 628 qua
1587 579 1620 616 ei
1651 579 1706 616 ait
1737 578 1894 615 mittere
1923 587 1967 614 se
1998 578 2195 628 Epistulas
2225 581 2376 630 Papae,
2400 584 2441 618 et

1481 639 1721 678 Cancellarii
1745 638 1992 687 aliorumque
2011 645 2317 688 personatorum
2341 641 2443 678 viro-

1482 713 1569 740 rum
1590 731 1598 748 ,
1623 701 1793 750 scriptas
1819 711 1888 750 per
1915 699 2146 750 biennium,
2175 702 2297 740 edidit
2326 701 2441 740 Balu—

1482 764 1569 801 zius
1590 767 1684 800 tom.
1707 762 1731 800 2
1753 762 1861 800 Misc.
1885 772 1959 811 pag
1984 759 2076 799 234.
2101 765 2142 799 et
2163 763 2279 802 aliam
2303 764 2443 814 depre—

1479 824 1668 862 catoriam
1707 823 1753 861 ad
1795 822 2056 861 Wilhelmum
2088 822 2137 860 ab
2173 824 2285 864 Anno
2325 825 2440 865 4475.

1480 884 1665 933 Archiep.
1699 886 1936 923 Remensem
1971 895 2056 933 pag.
2082 884 2173 922 237.

1534 944 1793 984 NICOLAUS
1814 945 1861 983 cle
1885 944 2136 996 Clemanyis,
2159 956 2279 996 supra
2299 951 2393 988 tom.
2419 951 2433 989 4

1481 1018 1565 1056 pag.
1601 1006 1690 1045 364.

1534 1067 1792 1107 NICOLAUS
1821 1066 1867 1105 de
1897 1067 2173 1115 Crutzenach,
2201 1070 2443 1111 Teutonicus

1480 1142 1527 1168 ex
1554 1130 1754 1168 Comitatu
1778 1129 2067 1180 Spanhemensi
2085 1160 2096 1178 ,
2118 1130 2345 1170 dioeceseos
2367 1135 2445 1172 Μο-

1481 1192 1673 1241 guntinae
1689 1222 1700 1239 ,
1722 1191 1949 1240 Theologus
1969 1191 2209 1229 Viennensis
2229 1191 2444 1234 defunctus

1481 1254 1656 1290 Viennae
1677 1252 1719 1290 Α.
1754 1253 1872 1291 4494.
1902 1252 1950 1290 de
1981 1264 2059 1302 quo
2089 1253 2333 1293 Trithemius
2357 1267 2443 1306 cap.

1479 1314 1569 1352 874.
1602 1314 1650 1351 de.
1683 1316 1722 1353 S.
1753 1315 1798 1352 E.
1828 1318 1868 1351 et
1899 1313 1946 1352 de
1977 1314 2243 1353 luminaribus
2280 1316 2444 1356 Germa-

1481 1378 1568 1415 niae
1584 1388 1668 1427 cap.
1691 1377 1780 1415 232.
1800 1375 1901 1425 Ejus
1922 1376 2070 1425 scripta
2090 1389 2097 1413 :
2120 1376 2443 1417 Commentarius

1482 1437 1521 1476 in
1554 1439 1619 1476 IV.
1652 1436 1774 1476 libros
1803 1436 2098 1476 Sententiarum
2115 1466 2125 1483 ‚
2156 1438 2270 1476 Liber
2298 1437 2344 1477 de
2366 1450 2444 1490 pu-

1479 1498 1644 1538 rissima
1668 1498 1922 1550 Conceptione
1939 1499 1983 1536 B.
2005 1499 2162 1538 Mariae
2185 1509 2342 1550 semper
2359 1500 2444 1539 vir-

1478 1560 1608 1611 qiiit's;
1628 1562 1836 1600 Sermones
1861 1560 1910 1599 de
1935 1565 2114 1610 tempore
2138 1565 2179 1599 et
2201 1560 2250 1599 de
2271 1561 2441 1601 Sanctis.

1478 1623 1685 1661 Orationes
1715 1623 1864 1661 multae
1894 1627 1935 1660 et
1966 1623 2096 1661 variae
2127 1622 2381 1671 Quaestiones
2405 1625 2443 1662 in

1482 1684 1634 1722 Scholis
1663 1684 1905 1734 disputatae..

1535 1745 1719 1784 MCOLA
1729 1746 1789 1784 US
1809 1744 1857 1783 de
1880 1744 2058 1783 Alsentia
2078 1772 2086 1792 ‚
2107 1745 2318 1784 Carmelita
2343 1745 2447 1784 Con-

1480 1812 1628 1845 ventus
1656 1805 1997 1846 Crutzenacensis
2018 1795 2225 1855 superstes
2247 1805 2377 1845 adhuc
2399 1806 2447 1846 A.

1481 1869 1595 1907 4495.
1622 1872 1726 1906 teste
1752 1867 1890 1905 eodem
1920 1866 2141 1904 Trithemio
2175 1867 2211 1904 in
2243 1867 2450 1906 luminari-

1481 1930 1557 1968 bus
1595 1929 1798 1968 Ecclesiae
1829 1940 1914 1978 cap.
1943 1928 2034 1966 286.
2066 1929 2234 1978 Scripsit
2263 1928 2302 1967 in
2336 1929 2447 1968 Exo-

1480 1991 1586 2030 dum.
1620 1992 1666 2029 In
1695 1989 1973 2042 Apocalypsin.
2005 1990 2052 2028 In
2083 1989 2265 2044 Officium
2295 1990 2447 2029 Missae

1455 2061 1458 2064 '
1484 2056 1522 2091 et
1536 2052 1709 2093 Canonis
1733 2052 1930 2102 prolixum
1954 2051 2148 2090 Volumen
2167 2081 2175 2100 ,
2192 2055 2232 2090 et
2245 2061 2446 2091 sermones

1484 2115 1532 2153 de
1564 2120 1743 2164 ternpore
1770 2118 1810 2151 et
1833 2113 1882 2151 dc
1906 2114 2079 2152 Sanctis·

1542 2175 1801 2215 NlCOLAUS
1820 2175 1858 2213 S.
1884 2175 2024 2213 Crucis
2046 2176 2082 2213 in
2103 2175 2289 2224 Austria,
2311 2185 2449 2225 supra,

1482 2236 1672 2277 Nicotaus
1699 2235 1989 2275 Cisterciensis.

1536 2298 1789 2337 MCOLAUS
1805 2297 1851 2335 de
1871 2295 2021 2337 Curbz’c
2038 2297 2132 2336 Ord·
2152 2297 2292 2336 Minor.
2311 2301 2450 2347 postea

1483 2361 1708 2411 Episcopus
1725 2360 2015 2398 Asisinatensis
2031 2388 2041 2406 ,
2063 2360 2223 2409 scripsit
2244 2358 2368 2397 Vitam
2386 2359 2450 2396 In—

1483 2421 1651 2460 nocentii
1679 2421 1740 2459 IV.
1773 2421 1821 2459 ab
1850 2420 1894 2458 A.
1926 2421 2042 2459 4243.
2072 2420 2120 2458 ad
2153 2419 2271 2460 4254.
2300 2421 2448 2471 Papae,

1483 2495 1604 2533 quam
1643 2482 1769 2521 edidit
1807 2483 1995 2521 Baluzius
2034 2485 2130 2521 tom.
2170 2480 2253 2522 Vll.
2289 2482 2449 2522 Miscell.

1484 2556 1574 2595 pag.
1603 2544 1796 2583 353-405.

1542 2606 1792 2646 NlCOLAUS
1813 2604 1860 2644 de
1890 2605 2026 2655 Casa,
2052 2616 2172 2656 supra
2189 2635 2201 2654 ,
2223 2605 2452 2645 CUSANUS

1486 2672 1581 2706 tom.
1613 2670 1650 2707 4.
1679 2679 1767 2718 pag.
1800 2669 1888 2706 405.

1539 2728 1797 2769 NICOLAUS
1835 2728 1881 2767 cle
1920 2728 2072 2775 Dacia,
2105 2727 2320 2778 Hungarus
2354 2726 2448 2766 Ord.

1488 2790 1621 2829 Praed.
1648 2790 1870 2840 Theologus
1892 2789 2168 2827 Astronomiae
2189 2792 2229 2826 et
2252 2789 2349 2826 artis
2372 2789 2451 2826 Me-

1487 2851 1597 2890 dieae,
1623 2853 1775 2901 peritus
1804 2852 1906 2889 circa
1931 2850 1977 2888 A.
2011 2850 2126 2888 4464.
2152 2849 2200 2887 de
2229 2848 2345 2899 cujus
2373 2851 2450 2888 Ma-

1489 2924 1620 2950 nuscr.
1635 2913 1815 2962 congerie
1828 2911 2142 2962 anaglypharum
2161 2913 2448 2950 astronomicae

1490 2973 1719 3020 facultatis,
1750 2972 1961 3012 adeundus
1989 2962 2161 3011 Jacob'us
2191 2972 2327 3018 Quotif
2353 2977 2447 3010 tom.

1494 3035 1507 3072 4
1544 3046 1630 3083 pag.
1662 3034 1753 3072 827.

1543 3094 1792 3134 NICOLAUS
1834 3096 2002 3135 Dathus.
2034 3095 2162 3146 Supra
2190 3098 2217 3133 t.
2249 3095 2284 3133 2.
2315 3106 2352 3146 p.
2384 3095 2446 3133 40.

1542 3156 1794 3197 NlCOLAUS
1814 3155 2139 3210 Dinclcelspiihel,
2164 3158 2308 3196 Doctor
2331 3157 2447 3196 Vien-

1492 3221 1653 3269 nensis,
1686 3221 1808 3269 patria
1840 3221 2014 3259 Svevus.
2045 3219 2172 3269 Supra
2202 3222 2230 3256 t.
2259 3218 2283 3257 2
2314 3229 2349 3268 p.
2381 3217 2444 3256 86.

1538 3360 1573 3398 b)
1597 3359 1685 3393 Adde
1705 3364 1734 3392 S.
1752 3361 1908 3393 Bernardi
1934 3361 2040 3400 Epist.
2067 3359 2120 3393 84.
2142 3363 2175 3390 ct
2197 3357 2251 3391 98.
