2517 4009
953 223 1249 264 WICLEF

108 298 227 339 Hussi
245 301 285 337 et
300 295 539 347 Hieronymi.
557 294 677 334 Paris.
698 294 812 336 1681.
833 293 1069 336 1211311103.

161 361 288 412 Opera
314 360 362 399 ab
388 360 470 410 ipso
491 360 637 409 scripta
661 371 849 410 magnum
875 360 973 398 satis
997 370 1069 398 nu-

110 435 264 464 merum
291 422 484 474 implent⁷
511 432 582 460 nos
613 423 768 462 initium
804 422 995 462 faciemus
1020 421 1069 461 ab

110 487 330 538 impressis.

165 551 199 590 1.
223 550 398 589 Primum
424 548 554 588 locum
580 553 749 601 occupet
779 548 913 590 Versio
945 549 1068 588 totius

110 614 338 664 Scripturae
359 612 504 652 Sacrae
524 613 560 651 in
581 612 754 663 linguam
775 612 1002 663 Anglicam‚
1019 624 1069 652 ex

108 676 275 728 Vulgata
302 676 489 714 versione
515 680 702 726 suscepta
725 705 733 723 ,
759 675 876 725 cujus
900 674 1069 714 Codices

107 750 184 778 non
216 739 328 790 pauci
360 739 397 777 in
430 738 683 778 Bibliothecis
717 738 883 787 Angliae
914 738 1067 787 latent,

108 803 253 841 mirum
281 812 376 840 vero
401 806 487 852 est,
514 801 664 853 Anglos
689 813 776 840 eam
802 805 884 840 tam
909 800 975 840 diu
1004 813 1070 840 ne-

105 864 278 916 glexisse
295 893 304 911 ,
328 875 452 915 quum
478 864 539 903 vel
563 865 721 914 linguae
741 874 887 903 caussa
910 864 1006 914 ipsis
1029 864 1065 903 in

106 928 231 979 pretio
255 937 345 965 esse
370 926 526 966 debeat.
547 929 689 967 Nostro
712 931 891 978 tempore
918 928 976 965 .Ιο.
1000 928 1070 965 Lc-

105 989 183 1029 wis
199 988 353 1030 Novum
368 989 653 1029 Testamentum
672 989 796 1028 edidit
811 989 932 1029 Lond.
954 990 1070 1031 1732.

107 1052 169 1092 sol.
204 1064 296 1092 cum
335 1053 578 1104 praefatione
601 1083 609 1102 ,
635 1065 736 1104 0033
771 1054 949 1092 notitiam
983 1066 1072 1093 ver-

105 1117 261 1156 stonum
298 1115 555 1167 Anglicarum
594 1117 769 1155 exhibet.
806 1117 959 1156 Evolve
995 1119 1073 1157 Me·

107 1180 252 1218 moires
277 1178 326 1216 de
348 1180 534 1219 Trevoux
559 1180 675 1219 4733.
702 1192 737 1229 p.
762 1179 855 1219 928.
878 1180 974 1220 Bibl.
999 1183 1073 1220 rai·

105 1241 254 1280 sonnee
280 1245 374 1279 tom.
402 1241 500 1280 Vlll.
541 1253 577 1292 p.
605 1241 694 1280 479.
732 1243 790 1282 De
827 1254 871 1281 ea
910 1255 1070 1295 quoque

103 1308 228 1357 agunt
253 1302 377 1342 Henr.
402 1303 649 1355 whartonus
672 1306 708 1342 in
730 1304 918 1345 Auctario
943 1306 989 1345 ad
1015 1307 1071 1345 hi·

104 1369 264 1407 storiam
287 1366 551 1418 dogmaticam
578 1365 626 1405 de
651 1369 863 1420 scripturis
884 1373 922 1407 et
945 1371 1070 1410 sacris

105 1430 356 1480 vernaculis,
381 1430 465 1469 Jac.
491 1429 526 1469 le
553 1431 670 1482 Long.
700 1432 737 1469 in
765 1431 863 1470 Bibl.
894 1443 1005 1472 saera
1032 1438 1072 1473 01

104 1494 182 1534 3111.
817 1528 819 1531 .

157 1557 197 1597 2.
222 1556 481 1611 Dialoyorum
520 1556 619 1597 libri
653 1558 721 1598 IV.
760 1558 876 1598 1525.
911 1558 950 1598 [ι.
986 1560 1071 1599 5100

108 1621 312 1660 mentione
355 1622 427 1661 loci
447 1653 455 1673 ,
493 1622 672 1662 Basileae
716 1620 896 1674 prodisse
941 1621 1072 1674 placet

105 1684 300 1724 Fabricio.

166 1750 202 1789 3.
229 1747 419 1788 Ostiolum
450 1747 626 1801 Wiclefi‚
651 1749 736 1787 sive
768 1748 983 1789 Tractatus
1020 1750 1069 1790 de

108 1812 368 1851 Sacramento
394 1811 542 1851 Altaris
560 1841 568 1859 ‚
589 1812 626 1849 in
657 1822 734 1861 quo
770 1812 1067 1852 Transubstan-

104 1874 212 1914 tiatio
229 1879 309 1914 tam
329 1886 349 1912 e
365 1875 711 1924 Scriptura‚quam
732 1874 980 1925 Philosophia
1000 1887 1068 1926 op-

109 1943 323 1990 pugnatur.
338 1937 512 1978 lX'orimb.
535 1935 649 1975 1546.
668 1937 704 1975 8.
722 1937 850 1976 Oxou.
868 1937 983 1977 1612.
1005 1939 1066 1978 12.

158 2003 194 2041 4.
222 2002 431 2041 Tractatus
455 1999 532 2040 duo
548 1999 745 2039 adversus
779 2001 946 2040 Fratres
964 2012 1066 2040 men·

101 2066 278 2107 dicantes
296 2097 308 2115 ,
355 2064 472 2117 Angl.
522 2075 590 2116 per
636 2064 857 2103 Jamesium
881 2093 888 2112 ,
937 2064 1067 2105 Oxon.

102 2129 217 2171 1608.
243 2130 280 2168 4.

151 2192 189 2233 5.
213 2190 446 2245 Aphorismi
468 2191 493 2230 f.
513 2189 689 2230 Articuli
711 2188 975 2240 Wicleviani,
995 2202 1065 2242 per

96 2256 154 2296 .Ιο.
179 2257 330 2295 Foxum
358 2254 527 2304 Argent.
552 2254 669 2295 1551.
695 2255 732 2292 8.

153 2321 188 2359 6.
234 2317 436 2372 Confessio
479 2316 595 2370 fidei,
641 2319 726 2355 sive
776 2316 1065 2356 Conclusiones

100 2382 242 2424 XVllI.
283 2383 320 2421 in
362 2379 523 2431 Synodo
565 2380 834 2419 Lambethano
872 2391 907 2418 a.
947 2380 1066 2420 1377.

99 2446 324 2494 exhibitae,
356 2443 459 2495 apud
493 2444 643 2482 Foxum
677 2443 713 2480 in
746 2443 974 2481 Comment.
1006 2455 1066 2482 re-

101 2521 190 2549 rum
212 2508 368 2548 Eccles.
389 2507 520 2555 (Basil.
543 2506 658 2547 1563.
682 2504 757 2557 tol.)
781 2510 881 2557 part.
908 2507 942 2546 1.
969 2519 1006 2557 p.
1026 2506 1063 2547 8.

153 2571 190 2611 7.
213 2569 391 2625 Epistola
415 2569 462 2610 ad
493 2569 695 2611 Urbanum
721 2570 864 2621 Papam
888 2581 924 2608 a.
947 2569 1064 2609 1381.

101 2636 193 2677 ibid.
218 2649 254 2688 p.
281 2635 344 2675 16.

155 2701 192 2740 8.
217 2701 460 2752 Responsum
484 2699 531 2738 ad
558 2697 799 2738 Richardum
826 2699 973 2749 Regem
1000 2709 1064 2737 an.

103 2762 218 2804 1377.
243 2762 290 2802 de
304 2762 403 2815 jure
427 2762 542 2814 Reyi's
566 2765 602 2801 et
625 2763 756 2814 Papae
775 2789 784 2805 ‚
812 2760 971 2798 ibidem.

153 2827 192 2866 9.
213 2824 440 2865 Declaratio
460 2824 556 2878 fidei
572 2836 669 2865 suae
685 2856 694 2872 ,
717 2829 756 2862 et
782 2821 1061 2865 Conclusiones

95 2887 237 2941 plures
255 2888 358 2940 apud
381 2889 728 2940 Walsinghamum
752 2886 798 2925 ad
825 2897 858 2925 a.
887 2886 1001 2926 1378.
1025 2889 1064 2924 et

103 2955 333 3003 sequentes.
350 2952 392 2991 ln
412 2950 473 2990 his
497 2951 707 3002 impressis
724 2951 908 3002 precipue
926 2948 1066 2988 Wher-

103 3019 242 3055 tonum
269 3019 436 3055 secutus
461 3026 567 3054 snm.

155 3077 330 3117 Plurima
345 3077 499 3117 Wiclefi
519 3077 642 3116 nostri
668 3081 762 3117 sunt
785 3075 945 3122 inedita,
963 3086 1065 3126 quae

103 3142 140 3180 in
162 3139 417 3179 Bibliothecis
434 3140 600 3191 Angliae
626 3141 751 3180 latent
771 3144 831 3188 ‚et
861 3151 881 3179 a
904 3139 1064 3187 Balaeo,

103 3201 260 3243 Oudino
281 3206 320 3240 et
342 3203 540 3255 Catalogis
564 3204 739 3255 Anglicis
763 3214 904 3253 magno
927 3213 1066 3241 nume-

105 3277 147 3306 ro
184 3265 464 3317 proferuntur,
493 3267 599 3307 unde
637 3267 833 3319 quaedam
873 3264 1067 3304 delibabo.

107 3328 424 3369 Commentarius
464 3329 506 3368 in
544 3328 743 3382 Epistolas
780 3333 816 3368 et
848 3327 1066 3379 Evanyelia

108 3391 224 3432 totius
249 3389 372 3440 anni,
394 3393 530 3432 Latine
549 3422 558 3445 ,
583 3391 792 3448 Expositio
815 3391 856 3430 in
874 3389 1071 3444 Epistolos

1146 294 1439 346 Dominzcales,
1480 295 1668 349 Anglice,
1709 297 2030 342 Commentarius
2073 302 2115 343 in

1147 358 1326 400 Psalmos
1350 364 1387 400 et
1409 359 1510 400 alios
1534 360 1696 414 hymnos
1720 361 2009 406 ecclesiasticos
2029 381 2040 407 .·
2066 366 2113 409 de

1144 423 1312 464 veritate
1336 425 1375 463 S.
1399 424 1661 476 Scripturae:
1692 425 1739 465 de
1758 429 1934 480 peccatis
1959 435 2107 473 morta-

1144 485 1274 526 libus:
1298 486 1344 527 de
1372 486 1483 527 civili
1509 487 1706 528 dominio:
1734 489 2010 542 Confessiones
2056 494 2114 536 bi-

1144 561 1218 589 nae
1241 548 1287 588 (le
1311 551 1570 589 Sacramenta
1594 549 1739 591 altaris
1758 567 1764 574 ·
1786 552 1833 593 de
1855 554 1938 594 vita
1962 558 2106 598 Sacer-

1146 612 1302 652 dotum.-
1328 611 1373 652 (la
1399 611 1540 663 requla
1564 615 1603 653 S.
1629 615 1842 656 Francisci
1855 631 1865 656 .·
1898 618 2108 673 Empositio

1147 673 1323 728 Symboli
1346 674 1582 728 Apostolici,
1615 677 1802 730 Decalefsz'
1832 687 1870 720 et
1908 682 2111 728 Orationis

1146 738 1399 778 Dominicae:
1433 739 1478 778 de
1498 737 1787 781 abominatione
1824 742 1863 781 in
1900 742 1980 784 loco
2019 760 2112 789 san-

1146 806 1223 842 cto:
1248 801 1460 854 Speculum
1481 801 1730 842 secularium
1761 805 2016 849 Domitiorum
2034 823 2047 851 .·
2067 813 2112 853 de

1143 864 1377 918 fundatione
1410 865 1560 905 Pseudo
1582 865 1794 919 fratrum:
1819 868 1866 908 cle
1892 870 2050 912 Christo
2075 880 2115 915 et

1147 927 1409 967 Antichristo:
1431 927 1477 968 cle
1511 930 1795 971 contrarietate
1831 932 2003 974 duorum
2045 937 2113 977 clo-

1148 992 1374 1030 minorum:
1406 991 1451 1031 de
1481 991 1738 1033 citationibus
1760 993 1922 1048 frivolis
1951 1005 1988 1038 et
2020 999 2113 1042 aliis

1147 1054 1338 1094 versutiis
1366 1054 1629 1095 Antichristi:
1663 1056 1872 1110 Speculum
1909 1060 2111 1103 Ecclesiae

1149 1116 1358 1157 militantis
1374 1148 1383 1163 ,
1407 1123 1447 1157 et
1471 1119 1546 1158 alia
1571 1119 1687 1170 longe
1715 1121 1843 1171 plura.

1203 1181 1261 1219 Ex
1295 1180 1356 1219 his
1386 1182 1515 1221 titulis
1558 1184 1857 1234 conspicimus,
1899 1187 2109 1229 Wiclefum

1150 1243 1272 1283 fuisse
1317 1245 1447 1283 virum
1490 1255 1648 1284 summo
1692 1246 1848 1297 ingenio
1887 1253 1928 1288 et
1963 1250 2111 1300 judicio

1149 1305 1370 1355 praeditum
1393 1336 1400 1353 ,
1423 1307 1489 1358 001
1511 1318 1553 1345 53
1578 1318 1654 1346 000
1681 1308 1803 1360 abripi
1831 1322 1975 1361 passus
1999 1318 2062 1352 est
2089 1325 2111 1354 a

1148 1367 1325 1406 tenebris
1350 1367 1454 1407 illius
1479 1369 1630 1414 seculi,
1653 1369 1722 1409 5οὀ
1748 1373 1814 1422 001
1837 1374 2026 1425 singulari
2052 1388 2112 1415 re-

1149 1442 1238 1469 rum
1279 1431 1458 1469 emnium
1496 1432 1775 1483 perspicientia
1815 1438 2111 1488 corruptionem

1148 1493 1351 1533 doctrinae
1376 1496 1417 1532 et
1442 1495 1547 1532 vitae
1584 1496 1784 1545 cognitam
1824 1496 1974 1538 habuit.
2008 1500 2111 1541 Hinc

1149 1567 1265 1607 opera
1288 1555 1376 1607 ejus
1396 1557 1547 1609 aliquot
1571 1558 1842 1600 voluminibus
1863 1561 2109 1613 conjunctim

1147 1619 1266 1658 edere
1286 1619 1486 1659 debebant
1506 1619 1621 1672 Angli
1641 1650 1648 1668 ‚
1671 1633 1801 1674 neque
1823 1622 1931 1664 hunc
1952 1629 2108 1667 tantum

1147 1682 1382 1722 thesaurum
1408 1682 1489 1722 orbi
1515 1684 1731 1724 christiano
1749 1689 1792 1725 et
1812 1689 1940 1728 coetui
1963 1691 2110 1741 puriori

1145 1745 1297 1785 diutius
1325 1745 1518 1786 invidere.

1205 1808 1226 1832 *
1252 1810 1374 1848 Juvat
1395 1808 1460 1848 hic
1481 1820 1550 1849 eos
1575 1811 1742 1851 recitare
1773 1813 1997 1856 libellorum
2023 1816 2112 1857 Wl-

1145 1870 1291 1911 CLEFl
1324 1872 1482 1921 titulos,
1513 1885 1561 1912 ex
1593 1874 1739 1926 quibus
1777 1875 1988 1929 decerptae
2012 1885 2108 1920 sunt

1145 1935 1286 1985 impiae
1330 1936 1416 1975 eius
1461 1938 1706 1977 assertiones
1749 1939 1799 1978 ab
1844 1942 2110 1983 universitate

1143 1997 1359 2037 Oxeniensi
1392 2000 1428 2036 in
1460 2000 1636 2051 Epistola
1667 2001 1715 2040 ad
1746 1993 2106 2058 Archiepiscopum

1144 2062 1479 2101 Cantuariensem
1514 2063 1674 2114 vulgata
1705 2076 1724 2104 a
1759 2066 1931 2105 Wilkins
1956 2069 2110 2109 Concil.

1143 2125 1292 2163 Britan.
1324 2125 1434 2164 Tom.
1457 2126 1509 2164 111
1535 2137 1621 2178 pag.
1645 2127 1722 2168 339
1748 2134 1823 2168 etc.
1847 2141 2016 2171 censura
2043 2144 2112 2171 no-

1145 2192 1263 2226 tatae.
1295 2187 1410 2226 Liber
1446 2188 1666 2241 inscriptus
1695 2189 1743 2230 de
1772 2202 1953 2233 sermone
1982 2194 2116 2234 Domi-

1142 2249 1187 2289 ni
1214 2249 1252 2288 in
1282 2253 1408 2289 monte
1439 2251 1540 2290 Libri
1575 2252 1624 2290 [V
1654 2265 1826 2304 quorum
1865 2257 2010 2296 tertius
2051 2261 2114 2297 est

1143 2312 1191 2351 (10
1223 2313 1470 2352 Antichristo
1501 2314 1604 2353 idest
1634 2315 1682 2354 de
1714 2318 1834 2367 Papa.
1859 2318 1919 2356 Ex
1950 2318 2023 2359 hoc
2047 2319 2116 2359 de-

1144 2380 1350 2427 promptae
1381 2381 1477 2415 sunt
1506 2375 1558 2416 71
1590 2377 1814 2418 haereticae
1853 2382 2111 2421 assertiones.

1145 2439 1337 2478 Libellum
1378 2438 1427 2478 de
1461 2440 1703 2490 perfectione
1735 2446 1916 2483 statuum
1950 2456 1998 2483 ex
2033 2455 2112 2494 quo

1143 2508 1355 2554 excerptae
1385 2508 1481 2542 sunt
1522 2503 1573 2543 33
1618 2504 1819 2545 haereses.
1854 2507 2028 2548 Libellus
2057 2508 2107 2546 de

1140 2567 1278 2606 ordine
1308 2565 1559 2615 Christiano,
1584 2578 1633 2606 ex
1659 2580 1737 2619 quo
1764 2570 1826 2609 13.
1845 2571 2031 2623 Dialogus
2053 2582 2101 2610 ex

1142 2642 1220 2682 quo
1251 2630 1312 2669 35.
1334 2633 1530 2671 tractatus
1560 2632 1582 2671 3
1612 2629 1660 2670 de
1690 2637 1775 2670 arte.
1801 2633 2031 2684 sophistica,
2054 2645 2104 2674 ex

1138 2706 1216 2746 quo
1245 2693 1310 2733 ΞΟ.
1357 2695 1412 2732 De
1443 2693 1617 2732 dominio
1645 2695 1752 2733 civili
1785 2695 1851 2735 lib.
1882 2696 1919 2735 3.
1950 2695 1999 2735 de
2029 2707 2109 2747 quo

1142 2757 1426 2797 1i3.Tractatus
1456 2755 1502 2795 cle
1519 2754 1682 2796 Diabolo
1714 2760 1753 2797 et
1784 2757 1972 2799 membris
2005 2759 2111 2808 eius;

1142 2819 1189 2858 de.
1215 2831 1293 2870 quo
1319 2821 1355 2859 5.
1378 2821 1434 2858 Ι)3
1459 2818 1672 2858 donatione
1702 2821 1923 2865 Caesarea.
1954 2821 2002 2860 de
2028 2833 2107 2872 quo

1142 2882 1329 2922 haereses
1375 2881 1439 2921 14.
1488 2880 1606 2922 Liber
1649 2884 1930 2936 responsorius
1959 2883 2014 2923 ad
2040 2895 2108 2922 ar-

1138 2949 1325 2999 yumenta
1354 2944 1539 2985 Monaclu‘
1563 2944 1610 2985 de
1637 2945 1801 2998 Saltim,-
1825 2947 1874 2985 de
1905 2958 1984 2998 quo
2009 2946 2102 2986 hae·

1142 3020 1252 3050 reses
1275 3009 1312 3047 2.
1343 3006 1461 3048 Liber
1483 3008 1761 3061 responsorius
1786 3008 1840 3048 ad
1858 3012 2100 3061 argumenta

1142 3070 1366 3121 Stroadae;
1390 3070 1438 3110 de
1459 3083 1537 3122 quo
1562 3072 1596 3109 9.
1622 3069 1790 3111 Libellus
1822 3071 1869 3110 (le
1898 3070 2108 3124 consessio-

1142 3148 1214 3183 ne,
1240 3135 1287 3174 de
1317 3146 1395 3187 quo
1426 3133 1462 3174 5.
1491 3133 1538 3173 cle
1567 3133 1756 3175 versutiis
1777 3133 2033 3174 Pseudocleri
2050 3146 2105 3175 ea:

1142 3211 1217 3252 quo
1248 3198 1284 3238 [ι.

1196 3262 1398 3309 Quantum
1438 3272 1531 3300 vero
1561 3272 1610 3300 ex
1640 3260 1702 3300 his
1732 3262 1935 3312 excerptis
1964 3262 2105 3301 intelli·

1144 3327 1302 3378 gimus,
1334 3324 1427 3363 nihil
1461 3326 1544 3363 viro
1576 3325 1728 3373 inerat,
1754 3336 1801 3363 ex
1835 3335 1914 3376 quo
1943 3324 2014 3363 sibi
2049 3325 2107 3363 in-

1154 3389 1265 3440 signe
1297 3386 1423 3438 illud,
1450 3399 1528 3440 quo
1570 3399 1590 3428 a
1635 3387 1938 3430 Bibliothecario
1972 3392 2107 3432 nostro
