2533 4009
381 227 431 266 14
964 224 966 226 ’
1112 228 1623 269 MANEGAUDUS

379 299 531 347 positus
545 298 937 347 Reichersbergensis
953 297 1056 348 apud
1076 299 1237 337 Clariss.
1256 301 1325 338 Pe-

379 360 483 396 zium
510 364 603 397 tom.
630 360 665 398 2.
702 357 995 397 Anecdotorum
1033 355 1153 410 parte'
1169 361 1205 398 2.
1237 372 1322 411 pag.

1450 301 1657 340 Jannotius
1677 299 1975 340 MANETTIUS.
2002 301 2127 352 Supra
2157 308 2183 342 t.
2203 305 2253 344 1V
2266 306 2357 345 314.

1453 362 1754 402 MANFREDUS
1779 360 1825 399 de
1845 363 1992 412 Cruce,
2009 365 2265 405 Decretorum
2283 369 2358 406 Do-

380 421 466 458 494.
485 421 629 459 Confer
649 419 828 470 ejusdem
851 422 1129 471 prolegomena
1147 422 1194 461 ud
1215 423 1324 462 illum
1399 429 1495 467 ctor,
1514 424 1645 462 Abbas
1662 424 1700 462 S.
1718 422 1913 461 Ambrosii
1931 425 2247 475 Mediolanensis,
2270 429 2358 467 Phi-

378 486 528 520 tomum
552 494 636 532 pag.
659 483 806 520 XXIX.
830 492 914 531 seq.
938 487 978 520 et
1001 484 1176 522 Diarium
1198 484 1328 522 erudi-

377 548 507 581 torum
531 544 660 581 Italiae
686 548 766 580 tom
806 544 889 581 XV.
915 555 1000 594 pag.
1023 545 1073 582 32
1094 555 1176 594 seq.

429 605 450 626 *
472 605 716 654 Opusculuin
744 616 763 643 a
789 606 998 643 Muratorio
1035 606 1184 653 editum
1211 606 1326 655 longe

375 666 520 704 diversi
547 671 608 703 ost
632 668 855 715 argumenti
881 678 925 705 ac
949 669 1105 705 censuit
1122 667 1182 705 hic
1199 667 1330 705 Fabri-

375 729 471 765 cius
494 728 633 765 Totum
661 728 766 765 enim
795 729 830 764 in
857 739 902 765 co
928 733 990 765 est
1017 733 1055 766 ut
1083 728 1330 766 demonstret

376 787 477 825 haud
506 790 557 826 ita
583 787 781 838 probanda
818 799 908 826 esse
945 794 1128 827 veterum
1164 790 1333 839 Pagano-

378 862 461 888 rum
519 851 694 900 scripta,
734 855 778 888 ut
819 852 950 889 omnia
991 851 1330 888 indiscriminatim

373 911 635 950 admittantur
658 941 666 959 ,
690 923 781 950 cum
819 913 931 962 plura
956 913 993 948 in
1018 913 1075 949 eis
1105 922 1194 948 esse
1220 911 1331 947 evin-

374 978 458 1021 cat,
484 984 562 1022 qua
583 973 834 1023 dogmatibus
866 973 969 1010 Fidei
999 976 1155 1009 nostrae
1192 970 1332 1009 adver—

375 1040 528 1073 santur.
551 1036 651 1072 Ilaec
676 1039 810 1072 contra
847 1034 1084 1070 Volfclmum
1123 1043 1250 1080 usque
1284 1031 1333 1070 ad

375 1098 467 1146 Cap.
501 1097 643 1134 XXIII.
676 1096 956 1144 disputantur3
989 1098 1073 1130 tum
1106 1104 1200 1130 vero
1238 1092 1335 1131 duo-

375 1158 448 1196 bus
473 1155 749 1194 tantummodo
773 1154 967 1203 capitibus
992 1153 1039 1191 de
1073 1154 1203 1192 Causa
1241 1154 1337 1192 Gre-

374 1220 472 1267 gorii
520 1218 600 1254 vlt.
642 1217 796 1265 agitur,
833 1226 936 1264 quae
975 1215 1167 1254 adiecisse
1212 1226 1254 1253 se
1297 1216 1335 1252 in

374 1278 612 1327 praefatione
629 1287 758 1326 operis
774 1276 917 1314 author
938 1276 1148 1326 profitetur
1164 1287 1208 1314 eo
1229 1277 1333 1326 quod

374 1340 492 1376 sciret
524 1338 760 1376 Valfelmum
800 1338 907 1375 Dom.
935 1339 1077 1388 Papam
1103 1339 1334 1387 Gregorium

375 1400 523 1449 polluto
539 1411 605 1437 ore
627 1400 822 1437 lacerasse
846 1412 857 1445 ,·
887 1398 972 1436 ideo
1002 1400 1081 1438 ait:
1112 1397 1265 1450 aliquid
1289 1398 1335 1437 de

375 1460 438 1499 illo
461 1460 745 1500 adnectendum
775 1459 882 1499 duaci
904 1461 924 1484 *Ε

430 1523 776 1562 MANEGAUDUS
806 1521 940 1561 Abbas
971 1525 1011 1562 S.
1054 1523 1260 1563 Michaelis
1289 1524 1337 1563 ad

374 1588 522 1625 Mosam
547 1587 649 1624 circa
688 1585 762 1624 An.
804 1587 906 1624 4450
933 1585 1049 1635 cujus
1089 1586 1262 1637 diploma
1286 1586 1335 1625 de

374 1647 603 1686 renovanda
629 1648 818 1686 memoria
858 1649 976 1686 Ducis
1003 1648 1181 1687 Volfaudi
1210 1648 1333 1686 edidit

376 1711 564 1749 Baluzius
594 1714 688 1747 tom.
714 1710 778 1747 IV.
804 1711 911 1748 Misc.
939 1721 1026 1760 pag.
1052 1710 1140 1748 463.

428 1771 541 1809 Alius
562 1769 891 1810 MANIGOLDUS
923 1772 1083 1810 Svevus
1105 1783 1154 1809 ex
1184 1770 1335 1811 Abbate

379 1832 789 1870 Gremsmiinsterensi
814 1832 1034 1884 Episcopus
1061 1832 1335 1873 Passaviensis

376 1895 448 1932 An.
476 1895 577 1933 4206
603 1894 651 1932 de
676 1905 754 1944 quo
778 1901 1037 1933 monumenta
1064 1896 1335 1945 'segernseen—

376 1958 431 1994 sia
457 1956 561 2006 apud
583 1955 756 1994 eundem
786 1957 945 1994 Pezium
977 1962 1003 1993 t.
1031 1957 1053 1993 3
1085 1968 1120 2006 p.
1147 1958 1183 1995 3.
1209 1957 1297 1995 523.

431 2017 491 2055 Ab
509 2018 570 2055 his
587 2018 775 2055 omnibus
793 2021 835 2056 ut
860 2018 1018 2056 videtur
1041 2018 1228 2057 diversus
1247 2021 1335 2057 ME-

377 2078 648 2118 IN'EGALDUS
669 2079 754 2116 sive
770 2079 1147 2119 MENENGALDUS
1163 2082 1332 2131 scriptor

375 2139 577 2179 Historiae
619 2138 925 2179 Ecclesiasticae
966 2143 1254 2192 Manuscriptae
1293 2145 1329 2180 in

381 2204 499 2240 variis
526 2201 802 2249 Bibliothecis‚
825 2214 926 2252 quae
960 2204 1121 2253 incipit&
1153 2203 1338 2254 Assyrio-

378 2274 471 2301 rum
495 2264 642 2313 Reyum
661 2264 957 2314 potentissimus
981 2264 1071 2302 olim
1093 2264 1173 2316 fuit
1195 2265 1333 2315 Ninus,

381 2324 454 2375 qui
473 2323 614 2362 bellum
634 2324 812 2374 finitimis
850 2324 1024 2377 inserens
1054 2325 1236 2376 Regibus.
1261 2332 1336 2365 etc·

378 2387 517 2424 ,Iudico
537 2389 637 2425 Luca
662 2387 861 2425 llolstenio
885 2398 918 2436 a)
941 2390 1081 2425 auctor
1100 2386 1250 2426 nullius
1263 2388 1337 2438 ju-

379 2448 475 2486 dicii
496 2459 564 2485 nec
581 2448 721 2498 pretii.
747 2459 919 2498 quorum
952 2448 1157 2486 centuriae
1179 2450 1332 2500 reperi-

379 2513 503 2547 untur
513 2510 667 2559 passim
687 2508 984 2548 anibliotliecis
1002 2510 1339 2549 Monasteriorum

379 2570 511 2622 qualis
537 2572 680 2608 Petrus
698 2571 912 2618 Comestor,
939 2571 1162 2610 Vincentius
1185 2571 1340 2611 Bellua—

379 2632 531 2679 censis,
553 2633 587 2674 bl
611 2632 762 2682 aliique
786 2635 871 2684 eJ'us
893 2631 1047 2684 formae
1084 2644 1340 2672 consarcina-

381 2698 483 2732 tores
500 2725 510 2741 ‚
535 2694 608 2744 qui
625 2705 749 2744 quum
776 2694 930 2733 nullum
956 2695 1040 2734 suis
1065 2695 1243 2734 historiis
1268 2697 1341 2734 ini-

379 2757 476 2794 tium
505 2756 687 2806 reperire
718 2761 895 2806 possent,
917 2755 968 2794 ab
1005 2757 1175 2796 eaeordio
1199 2758 1340 2797 Mundi

378 2816 634 2869 repetebant.
659 2821 704 2855 ut
726 2817 824 2855 mali
850 2819 991 2856 Poetae
1020 2819 1233 2869 Trojanum
1263 2818 1341 2856 bel-

381 2879 462 2918 lum
495 2879 647 2930 yemino
689 2878 903 2917 ordiuntur
926 2878 976 2916 ab
1001 2891 1083 2917 ovo,
1118 2881 1234 2917 Forte
1260 2878 1333 2917 sub

378 2942 495 2992 finem
518 2940 572 2978 ad
596 2939 888 2991 particularem
911 2939 1088 2991 alicujus
1115 2940 1246 2978 Gentis
1278 2939 1335 2977 lii-

382 3003 560 3051 storiam,
579 3007 615 3041 et
637 3002 691 3040 ad
711 3013 786 3040 sua
812 3005 990 3052 tempora
1009 2999 1220 3047 delabitur,
1238 3012 1339 3051 quae

384 3065 478 3102 usui
499 3076 582 3103 csse
594 3068 755 3114 possent
777 3063 832 3102 ad
855 3063 1013 3101 illorum
1041 3066 1257 3113 temporum
1281 3073 1340 3099 co-

379 3125 607 3174 qnitionem:
625 3125 730 3176 quod
746 3125 792 3164 cle
812 3125 999 3178 proaeimo
1020 3128 1059 3162 et
1079 3124 1120 3161 iu
1138 3123 1345 3173 praesenti

395 3185 698 3237 desperandum.

438 3354 470 3391 a)
497 3356 644 3385 niarium
665 3353 872 3385 cruditorum
897 3355 1009 3386 ltaliae
1031 3360 1115 3386 torn.
1139 3356 1203 3384 xv.
1235 3361 1264 3391 p.
1291 3351 1343 3383 29.

1402 485 1494 535 lippi
1523 486 1665 523 Mariae
1699 484 1812 522 ducis
1856 485 2160 525 Mediolanensis
2184 488 2230 526 ad
2257 489 2358 528 Con-

1403 547 1537 584 cilium
1563 546 1872 585 Constantiense
1904 547 2088 596 LegatuS,
2109 548 2225 597 qu'us
2256 549 2359 588 Ora-

1406 607 1546 645 tionem
1566 606 1619 645 ad
1647 605 1948 657 Siyismundum
1976 609 2081 647 Rom.
2113 610 2208 661 Imp.
2235 611 2271 648 in
2295 611 2358 650 illo

1405 666 1578 704 Concilio
1599 677 1660 704 an.
1681 667 1796 705 4445.
1827 666 2001 705 habitam
2026 668 2147 706 edidit
2171 670 2361 708 Herman-

1407 738 1482 765 nus
1520 728 1568 766 ab
1600 727 1726 766 Ilardt
1764 732 1871 765 tomo
1900 728 1944 764 V.
1975 727 2160 768 historiae
2198 730 2360 770 Concilii

1406 789 1728 826 Constantiensis
1758 799 1843 838 pag.
1877 789 1952 826 409
1986 790 2072 826 444.

1462 849 1482 871 *
1511 849 1614 886 Obiit
1643 859 1746 886 anno
1773 849 1886 887 4425.
1912 850 1967 887 De
1993 850 2056 887 illo
2078 851 2266 890 nonnulla
2295 853 2362 891 ha-

1406 911 1472 947 bet.
1490 909 1705 947 Puricellus
1725 910 1762 945 in
1778 909 1936 947 dissert.
1962 910 2222 949 Ambrosiana
2239 923 2277 950 n.
2299 915 2360 952 49.

1459 968 1693 1020 Fulyentius
1722 969 2025 1009 MANFREDUS
2042 999 2052 1017 ,
2074 972 2252 1010 Venetus
2268 973 2362 1013 Ord.

1409 1033 1542 1070 Minor.
1565 1030 1698 1081 junior
1727 1032 1793 1080 qui
1823 1042 1885 1069 an.
1920 1032 2021 1070 4606
2052 1033 2214 1082 scripsit
2236 1034 2363 1073 Exce-

1408 1094 1582 1143 ptionem
1605 1103 1675 1142 per
1691 1092 1865 1131 edictum
1886 1092 2154 1132 Cardinalium
2181 1095 2219 1131 in
2243 1105 2364 1134 causa

1410 1154 1572 1191 Veneta.
1600 1154 1743 1191 Exstat
1771 1153 1874 1204 apud
1905 1153 2140 1193 Goldastum
2170 1159 2198 1193 t.
2223 1155 2262 1194 2.
2285 1157 2365 1195 Μο-

1411 1215 1594 1253 narchiae
1619 1216 1776 1264 Imperii
1803 1226 1888 1265 pag.
1908 1215 1996 1253 483.
2021 1215 2108 1254 485.

1464 1276 1770 1316 MANFREDUS
1808 1278 1924 1314 Poeta
1963 1281 2002 1315 et
2037 1277 2364 1326 Mathematicus,

1410 1338 1528 1389 cujus
1551 1337 1732 1377 carmina
1761 1336 1807 1376 de
1830 1341 2008 1388 computo
2048 1339 2145 1377 anni
2179 1340 2367 1390 leguntur

1412 1400 1459 1439 ad
1489 1401 1637 1439 calcem
1669 1400 1763 1437 tomi
1796 1401 1909 1450 primi
1939 1411 2104 1450 operum
2140 1400 2269 1439 Bedae
2299 1412 2366 1439 ve-

1412 1463 1597 1501 nerabilis
1628 1473 1712 1512 pag.
1741 1461 1828 1500 425.
1855 1472 1937 1511 seq.
1963 1467 2002 1500 et
2026 1463 2147 1501 breve
2172 1463 2366 1513 scriptum

1412 1523 1458 1562 de
1482 1522 1802 1562 embolismorum
1837 1522 1994 1562 ratione
2022 1535 2108 1574 pag.
2150 1525 2237 1563 405.
2275 1525 2364 1563 452.

1412 1586 1520 1624 Idem
1546 1597 1594 1624 an
1621 1596 1716 1623 vero
1732 1585 1833 1624 alius
1856 1585 2122 1637 Hieronymus
2144 1586 2366 1624 MANFRE-
2437 1636 2441 1641 ,

1411 1648 1509 1686 DUS
1537 1647 1713 1685 Medicus
1735 1652 1775 1685 et
1800 1646 2065 1685 Astronomus
2101 1649 2365 1686 BononiensiS

1410 1710 1512 1747 Circa
1534 1709 1606 1747 An.
1634 1710 1736 1748 4455
1761 1707 1879 1758 cujus
1898 1707 2191 1760 Centiloquium
2213 1708 2259 1747 de
2288 1711 2366 1748 Me-

1412 1769 1510 1809 dicis
1535 1773 1572 1808 et
1599 1770 1766 1821 infirmis
1791 1769 1932 1820 prodiit
1971 1771 2168 1809 Bononiae
2200 1772 2302 1810 4483
2327 1773 2364 1809 4.

1409 1832 1580 1871 Norimb.
1615 1833 1716 1871 4530
1749 1833 1784 1870 8.

1462 1895 1767 1933 MANFREDUS
1790 1893 1836 1932 de
1867 1894 1995 1933 Monte
2026 1893 2232 1945 Imperiali
2249 1923 2257 1942 ‚
2287 1896 2365 1932 Me·

1409 1955 1547 2003 dicus,
1579 1957 1771 2006 scriptum
1802 1955 1849 1993 de
1877 1954 2124 2007 simplicibus
2155 1958 2190 1993 in
2223 1955 2367 1994 Codice

1410 2016 1529 2065 Regio
1559 2017 1681 2053 Paris.
1714 2015 1801 2054 334.
1834 2015 2010 2065 Cangius
2040 2016 2206 2054 evolvit.

1464 2077 1769 2115 MANFREDUS
1793 2077 2027 2114 Potentinus
2051 2077 2137 2114 slve
2163 2075 2365 2114 Potentiae

1412 2140 1450 2176 in
1483 2139 1652 2177 Lucania
1698 2139 1919 2188 Episcopus
1948 2137 2024 2175 An.
2055 2138 2170 2176 4449.
2209 2139 2370 2187 scripsit

1411 2200 1533 2239 vitam
1561 2198 1736 2238 Gerardi
1764 2201 1892 2237 Patria
1919 2199 2162 2248 Placentini,
2187 2200 2370 2250 Episcopi

1415 2262 1610 2299 Potentini
1630 2291 1639 2309 ,
1671 2260 1899 2298 decessoris
1929 2261 2017 2305 sui,
2047 2271 2166 2310 quam
2192 2261 2373 2311 vulgavit

1414 2323 1607 2374 Ughellus
1637 2328 1731 2360 tom.
1762 2321 1797 2359 7.
1830 2322 1901 2359 ltal
1914 2322 1972 2359 iae
2002 2332 2138 2360 sacrae
2166 2333 2252 2372 pag.
2285 2324 2372 2361 435.

1416 2385 1504 2424 438.
1537 2384 1643 2433 (edit.
1673 2384 1822 2433 primae
1847 2393 1933 2433 pag.
1960 2381 2060 2431 478.)

1468 2445 1777 2484 MANFREDUS
1802 2442 1962 2483 Siciliae
1999 2445 2080 2482 Rex
2120 2454 2225 2482 anno
2256 2443 2372 2483 4267.

1415 2508 1632 2553 extinctus,
1652 2505 1700 2544 de
1722 2517 1800 2555 quo
1823 2505 2050 2544 Antoninus
2073 2506 2265 2555 Mongitor
2289 2509 2316 2543 t.
2335 2506 2372 2543 2.

1415 2568 1517 2606 Bibl.
1541 2567 1695 2606 Siculae
1726 2577 1811 2616 pag.
1842 2567 1903 2605 29.
1935 2577 2018 2616 seq.
2049 2565 2147 2616 Ejus
2173 2565 2371 2618 Epistolas

1414 2630 1588 2680 quinque
1609 2628 1729 2667 edidit
1758 2628 1945 2666 Baluzius
1967 2632 2060 2665 tom.
2091 2629 2122 2665 4.
2148 2629 2255 2666 Misc.
2282 2638 2371 2677 pag.

1417 2692 1491 2730 475
1515 2691 1602 2729 483.
1621 2701 1702 2739 seq.
1727 2689 1920 2738 Ejusdem
1945 2688 2168 2727 additiones
2191 2688 2240 2726 ad
2271 2689 2372 2726 Flu-

1415 2753 1583 2792 DERICI
1623 2753 1666 2789 II.
1694 2752 1793 2800 Imp.
1832 2749 1975 2787 librum
2001 2747 2047 2786 de
2074 2751 2163 2786 arte
2199 2748 2372 2787 venandi

1417 2825 1507 2852 cum
1529 2810 1673 2851 avibus
1699 2810 1759 2859 (de
1789 2820 1866 2858 quo
1887 2819 2006 2858 supra
2028 2814 2121 2846 tom.
2143 2810 2178 2849 2.
2202 2821 2238 2859 p.
2264 2812 2366 2860 644.)

1417 2874 1595 2924 prodiere
1625 2873 1828 2920 Augustae
1857 2870 2007 2911 Vindcl.
2040 2870 2154 2909 4576.
2190 2873 2301 2910 4696.
2332 2873 2368 2911 8.

1416 2933 1591 2985 Epistola
1621 2932 1669 2970 de
1702 2933 1865 2970 victoria
1906 2931 2101 2971 adversus
2145 2935 2367 2973 exercitum

1415 2997 1541 3045 Papae
1571 2993 1790 3032 Innocentii
1835 2994 1898 3033 IV.
1942 2994 2045 3045 apud
2088 2997 2280 3035 Bzovium
2318 2996 2367 3036 ad

1416 3067 1476 3094 an.
1505 3055 1608 3094 1254
1635 3067 1672 3092 n.
1699 3056 1757 3093 Vl.

1469 3117 1772 3156 MANFREDUS
1814 3116 2071 3156 Terdonensis
2099 3117 2190 3157 Ord.
2233 3119 2369 3158 Minor.

1420 3180 1647 3217 Provinciae
1668 3179 1880 3217 Januensis
1905 3190 1949 3218 ac
1970 3180 2173 3218 custodiae
2211 3180 2374 3230 Papien-

1473 3348 1510 3387 b)
1534 3348 1643 3379 Multis
1667 3352 1776 3381 tamen
1801 3348 1874 3380 aliis
1899 3348 1951 3380 hic
1974 3352 2130 3388 praestat.
