<?xml version="1.0" encoding="UTF-8"?>
<!DOCTYPE html PUBLIC "-//W3C//DTD XHTML 1.0 Transitional//EN"
    "http://www.w3.org/TR/xhtml1/DTD/xhtml1-transitional.dtd">
<html xmlns="http://www.w3.org/1999/xhtml" xml:lang="en" lang="en">
 <head>
  <title>
</title>
<meta http-equiv="Content-Type" content="text/html;charset=utf-8" />
  <meta name='ocr-system' content='tesseract 3.04.00' />
  <meta name='ocr-capabilities' content='ocr_page ocr_carea ocr_par ocr_line ocrx_word'/>
</head>
<body>
  <div class='ocr_page' id='page_1' title='image "./bibliothecalatin05fabruoft/bibliothecalatin05fabruoft_0178.png"; bbox 0 0 2533 4009; ppageno 0'>
   <div class='ocr_carea' id='block_1_1' title="bbox 478 285 1435 1081">
    <p class='ocr_par' dir='ltr' id='par_1_1' title="bbox 478 285 1435 1081">
     <span class='ocr_line' id='line_1_1' title="bbox 489 285 563 322; baseline 0 -1"><span class='ocrx_word' id='word_1_1' title='bbox 489 285 563 322; x_wconf 72' lang='lat'>172</span> 
     </span>
     <span class='ocr_line' id='line_1_2' title="bbox 487 349 1430 405; baseline -0.005 -13"><span class='ocrx_word' id='word_1_2' title='bbox 487 367 562 405; x_wconf 79' lang='lat' dir='ltr'>que.</span> <span class='ocrx_word' id='word_1_3' title='bbox 592 367 639 392; x_wconf 81' lang='lat' dir='ltr'>ex</span> <span class='ocrx_word' id='word_1_4' title='bbox 667 355 737 392; x_wconf 73' lang='lat' dir='ltr'>liac</span> <span class='ocrx_word' id='word_1_5' title='bbox 766 353 842 389; x_wconf 88' lang='lat' dir='ltr'>vita</span> <span class='ocrx_word' id='word_1_6' title='bbox 868 350 1118 387; x_wconf 76' lang='lat' dir='ltr'>discessurus</span> <span class='ocrx_word' id='word_1_7' title='bbox 1149 349 1362 388; x_wconf 87' lang='lat' dir='ltr'>in-illorum</span> <span class='ocrx_word' id='word_1_8' title='bbox 1389 361 1430 387; x_wconf 77' lang='lat' dir='ltr'>se</span> 
     </span>
     <span class='ocr_line' id='line_1_3' title="bbox 486 412 1431 460; baseline -0.002 -9"><span class='ocrx_word' id='word_1_9' title='bbox 486 417 757 454; x_wconf 68' lang='lat' dir='ltr'>eommunione</span> <span class='ocrx_word' id='word_1_10' title='bbox 785 412 878 449; x_wconf 88' lang='lat' dir='ltr'>mori</span> <span class='ocrx_word' id='word_1_11' title='bbox 900 414 1070 448; x_wconf 79' lang='lat' dir='ltr'>testatus</span> <span class='ocrx_word' id='word_1_12' title='bbox 1094 415 1178 455; x_wconf 89' lang='lat' dir='ltr'>est,</span> <span class='ocrx_word' id='word_1_13' title='bbox 1205 416 1248 448; x_wconf 92' lang='lat' dir='ltr'>ut</span> <span class='ocrx_word' id='word_1_14' title='bbox 1278 416 1431 460; x_wconf 82' lang='lat' dir='ltr'>praeter</span> 
     </span>
     <span class='ocr_line' id='line_1_4' title="bbox 486 471 1431 523; baseline -0.005 -8"><span class='ocrx_word' id='word_1_15' title='bbox 486 479 580 515; x_wconf 71' lang='lat' dir='ltr'>alins</span> <span class='ocrx_word' id='word_1_16' title='bbox 610 474 780 523; x_wconf 76' lang='lat' dir='ltr'>locuples</span> <span class='ocrx_word' id='word_1_17' title='bbox 808 476 869 509; x_wconf 83' lang='lat' dir='ltr'>est</span> <span class='ocrx_word' id='word_1_18' title='bbox 900 473 1014 508; x_wconf 83' lang='lat' dir='ltr'>testis</span> <span class='ocrx_word' id='word_1_19' title='bbox 1044 471 1228 510; x_wconf 81' lang='lat' dir='ltr'>laudatus</span> <span class='ocrx_word' id='word_1_20' title='bbox 1257 471 1431 510; x_wconf 80' lang='lat' dir='ltr'>Athana-</span> 
     </span>
     <span class='ocr_line' id='line_1_5' title="bbox 486 532 1428 583; baseline -0.004 -8"><span class='ocrx_word' id='word_1_21' title='bbox 486 541 593 581; x_wconf 82' lang='lat' dir='ltr'>sius,</span> <span class='ocrx_word' id='word_1_22' title='bbox 622 536 686 583; x_wconf 82' lang='lat' dir='ltr'>qui</span> <span class='ocrx_word' id='word_1_23' title='bbox 718 534 754 570; x_wconf 88' lang='lat' dir='ltr'>in</span> <span class='ocrx_word' id='word_1_24' title='bbox 788 533 964 582; x_wconf 79' lang='lat' dir='ltr'>Epistola</span> <span class='ocrx_word' id='word_1_25' title='bbox 1000 532 1047 570; x_wconf 87' lang='lat' dir='ltr'>ad</span> <span class='ocrx_word' id='word_1_26' title='bbox 1079 533 1275 571; x_wconf 85' lang='lat' dir='ltr'>solitarios</span> <span class='ocrx_word' id='word_1_27' title='bbox 1311 534 1428 572; x_wconf 87' lang='lat' dir='ltr'>ctiam</span> 
     </span>
     <span class='ocr_line' id='line_1_6' title="bbox 485 593 1428 644; baseline -0.003 -8"><span class='ocrx_word' id='word_1_28' title='bbox 485 602 651 643; x_wconf 48' lang='lat' dir='ltr'>servent</span> <span class='ocrx_word' id='word_1_29' title='bbox 683 606 730 632; x_wconf 71' lang='lat' dir='ltr'>ex</span> <span class='ocrx_word' id='word_1_30' title='bbox 761 593 841 631; x_wconf 89' lang='lat' dir='ltr'>Osii</span> <span class='ocrx_word' id='word_1_31' title='bbox 873 594 1058 644; x_wconf 84' lang='lat' dir='ltr'>Epistolis</span> <span class='ocrx_word' id='word_1_32' title='bbox 1097 596 1284 634; x_wconf 77' lang='lat' dir='ltr'>eximiam</span> <span class='ocrx_word' id='word_1_33' title='bbox 1323 596 1428 634; x_wconf 80' lang='lat' dir='ltr'>illam</span> 
     </span>
     <span class='ocr_line' id='line_1_7' title="bbox 483 655 1430 707; baseline 0.001 -11"><span class='ocrx_word' id='word_1_34' title='bbox 483 666 519 696; x_wconf 74' lang='lat' dir='ltr'>et</span> <span class='ocrx_word' id='word_1_35' title='bbox 544 660 679 696; x_wconf 82' lang='lat' dir='ltr'>sortem</span> <span class='ocrx_word' id='word_1_36' title='bbox 706 655 753 694; x_wconf 89' lang='lat' dir='ltr'>ad</span> <span class='ocrx_word' id='word_1_37' title='bbox 781 655 1049 694; x_wconf 67' lang='lat' dir='ltr'>Constantium</span> <span class='ocrx_word' id='word_1_38' title='bbox 1072 657 1309 707; x_wconf 82' lang='lat' dir='ltr'>Augustum.</span> <span class='ocrx_word' id='word_1_39' title='bbox 1335 659 1430 697; x_wconf 90' lang='lat' dir='ltr'>Cae-</span> 
     </span>
     <span class='ocr_line' id='line_1_8' title="bbox 482 719 1427 770; baseline 0 -12"><span class='ocrx_word' id='word_1_40' title='bbox 482 728 561 758; x_wconf 84' lang='lat' dir='ltr'>tera</span> <span class='ocrx_word' id='word_1_41' title='bbox 599 730 686 767; x_wconf 75' lang='lat' dir='ltr'>ejus</span> <span class='ocrx_word' id='word_1_42' title='bbox 716 719 888 768; x_wconf 80' lang='lat' dir='ltr'>scripta,</span> <span class='ocrx_word' id='word_1_43' title='bbox 919 724 1176 769; x_wconf 71' lang='lat' dir='ltr'>caeteraeque</span> <span class='ocrx_word' id='word_1_44' title='bbox 1207 720 1427 770; x_wconf 87' lang='lat' dir='ltr'>Epistolae‚</span> 
     </span>
     <span class='ocr_line' id='line_1_9' title="bbox 483 780 1429 831; baseline 0 -11"><span class='ocrx_word' id='word_1_45' title='bbox 483 788 525 820; x_wconf 89' lang='lat' dir='ltr'>ut</span> <span class='ocrx_word' id='word_1_46' title='bbox 548 792 666 831; x_wconf 89' lang='lat' dir='ltr'>quam</span> <span class='ocrx_word' id='word_1_47' title='bbox 691 780 864 818; x_wconf 82' lang='lat' dir='ltr'>Isidorus</span> <span class='ocrx_word' id='word_1_48' title='bbox 882 782 935 818; x_wconf 87' lang='lat' dir='ltr'>ait</span> <span class='ocrx_word' id='word_1_49' title='bbox 958 783 1143 831; x_wconf 76' lang='lat' dir='ltr'>scriptam</span> <span class='ocrx_word' id='word_1_50' title='bbox 1170 782 1217 820; x_wconf 88' lang='lat' dir='ltr'>ab</span> <span class='ocrx_word' id='word_1_51' title='bbox 1233 793 1277 820; x_wconf 82' lang='lat' dir='ltr'>eo</span> <span class='ocrx_word' id='word_1_52' title='bbox 1295 782 1429 828; x_wconf 86' lang='lat' dir='ltr'>fuisse,</span> 
     </span>
     <span class='ocr_line' id='line_1_10' title="bbox 480 841 1432 894; baseline 0.002 -13"><span class='ocrx_word' id='word_1_53' title='bbox 480 844 526 882; x_wconf 87' lang='lat' dir='ltr'>ad</span> <span class='ocrx_word' id='word_1_54' title='bbox 559 854 730 881; x_wconf 83' lang='lat' dir='ltr'>sororem</span> <span class='ocrx_word' id='word_1_55' title='bbox 770 841 815 880; x_wconf 80' lang='lat' dir='ltr'>(Ie</span> <span class='ocrx_word' id='word_1_56' title='bbox 845 841 960 880; x_wconf 75' lang='lat' dir='ltr'>laude</span> <span class='ocrx_word' id='word_1_57' title='bbox 996 843 1237 893; x_wconf 71' lang='lat' dir='ltr'>Viryinitatis</span> <span class='ocrx_word' id='word_1_58' title='bbox 1270 845 1432 894; x_wconf 84' lang='lat' dir='ltr'>pulchro</span> 
     </span>
     <span class='ocr_line' id='line_1_11' title="bbox 482 905 1434 958; baseline 0.002 -15"><span class='ocrx_word' id='word_1_59' title='bbox 482 917 525 943; x_wconf 79' lang='lat' dir='ltr'>ac</span> <span class='ocrx_word' id='word_1_60' title='bbox 572 905 719 942; x_wconf 82' lang='lat' dir='ltr'>diserto</span> <span class='ocrx_word' id='word_1_61' title='bbox 749 911 1014 954; x_wconf 79' lang='lat' dir='ltr'>comparatam</span> <span class='ocrx_word' id='word_1_62' title='bbox 1046 907 1223 956; x_wconf 77' lang='lat' dir='ltr'>eloquio.</span> <span class='ocrx_word' id='word_1_63' title='bbox 1254 914 1292 945; x_wconf 80' lang='lat' dir='ltr'>et</span> <span class='ocrx_word' id='word_1_64' title='bbox 1335 919 1434 958; x_wconf 90' lang='lat' dir='ltr'>opus</span> 
     </span>
     <span class='ocr_line' id='line_1_12' title="bbox 479 966 1434 1017; baseline 0.001 -12"><span class='ocrx_word' id='word_1_65' title='bbox 479 967 524 1005; x_wconf 79' lang='lat' dir='ltr'>cle</span> <span class='ocrx_word' id='word_1_66' title='bbox 569 966 885 1017; x_wconf 77' lang='lat' dir='ltr'><em>interpretatione</em></span> <span class='ocrx_word' id='word_1_67' title='bbox 924 968 1090 1006; x_wconf 77' lang='lat' dir='ltr'>vestium</span> <span class='ocrx_word' id='word_1_68' title='bbox 1133 968 1434 1007; x_wconf 56' lang='lat' dir='ltr'>sacerdotalium</span> 
     </span>
     <span class='ocr_line' id='line_1_13' title="bbox 478 1028 1435 1081; baseline 0.002 -14"><span class='ocrx_word' id='word_1_69' title='bbox 478 1041 580 1081; x_wconf 79' lang='lat' dir='ltr'>quae</span> <span class='ocrx_word' id='word_1_70' title='bbox 608 1032 700 1067; x_wconf 79' lang='lat' dir='ltr'>sunt</span> <span class='ocrx_word' id='word_1_71' title='bbox 722 1028 760 1066; x_wconf 82' lang='lat' dir='ltr'>in</span> <span class='ocrx_word' id='word_1_72' title='bbox 789 1029 911 1066; x_wconf 74' lang='lat' dir='ltr'>veteri</span> <span class='ocrx_word' id='word_1_73' title='bbox 940 1029 969 1066; x_wconf 95' lang='lat' dir='ltr'><em>T</em></span> <span class='ocrx_word' id='word_1_74' title='bbox 967 1034 1177 1068; x_wconf 79' lang='lat' dir='ltr'>estamento</span> <span class='ocrx_word' id='word_1_75' title='bbox 1198 1061 1205 1078; x_wconf 92' lang='lat'>,</span> <span class='ocrx_word' id='word_1_76' title='bbox 1231 1030 1344 1069; x_wconf 84' lang='lat' dir='ltr'>hodie</span> <span class='ocrx_word' id='word_1_77' title='bbox 1369 1031 1435 1069; x_wconf 92' lang='lat' dir='ltr'>de—</span> 
     </span>
    </p>
   </div>
   <div class='ocr_carea' id='block_1_2' title="bbox 478 1091 1435 1132">
    <p class='ocr_par' dir='ltr' id='par_1_2' title="bbox 478 1091 1435 1132">
     <span class='ocr_line' id='line_1_14' title="bbox 478 1091 1435 1132; baseline 0.001 -3"><span class='ocrx_word' id='word_1_78' title='bbox 478 1092 710 1131; x_wconf 74' lang='lat' dir='ltr'>sideramus.</span> <span class='ocrx_word' id='word_1_79' title='bbox 743 1092 875 1129; x_wconf 83' lang='lat' dir='ltr'>Fuerit</span> <span class='ocrx_word' id='word_1_80' title='bbox 908 1102 955 1129; x_wconf 91' lang='lat' dir='ltr'>ne</span> <span class='ocrx_word' id='word_1_81' title='bbox 988 1091 1089 1130; x_wconf 84' lang='lat' dir='ltr'>idem</span> <span class='ocrx_word' id='word_1_82' title='bbox 1122 1093 1267 1132; x_wconf 89' lang='lat' dir='ltr'>OSlUS</span> <span class='ocrx_word' id='word_1_83' title='bbox 1287 1095 1349 1132; x_wconf 91' lang='lat' dir='ltr'>cui</span> <span class='ocrx_word' id='word_1_84' title='bbox 1374 1095 1435 1131; x_wconf 89' lang='lat' dir='ltr'>Ti-</span> 
     </span>
    </p>
   </div>
   <div class='ocr_carea' id='block_1_3' title="bbox 469 1153 1433 3439">
    <p class='ocr_par' dir='ltr' id='par_1_3' title="bbox 477 1153 1433 1267">
     <span class='ocr_line' id='line_1_15' title="bbox 479 1153 1433 1204; baseline 0.002 -12"><span class='ocrx_word' id='word_1_85' title='bbox 479 1165 632 1192; x_wconf 86' lang='lat' dir='ltr'>maeum</span> <span class='ocrx_word' id='word_1_86' title='bbox 672 1164 783 1191; x_wconf 87' lang='lat' dir='ltr'>suam</span> <span class='ocrx_word' id='word_1_87' title='bbox 821 1153 1048 1193; x_wconf 83' lang='lat' dir='ltr'>Chalcidius</span> <span class='ocrx_word' id='word_1_88' title='bbox 1094 1154 1319 1204; x_wconf 84' lang='lat' dir='ltr'>dedicavit,</span> <span class='ocrx_word' id='word_1_89' title='bbox 1356 1168 1433 1194; x_wconf 88' lang='lat' dir='ltr'>non</span> 
     </span>
     <span class='ocr_line' id='line_1_16' title="bbox 477 1216 1214 1267; baseline 0.001 -12"><span class='ocrx_word' id='word_1_90' title='bbox 477 1217 589 1267; x_wconf 79' lang='lat' dir='ltr'>plane.</span> <span class='ocrx_word' id='word_1_91' title='bbox 619 1216 864 1266; x_wconf 77' lang='lat' dir='ltr'>exploratum</span> <span class='ocrx_word' id='word_1_92' title='bbox 898 1227 987 1255; x_wconf 84' lang='lat' dir='ltr'>esse</span> <span class='ocrx_word' id='word_1_93' title='bbox 1018 1219 1214 1256; x_wconf 84' lang='lat' dir='ltr'>existimo.</span> 
     </span>
    </p>

    <p class='ocr_par' dir='ltr' id='par_1_4' title="bbox 475 1276 1432 1765">
     <span class='ocr_line' id='line_1_17' title="bbox 528 1276 1431 1331; baseline 0.003 -15"><span class='ocrx_word' id='word_1_94' title='bbox 528 1276 795 1317; x_wconf 71' lang='lat' dir='ltr'>OSMUNDUS</span> <span class='ocrx_word' id='word_1_95' title='bbox 825 1278 1090 1318; x_wconf 84' lang='lat' dir='ltr'>Astoricensis</span> <span class='ocrx_word' id='word_1_96' title='bbox 1112 1311 1122 1327; x_wconf 82' lang='lat'><em>‚</em></span> <span class='ocrx_word' id='word_1_97' title='bbox 1168 1280 1365 1331; x_wconf 70' lang='lat' dir='ltr'>(Astorqa</span> <span class='ocrx_word' id='word_1_98' title='bbox 1396 1283 1431 1319; x_wconf 91' lang='lat' dir='ltr'>in</span> 
     </span>
     <span class='ocr_line' id='line_1_18' title="bbox 477 1341 1432 1393; baseline 0.003 -15"><span class='ocrx_word' id='word_1_99' title='bbox 477 1352 594 1391; x_wconf 69' lang='lat' dir='ltr'>regno</span> <span class='ocrx_word' id='word_1_100' title='bbox 639 1341 820 1391; x_wconf 84' lang='lat' dir='ltr'>Legionis</span> <span class='ocrx_word' id='word_1_101' title='bbox 850 1341 1034 1391; x_wconf 77' lang='lat' dir='ltr'>Hispan.)</span> <span class='ocrx_word' id='word_1_102' title='bbox 1065 1343 1287 1393; x_wconf 82' lang='lat' dir='ltr'>Episcopus</span> <span class='ocrx_word' id='word_1_103' title='bbox 1330 1345 1432 1382; x_wconf 86' lang='lat' dir='ltr'>circa</span> 
     </span>
     <span class='ocr_line' id='line_1_19' title="bbox 476 1403 1432 1454; baseline 0.001 -11"><span class='ocrx_word' id='word_1_104' title='bbox 476 1407 520 1443; x_wconf 83' lang='lat' dir='ltr'>A.</span> <span class='ocrx_word' id='word_1_105' title='bbox 554 1404 667 1442; x_wconf 67' lang='lat'>4059.</span> <span class='ocrx_word' id='word_1_106' title='bbox 696 1405 852 1453; x_wconf 87' lang='lat' dir='ltr'>scripsit</span> <span class='ocrx_word' id='word_1_107' title='bbox 896 1403 1108 1454; x_wconf 82' lang='lat' dir='ltr'>Epistolam</span> <span class='ocrx_word' id='word_1_108' title='bbox 1138 1405 1186 1443; x_wconf 86' lang='lat' dir='ltr'>ad</span> <span class='ocrx_word' id='word_1_109' title='bbox 1216 1405 1322 1443; x_wconf 88' lang='lat' dir='ltr'>ldam</span> <span class='ocrx_word' id='word_1_110' title='bbox 1355 1406 1432 1444; x_wconf 86' lang='lat' dir='ltr'>Eu·</span> 
     </span>
     <span class='ocr_line' id='line_1_20' title="bbox 477 1466 1430 1505; baseline 0 0"><span class='ocrx_word' id='word_1_111' title='bbox 477 1467 614 1505; x_wconf 83' lang='lat' dir='ltr'>stachii</span> <span class='ocrx_word' id='word_1_112' title='bbox 640 1466 802 1505; x_wconf 88' lang='lat' dir='ltr'>Comitis</span> <span class='ocrx_word' id='word_1_113' title='bbox 842 1467 1099 1504; x_wconf 83' lang='lat' dir='ltr'>Bononiensis</span> <span class='ocrx_word' id='word_1_114' title='bbox 1131 1468 1166 1503; x_wconf 89' lang='lat' dir='ltr'>in</span> <span class='ocrx_word' id='word_1_115' title='bbox 1201 1472 1331 1505; x_wconf 86' lang='lat' dir='ltr'>castro</span> <span class='ocrx_word' id='word_1_116' title='bbox 1364 1469 1430 1505; x_wconf 82' lang='lat' dir='ltr'>Le-</span> 
     </span>
     <span class='ocr_line' id='line_1_21' title="bbox 477 1527 1428 1579; baseline -0.001 -10"><span class='ocrx_word' id='word_1_117' title='bbox 477 1531 612 1576; x_wconf 86' lang='lat' dir='ltr'>nensi,</span> <span class='ocrx_word' id='word_1_118' title='bbox 652 1530 737 1579; x_wconf 88' lang='lat' dir='ltr'>pagi</span> <span class='ocrx_word' id='word_1_119' title='bbox 778 1527 1080 1575; x_wconf 80' lang='lat' dir='ltr'>Atrebatensis,</span> <span class='ocrx_word' id='word_1_120' title='bbox 1119 1528 1335 1579; x_wconf 90' lang='lat' dir='ltr'>Conjugem</span> <span class='ocrx_word' id='word_1_121' title='bbox 1381 1530 1428 1568; x_wconf 87' lang='lat' dir='ltr'>de</span> 
     </span>
     <span class='ocr_line' id='line_1_22' title="bbox 476 1589 1428 1642; baseline -0.001 -12"><span class='ocrx_word' id='word_1_122' title='bbox 476 1592 651 1642; x_wconf 85' lang='lat' dir='ltr'>reliquiis</span> <span class='ocrx_word' id='word_1_123' title='bbox 668 1589 894 1640; x_wconf 87' lang='lat' dir='ltr'>capillorum</span> <span class='ocrx_word' id='word_1_124' title='bbox 921 1591 959 1628; x_wconf 88' lang='lat' dir='ltr'>S.</span> <span class='ocrx_word' id='word_1_125' title='bbox 980 1591 1119 1629; x_wconf 85' lang='lat' dir='ltr'>Mariae</span> <span class='ocrx_word' id='word_1_126' title='bbox 1136 1622 1145 1638; x_wconf 90' lang='lat'><em>,</em></span> <span class='ocrx_word' id='word_1_127' title='bbox 1171 1602 1291 1641; x_wconf 89' lang='lat' dir='ltr'>quam</span> <span class='ocrx_word' id='word_1_128' title='bbox 1307 1591 1428 1630; x_wconf 86' lang='lat' dir='ltr'>edidit</span> 
     </span>
     <span class='ocr_line' id='line_1_23' title="bbox 475 1652 1424 1704; baseline -0.001 -11"><span class='ocrx_word' id='word_1_129' title='bbox 475 1654 717 1693; x_wconf 80' lang='lat' dir='ltr'>Mabillonius</span> <span class='ocrx_word' id='word_1_130' title='bbox 739 1652 1075 1690; x_wconf 51' lang='lat' dir='ltr'>tom.1l.Analect.</span> <span class='ocrx_word' id='word_1_131' title='bbox 1097 1664 1182 1704; x_wconf 89' lang='lat' dir='ltr'>pag.</span> <span class='ocrx_word' id='word_1_132' title='bbox 1198 1653 1288 1692; x_wconf 81' lang='grc'><strong>288.</strong></span> <span class='ocrx_word' id='word_1_133' title='bbox 1307 1654 1424 1702; x_wconf 76' lang='lat' dir='ltr'>(edit.</span> 
     </span>
     <span class='ocr_line' id='line_1_24' title="bbox 476 1715 853 1765; baseline -0.008 -11"><span class='ocrx_word' id='word_1_134' title='bbox 476 1728 599 1754; x_wconf 65' lang='lat' dir='ltr'>novae</span> <span class='ocrx_word' id='word_1_135' title='bbox 630 1727 715 1765; x_wconf 76' lang='lat' dir='ltr'>pag.</span> <span class='ocrx_word' id='word_1_136' title='bbox 742 1715 853 1760; x_wconf 82' lang='grc'><strong>434.)</strong></span> 
     </span>
    </p>

    <p class='ocr_par' dir='ltr' id='par_1_5' title="bbox 469 1775 1427 2575">
     <span class='ocr_line' id='line_1_25' title="bbox 525 1775 1424 1827; baseline 0.001 -11"><span class='ocrx_word' id='word_1_137' title='bbox 525 1777 791 1817; x_wconf 69' lang='grc' dir='ltr'>ΟΞΜΕΧΒΗΞ</span> <span class='ocrx_word' id='word_1_138' title='bbox 814 1775 1122 1816; x_wconf 71' lang='lat' dir='ltr'>sarisberiensis</span> <span class='ocrx_word' id='word_1_139' title='bbox 1144 1779 1180 1814; x_wconf 89' lang='lat' dir='ltr'>in</span> <span class='ocrx_word' id='word_1_140' title='bbox 1207 1778 1345 1827; x_wconf 87' lang='lat' dir='ltr'>Anglia</span> <span class='ocrx_word' id='word_1_141' title='bbox 1374 1779 1424 1817; x_wconf 86' lang='grc' dir='ltr'>Ε-</span> 
     </span>
     <span class='ocr_line' id='line_1_26' title="bbox 473 1838 1420 1891; baseline -0.001 -13"><span class='ocrx_word' id='word_1_142' title='bbox 473 1843 657 1891; x_wconf 78' lang='lat' dir='ltr'>piscopus</span> <span class='ocrx_word' id='word_1_143' title='bbox 686 1838 897 1877; x_wconf 80' lang='lat' dir='ltr'>defunctus</span> <span class='ocrx_word' id='word_1_144' title='bbox 927 1840 1027 1876; x_wconf 86' lang='lat' dir='ltr'>circa</span> <span class='ocrx_word' id='word_1_145' title='bbox 1053 1840 1097 1877; x_wconf 89' lang='lat' dir='ltr'>A.</span> <span class='ocrx_word' id='word_1_146' title='bbox 1128 1840 1239 1877; x_wconf 83' lang='grc'><strong>4099.</strong></span> <span class='ocrx_word' id='word_1_147' title='bbox 1270 1838 1306 1877; x_wconf 86' lang='grc'>4.</span> <span class='ocrx_word' id='word_1_148' title='bbox 1332 1841 1420 1878; x_wconf 83' lang='lat' dir='ltr'>Dec.</span> 
     </span>
     <span class='ocr_line' id='line_1_27' title="bbox 473 1901 1424 1952; baseline -0.001 -13"><span class='ocrx_word' id='word_1_149' title='bbox 473 1908 513 1940; x_wconf 77' lang='lat' dir='ltr'>et</span> <span class='ocrx_word' id='word_1_150' title='bbox 541 1905 561 1941; x_wconf 80' lang='lat' dir='ltr'>a</span> <span class='ocrx_word' id='word_1_151' title='bbox 592 1901 751 1940; x_wconf 79' lang='lat' dir='ltr'>Callisto</span> <span class='ocrx_word' id='word_1_152' title='bbox 781 1901 843 1939; x_wconf 85' lang='grc' dir='ltr'><strong>ΙΙΙ.</strong></span> <span class='ocrx_word' id='word_1_153' title='bbox 871 1902 1027 1939; x_wconf 86' lang='lat' dir='ltr'>Sanctis</span> <span class='ocrx_word' id='word_1_154' title='bbox 1053 1901 1277 1952; x_wconf 87' lang='lat' dir='ltr'>adscriptus</span> <span class='ocrx_word' id='word_1_155' title='bbox 1295 1933 1303 1949; x_wconf 76' lang='lat'>,</span> <span class='ocrx_word' id='word_1_156' title='bbox 1329 1903 1424 1940; x_wconf 89' lang='lat' dir='ltr'>scri-</span> 
     </span>
     <span class='ocr_line' id='line_1_28' title="bbox 474 1961 1423 2015; baseline 0 -13"><span class='ocrx_word' id='word_1_157' title='bbox 474 1970 561 2015; x_wconf 85' lang='lat' dir='ltr'>ptor</span> <span class='ocrx_word' id='word_1_158' title='bbox 576 1963 679 2002; x_wconf 83' lang='lat' dir='ltr'>vitae</span> <span class='ocrx_word' id='word_1_159' title='bbox 695 1963 732 2002; x_wconf 85' lang='lat' dir='ltr'>S.</span> <span class='ocrx_word' id='word_1_160' title='bbox 751 1961 935 2001; x_wconf 73' lang='lat' dir='ltr'>Althelmz·</span> <span class='ocrx_word' id='word_1_161' title='bbox 947 1963 1423 2015; x_wconf 77' lang='lat' dir='ltr'>siveAldlzelmiEpiscopi</span> 
     </span>
     <span class='ocr_line' id='line_1_29' title="bbox 474 2026 1422 2075; baseline 0 -10"><span class='ocrx_word' id='word_1_162' title='bbox 474 2026 800 2065; x_wconf 74' lang='lat' dir='ltr'>Shireburnensis</span> <span class='ocrx_word' id='word_1_163' title='bbox 828 2027 893 2075; x_wconf 92' lang='lat' dir='ltr'>qui</span> <span class='ocrx_word' id='word_1_164' title='bbox 930 2026 1043 2064; x_wconf 86' lang='lat' dir='ltr'>Anno</span> <span class='ocrx_word' id='word_1_165' title='bbox 1067 2027 1154 2064; x_wconf 89' lang='lat'>709.</span> <span class='ocrx_word' id='word_1_166' title='bbox 1185 2027 1290 2065; x_wconf 88' lang='lat' dir='ltr'>obiit.</span> <span class='ocrx_word' id='word_1_167' title='bbox 1323 2028 1422 2066; x_wconf 82' lang='lat' dir='ltr'>llaec</span> 
     </span>
     <span class='ocr_line' id='line_1_30' title="bbox 475 2087 1427 2133; baseline 0.001 -6"><span class='ocrx_word' id='word_1_168' title='bbox 475 2088 648 2127; x_wconf 89' lang='lat' dir='ltr'>nondum</span> <span class='ocrx_word' id='word_1_169' title='bbox 671 2087 800 2133; x_wconf 76' lang='lat' dir='ltr'>edita⁷</span> <span class='ocrx_word' id='word_1_170' title='bbox 823 2087 913 2125; x_wconf 90' lang='lat' dir='ltr'>licet</span> <span class='ocrx_word' id='word_1_171' title='bbox 933 2088 1047 2126; x_wconf 87' lang='lat' dir='ltr'>aliam</span> <span class='ocrx_word' id='word_1_172' title='bbox 1071 2088 1317 2127; x_wconf 68' lang='lat' dir='ltr'>aWilhelmo</span> <span class='ocrx_word' id='word_1_173' title='bbox 1338 2090 1427 2127; x_wconf 85' lang='lat' dir='ltr'>Mal-</span> 
     </span>
     <span class='ocr_line' id='line_1_31' title="bbox 475 2151 1423 2201; baseline -0.001 -11"><span class='ocrx_word' id='word_1_174' title='bbox 475 2151 758 2197; x_wconf 85' lang='lat' dir='ltr'>mesburiensi‚</span> <span class='ocrx_word' id='word_1_175' title='bbox 789 2151 962 2200; x_wconf 75' lang='lat' dir='ltr'>itemque</span> <span class='ocrx_word' id='word_1_176' title='bbox 987 2151 1101 2189; x_wconf 89' lang='lat' dir='ltr'>aliam</span> <span class='ocrx_word' id='word_1_177' title='bbox 1127 2151 1352 2201; x_wconf 88' lang='lat' dir='ltr'>Anonymi,</span> <span class='ocrx_word' id='word_1_178' title='bbox 1387 2153 1423 2189; x_wconf 90' lang='lat' dir='ltr'>in</span> 
     </span>
     <span class='ocr_line' id='line_1_32' title="bbox 474 2211 1425 2264; baseline -0.001 -12"><span class='ocrx_word' id='word_1_179' title='bbox 474 2225 551 2264; x_wconf 87' lang='lat' dir='ltr'>qua</span> <span class='ocrx_word' id='word_1_180' title='bbox 587 2211 779 2250; x_wconf 91' lang='lat' dir='ltr'>Osmundi</span> <span class='ocrx_word' id='word_1_181' title='bbox 817 2223 903 2262; x_wconf 87' lang='lat' dir='ltr'>pag.</span> <span class='ocrx_word' id='word_1_182' title='bbox 942 2213 1002 2250; x_wconf 85' lang='lat'>93.</span> <span class='ocrx_word' id='word_1_183' title='bbox 1044 2215 1214 2259; x_wconf 87' lang='lat' dir='ltr'>mentio,</span> <span class='ocrx_word' id='word_1_184' title='bbox 1247 2214 1425 2264; x_wconf 88' lang='lat' dir='ltr'>vulgavit</span> 
     </span>
     <span class='ocr_line' id='line_1_33' title="bbox 476 2274 1421 2325; baseline 0.001 -12"><span class='ocrx_word' id='word_1_185' title='bbox 476 2274 753 2314; x_wconf 85' lang='lat' dir='ltr'>Henschenius</span> <span class='ocrx_word' id='word_1_186' title='bbox 796 2277 889 2311; x_wconf 87' lang='lat' dir='ltr'>tom.</span> <span class='ocrx_word' id='word_1_187' title='bbox 917 2274 976 2312; x_wconf 90' lang='lat' dir='ltr'>Vl.</span> <span class='ocrx_word' id='word_1_188' title='bbox 1013 2274 1099 2313; x_wconf 86' lang='lat' dir='ltr'>Act.</span> <span class='ocrx_word' id='word_1_189' title='bbox 1130 2275 1310 2314; x_wconf 85' lang='lat' dir='ltr'>Sanctor.</span> <span class='ocrx_word' id='word_1_190' title='bbox 1334 2275 1421 2325; x_wconf 87' lang='lat' dir='ltr'>Maji</span> 
     </span>
     <span class='ocr_line' id='line_1_34' title="bbox 474 2334 1426 2387; baseline 0 -11"><span class='ocrx_word' id='word_1_191' title='bbox 474 2339 537 2377; x_wconf 79' lang='grc'>25.</span> <span class='ocrx_word' id='word_1_192' title='bbox 563 2348 647 2387; x_wconf 84' lang='lat' dir='ltr'>pag.</span> <span class='ocrx_word' id='word_1_193' title='bbox 668 2336 730 2374; x_wconf 87' lang='lat'>79.</span> <span class='ocrx_word' id='word_1_194' title='bbox 751 2334 814 2373; x_wconf 79' lang='grc'>84.</span> <span class='ocrx_word' id='word_1_195' title='bbox 839 2336 946 2375; x_wconf 87' lang='lat' dir='ltr'>Idem</span> <span class='ocrx_word' id='word_1_196' title='bbox 972 2336 1203 2376; x_wconf 89' lang='lat' dir='ltr'>Osmundus</span> <span class='ocrx_word' id='word_1_197' title='bbox 1226 2339 1426 2376; x_wconf 67' lang='lat' dir='ltr'>Horaro‘as</span> 
     </span>
     <span class='ocr_line' id='line_1_35' title="bbox 469 2398 1425 2452; baseline 0.001 -14"><span class='ocrx_word' id='word_1_198' title='bbox 469 2410 609 2452; x_wconf 79' lang='lat' dir='ltr'>preces</span> <span class='ocrx_word' id='word_1_199' title='bbox 648 2402 684 2436; x_wconf 82' lang='lat' dir='ltr'>et</span> <span class='ocrx_word' id='word_1_200' title='bbox 719 2398 905 2437; x_wconf 76' lang='lat' dir='ltr'>Divinum</span> <span class='ocrx_word' id='word_1_201' title='bbox 937 2398 1114 2452; x_wconf 82' lang='lat' dir='ltr'>Officium</span> <span class='ocrx_word' id='word_1_202' title='bbox 1145 2412 1213 2450; x_wconf 90' lang='lat' dir='ltr'>per</span> <span class='ocrx_word' id='word_1_203' title='bbox 1255 2401 1425 2439; x_wconf 88' lang='lat' dir='ltr'>multum</span> 
     </span>
     <span class='ocr_line' id='line_1_36' title="bbox 472 2462 1423 2513; baseline 0.001 -13"><span class='ocrx_word' id='word_1_204' title='bbox 472 2464 661 2512; x_wconf 85' lang='lat' dir='ltr'>temporis</span> <span class='ocrx_word' id='word_1_205' title='bbox 682 2464 718 2499; x_wconf 93' lang='lat' dir='ltr'>in</span> <span class='ocrx_word' id='word_1_206' title='bbox 736 2462 872 2511; x_wconf 85' lang='lat' dir='ltr'>Anglia</span> <span class='ocrx_word' id='word_1_207' title='bbox 895 2462 1190 2512; x_wconf 84' lang='lat' dir='ltr'>frequentatum</span> <span class='ocrx_word' id='word_1_208' title='bbox 1210 2462 1423 2513; x_wconf 77' lang='lat' dir='ltr'>digessisse</span> 
     </span>
     <span class='ocr_line' id='line_1_37' title="bbox 475 2524 1266 2575; baseline 0 -12"><span class='ocrx_word' id='word_1_209' title='bbox 475 2526 653 2565; x_wconf 81' lang='lat' dir='ltr'>traditur.</span> <span class='ocrx_word' id='word_1_210' title='bbox 677 2524 772 2562; x_wconf 86' lang='lat' dir='ltr'>Vide</span> <span class='ocrx_word' id='word_1_211' title='bbox 797 2525 979 2563; x_wconf 89' lang='lat' dir='ltr'>Vossium</span> <span class='ocrx_word' id='word_1_212' title='bbox 1005 2536 1040 2574; x_wconf 89' lang='lat' dir='ltr'>p·</span> <span class='ocrx_word' id='word_1_213' title='bbox 1063 2525 1150 2563; x_wconf 89' lang='lat'>379.</span> <span class='ocrx_word' id='word_1_214' title='bbox 1183 2536 1266 2575; x_wconf 91' lang='lat' dir='ltr'>seq.</span> 
     </span>
    </p>

    <p class='ocr_par' dir='ltr' id='par_1_6' title="bbox 474 2586 1225 2700">
     <span class='ocr_line' id='line_1_38' title="bbox 524 2586 1225 2628; baseline -0.004 0"><span class='ocrx_word' id='word_1_215' title='bbox 524 2586 922 2628; x_wconf 76' lang='lat' dir='ltr'>OSNABRUGENSE</span> <span class='ocrx_word' id='word_1_216' title='bbox 973 2587 1225 2625; x_wconf 84' lang='lat' dir='ltr'>Chronicon:</span> 
     </span>
     <span class='ocr_line' id='line_1_39' title="bbox 474 2649 1030 2700; baseline -0.002 -12"><span class='ocrx_word' id='word_1_217' title='bbox 474 2649 690 2690; x_wconf 80' lang='lat' dir='ltr'>Erdwinus</span> <span class='ocrx_word' id='word_1_218' title='bbox 716 2655 742 2687; x_wconf 90' lang='lat' dir='ltr'>t.</span> <span class='ocrx_word' id='word_1_219' title='bbox 769 2649 806 2687; x_wconf 94' lang='grc'>2.</span> <span class='ocrx_word' id='word_1_220' title='bbox 832 2660 915 2700; x_wconf 88' lang='lat' dir='ltr'>pag.</span> <span class='ocrx_word' id='word_1_221' title='bbox 940 2650 1030 2688; x_wconf 79' lang='grc'><strong>546.</strong></span> 
     </span>
    </p>

    <p class='ocr_par' dir='ltr' id='par_1_7' title="bbox 475 2710 1423 2826">
     <span class='ocr_line' id='line_1_40' title="bbox 526 2710 1423 2762; baseline -0.002 -10"><span class='ocrx_word' id='word_1_222' title='bbox 526 2710 783 2752; x_wconf 71' lang='lat' dir='ltr'>OSTIENSIS</span> <span class='ocrx_word' id='word_1_223' title='bbox 813 2711 1004 2759; x_wconf 82' lang='lat' dir='ltr'>Summa,</span> <span class='ocrx_word' id='word_1_224' title='bbox 1030 2722 1148 2762; x_wconf 89' lang='lat' dir='ltr'>supra</span> <span class='ocrx_word' id='word_1_225' title='bbox 1175 2712 1423 2752; x_wconf 68' lang='lat' dir='ltr'>HENRICUS</span> 
     </span>
     <span class='ocr_line' id='line_1_41' title="bbox 475 2776 704 2826; baseline -0.013 -11"><span class='ocrx_word' id='word_1_226' title='bbox 475 2779 494 2815; x_wconf 83' lang='lat' dir='ltr'>a</span> <span class='ocrx_word' id='word_1_227' title='bbox 526 2776 704 2826; x_wconf 80' lang='lat' dir='ltr'>Segusio.</span> 
     </span>
    </p>

    <p class='ocr_par' dir='ltr' id='par_1_8' title="bbox 470 2833 1419 3136">
     <span class='ocr_line' id='line_1_42' title="bbox 524 2833 1419 2888; baseline -0.003 -12"><span class='ocrx_word' id='word_1_228' title='bbox 524 2835 869 2882; x_wconf 83' lang='lat' dir='ltr'><strong>OSTOPHORUS,</strong></span> <span class='ocrx_word' id='word_1_229' title='bbox 903 2833 1109 2886; x_wconf 84' lang='lat' dir='ltr'>Ostforus,</span> <span class='ocrx_word' id='word_1_230' title='bbox 1142 2835 1419 2888; x_wconf 79' lang='lat' dir='ltr'>Ostfertus,ex</span> 
     </span>
     <span class='ocr_line' id='line_1_43' title="bbox 470 2898 1418 2947; baseline -0.006 -7"><span class='ocrx_word' id='word_1_231' title='bbox 470 2899 658 2940; x_wconf 79' lang='lat' dir='ltr'>Monacho</span> <span class='ocrx_word' id='word_1_232' title='bbox 688 2898 874 2937; x_wconf 86' lang='lat' dir='ltr'>Pharensi</span> <span class='ocrx_word' id='word_1_233' title='bbox 904 2898 1127 2947; x_wconf 90' lang='lat' dir='ltr'>Episcopus</span> <span class='ocrx_word' id='word_1_234' title='bbox 1151 2898 1418 2947; x_wconf 81' lang='lat' dir='ltr'>vigorniensis</span> 
     </span>
     <span class='ocr_line' id='line_1_44' title="bbox 471 2958 1417 3008; baseline -0.006 -7"><span class='ocrx_word' id='word_1_235' title='bbox 471 2963 683 3001; x_wconf 80' lang='lat' dir='ltr'>defunctus</span> <span class='ocrx_word' id='word_1_236' title='bbox 711 2959 755 2999; x_wconf 91' lang='lat' dir='ltr'>A.</span> <span class='ocrx_word' id='word_1_237' title='bbox 792 2960 882 2997; x_wconf 95' lang='grc'><strong>704.</strong></span> <span class='ocrx_word' id='word_1_238' title='bbox 920 2958 967 2997; x_wconf 88' lang='lat' dir='ltr'>de</span> <span class='ocrx_word' id='word_1_239' title='bbox 996 2970 1073 3008; x_wconf 83' lang='lat' dir='ltr'>quo</span> <span class='ocrx_word' id='word_1_240' title='bbox 1114 2958 1309 2997; x_wconf 90' lang='lat' dir='ltr'>Lelandus</span> <span class='ocrx_word' id='word_1_241' title='bbox 1332 2969 1417 3008; x_wconf 90' lang='lat' dir='ltr'>cap.</span> 
     </span>
     <span class='ocr_line' id='line_1_45' title="bbox 473 3021 1414 3070; baseline -0.006 -7"><span class='ocrx_word' id='word_1_242' title='bbox 473 3025 534 3063; x_wconf 91' lang='grc'>67.</span> <span class='ocrx_word' id='word_1_243' title='bbox 558 3024 700 3063; x_wconf 82' lang='lat' dir='ltr'>Baleus</span> <span class='ocrx_word' id='word_1_244' title='bbox 724 3022 750 3060; x_wconf 93' lang='lat'>1.</span> <span class='ocrx_word' id='word_1_245' title='bbox 778 3022 840 3060; x_wconf 78' lang='lat'>85.</span> <span class='ocrx_word' id='word_1_246' title='bbox 865 3025 906 3060; x_wconf 88' lang='lat' dir='ltr'>et</span> <span class='ocrx_word' id='word_1_247' title='bbox 935 3022 1091 3060; x_wconf 88' lang='lat' dir='ltr'>Pitseus</span> <span class='ocrx_word' id='word_1_248' title='bbox 1121 3032 1205 3070; x_wconf 89' lang='lat' dir='ltr'>pag.</span> <span class='ocrx_word' id='word_1_249' title='bbox 1232 3022 1320 3059; x_wconf 74' lang='grc'><strong>445.</strong></span> <span class='ocrx_word' id='word_1_250' title='bbox 1350 3021 1414 3070; x_wconf 87' lang='lat' dir='ltr'>qui</span> 
     </span>
     <span class='ocr_line' id='line_1_46' title="bbox 472 3082 1415 3136; baseline -0.005 -13"><span class='ocrx_word' id='word_1_251' title='bbox 472 3082 1415 3136; x_wconf 83' lang='lat' dir='ltr'>homiliasejussednunquameditasmemorant.</span> 
     </span>
    </p>

    <p class='ocr_par' dir='ltr' id='par_1_9' title="bbox 475 3144 1417 3255">
     <span class='ocr_line' id='line_1_47' title="bbox 527 3144 1417 3196; baseline -0.002 -14"><span class='ocrx_word' id='word_1_252' title='bbox 527 3147 694 3184; x_wconf 83' lang='lat' dir='ltr'>Jocmnes</span> <span class='ocrx_word' id='word_1_253' title='bbox 718 3144 1058 3184; x_wconf 79' lang='lat' dir='ltr'>OSTROVODUS.</span> <span class='ocrx_word' id='word_1_254' title='bbox 1087 3145 1212 3196; x_wconf 87' lang='lat' dir='ltr'>Supra</span> <span class='ocrx_word' id='word_1_255' title='bbox 1237 3148 1331 3183; x_wconf 87' lang='lat' dir='ltr'>tom.</span> <span class='ocrx_word' id='word_1_256' title='bbox 1358 3144 1417 3182; x_wconf 75' lang='lat' dir='ltr'>lv.</span> 
     </span>
     <span class='ocr_line' id='line_1_48' title="bbox 475 3208 670 3255; baseline 0 -12"><span class='ocrx_word' id='word_1_257' title='bbox 475 3217 558 3255; x_wconf 67' lang='lat' dir='ltr'>pag.</span> <span class='ocrx_word' id='word_1_258' title='bbox 585 3208 670 3245; x_wconf 77' lang='lat'>395.</span> 
     </span>
    </p>

    <p class='ocr_par' dir='ltr' id='par_1_10' title="bbox 474 3267 1420 3439">
     <span class='ocr_line' id='line_1_49' title="bbox 526 3267 1420 3321; baseline 0.001 -17"><span class='ocrx_word' id='word_1_259' title='bbox 526 3267 1001 3321; x_wconf 82' lang='lat' dir='ltr'>OSWALDUSAnglicus</span> <span class='ocrx_word' id='word_1_260' title='bbox 1012 3270 1117 3308; x_wconf 84' lang='lat' dir='ltr'>Prior</span> <span class='ocrx_word' id='word_1_261' title='bbox 1132 3268 1420 3308; x_wconf 85' lang='lat' dir='ltr'>Carthusianus</span> 
     </span>
     <span class='ocr_line' id='line_1_50' title="bbox 474 3328 1420 3376; baseline 0.001 -9"><span class='ocrx_word' id='word_1_262' title='bbox 474 3330 575 3367; x_wconf 85' lang='lat' dir='ltr'>circa</span> <span class='ocrx_word' id='word_1_263' title='bbox 608 3328 649 3366; x_wconf 83' lang='lat' dir='ltr'>A.</span> <span class='ocrx_word' id='word_1_264' title='bbox 690 3329 801 3367; x_wconf 81' lang='grc'><strong>4450.</strong></span> <span class='ocrx_word' id='word_1_265' title='bbox 832 3334 983 3370; x_wconf 89' lang='lat' dir='ltr'>amicus</span> <span class='ocrx_word' id='word_1_266' title='bbox 1006 3333 1169 3370; x_wconf 86' lang='lat' dir='ltr'>Joannis</span> <span class='ocrx_word' id='word_1_267' title='bbox 1207 3330 1420 3376; x_wconf 85' lang='lat' dir='ltr'>Gersonis,</span> 
     </span>
     <span class='ocr_line' id='line_1_51' title="bbox 476 3389 1415 3439; baseline 0.003 -11"><span class='ocrx_word' id='word_1_268' title='bbox 476 3389 590 3439; x_wconf 65' lang='lat' dir='ltr'>cujus</span> <span class='ocrx_word' id='word_1_269' title='bbox 613 3395 647 3428; x_wconf 71' lang='lat' dir='ltr'>et</span> <span class='ocrx_word' id='word_1_270' title='bbox 678 3392 861 3429; x_wconf 81' lang='lat' dir='ltr'>nonnulla</span> <span class='ocrx_word' id='word_1_271' title='bbox 887 3405 930 3429; x_wconf 75' lang='lat' dir='ltr'>ex</span> <span class='ocrx_word' id='word_1_272' title='bbox 958 3394 1103 3432; x_wconf 84' lang='lat' dir='ltr'>Gallico</span> <span class='ocrx_word' id='word_1_273' title='bbox 1129 3395 1248 3432; x_wconf 90' lang='lat' dir='ltr'>vertit</span> <span class='ocrx_word' id='word_1_274' title='bbox 1271 3395 1415 3433; x_wconf 88' lang='lat' dir='ltr'>Latine.</span> 
     </span>
    </p>
   </div>
   <div class='ocr_carea' id='block_1_4' title="bbox 1278 2598 1423 2638">
    <p class='ocr_par' dir='ltr' id='par_1_11' title="bbox 1278 2598 1423 2638">
     <span class='ocr_line' id='line_1_52' title="bbox 1278 2598 1423 2638; baseline 0 -12"><span class='ocrx_word' id='word_1_275' title='bbox 1278 2598 1396 2638; x_wconf 86' lang='lat' dir='ltr'>supra</span> <span class='ocrx_word' id='word_1_276' title='bbox 1416 2617 1423 2636; x_wconf 82' lang='lat'>,</span> 
     </span>
    </p>
   </div>
   <div class='ocr_carea' id='block_1_5' title="bbox 1267 278 1667 319">
    <p class='ocr_par' dir='ltr' id='par_1_12' title="bbox 1267 278 1667 319">
     <span class='ocr_line' id='line_1_53' title="bbox 1267 278 1667 319; baseline -0.003 -2"><span class='ocrx_word' id='word_1_277' title='bbox 1267 278 1667 319; x_wconf 73' lang='lat' dir='ltr'>OSMUNDL&#39;S</span> 
     </span>
    </p>
   </div>
   <div class='ocr_carea' id='block_1_6' title="bbox 1498 350 2465 2262">
    <p class='ocr_par' dir='ltr' id='par_1_13' title="bbox 1504 350 2462 770">
     <span class='ocr_line' id='line_1_54' title="bbox 1506 350 2458 402; baseline 0.003 -14"><span class='ocrx_word' id='word_1_278' title='bbox 1506 351 1593 399; x_wconf 75' lang='lat' dir='ltr'>lpse</span> <span class='ocrx_word' id='word_1_279' title='bbox 1623 351 1644 388; x_wconf 77' lang='lat' dir='ltr'>a</span> <span class='ocrx_word' id='word_1_280' title='bbox 1674 350 1789 388; x_wconf 88' lang='lat' dir='ltr'>Baleo</span> <span class='ocrx_word' id='word_1_281' title='bbox 1827 351 1924 389; x_wconf 88' lang='lat' dir='ltr'>Vlll.</span> <span class='ocrx_word' id='word_1_282' title='bbox 1953 352 2012 390; x_wconf 87' lang='grc'>46.</span> <span class='ocrx_word' id='word_1_283' title='bbox 2050 352 2257 402; x_wconf 84' lang='lat' dir='ltr'>scripsisse</span> <span class='ocrx_word' id='word_1_284' title='bbox 2290 352 2458 393; x_wconf 86' lang='lat' dir='ltr'>traditur</span> 
     </span>
     <span class='ocr_line' id='line_1_55' title="bbox 1506 411 2460 461; baseline 0.004 -13"><span class='ocrx_word' id='word_1_285' title='bbox 1506 415 1664 461; x_wconf 86' lang='lat' dir='ltr'>praeter</span> <span class='ocrx_word' id='word_1_286' title='bbox 1680 411 1879 461; x_wconf 88' lang='lat' dir='ltr'>Epistolas</span> <span class='ocrx_word' id='word_1_287' title='bbox 1903 418 1987 452; x_wconf 84' lang='lat' dir='ltr'>tum</span> <span class='ocrx_word' id='word_1_288' title='bbox 2009 413 2057 452; x_wconf 86' lang='lat' dir='ltr'>ad</span> <span class='ocrx_word' id='word_1_289' title='bbox 2082 413 2178 452; x_wconf 87' lang='lat' dir='ltr'>alios</span> <span class='ocrx_word' id='word_1_290' title='bbox 2196 417 2281 452; x_wconf 88' lang='lat' dir='ltr'>tum</span> <span class='ocrx_word' id='word_1_291' title='bbox 2306 412 2353 453; x_wconf 89' lang='lat' dir='ltr'>ad</span> <span class='ocrx_word' id='word_1_292' title='bbox 2376 413 2460 452; x_wconf 83' lang='lat' dir='ltr'>lau-</span> 
     </span>
     <span class='ocr_line' id='line_1_56' title="bbox 1504 472 2459 521; baseline 0.004 -11"><span class='ocrx_word' id='word_1_293' title='bbox 1504 472 1643 510; x_wconf 89' lang='lat' dir='ltr'>datum</span> <span class='ocrx_word' id='word_1_294' title='bbox 1701 472 1940 521; x_wconf 83' lang='lat' dir='ltr'>Gersonem,</span> <span class='ocrx_word' id='word_1_295' title='bbox 1968 475 2238 514; x_wconf 77' lang='lat' dir='ltr'>meditationes</span> <span class='ocrx_word' id='word_1_296' title='bbox 2267 475 2459 514; x_wconf 88' lang='lat' dir='ltr'>solitarias</span> 
     </span>
     <span class='ocr_line' id='line_1_57' title="bbox 1504 529 2460 576; baseline 0.005 -5"><span class='ocrx_word' id='word_1_297' title='bbox 1504 529 1545 572; x_wconf 83' lang='lat' dir='ltr'>e&#39;t</span> <span class='ocrx_word' id='word_1_298' title='bbox 1585 534 1725 573; x_wconf 90' lang='lat' dir='ltr'>librum</span> <span class='ocrx_word' id='word_1_299' title='bbox 1757 533 1805 572; x_wconf 89' lang='lat' dir='ltr'>de</span> <span class='ocrx_word' id='word_1_300' title='bbox 1831 534 2014 573; x_wconf 85' lang='lat' dir='ltr'>remediis</span> <span class='ocrx_word' id='word_1_301' title='bbox 2043 537 2316 575; x_wconf 87' lang='lat' dir='ltr'>tentationum.</span> <span class='ocrx_word' id='word_1_302' title='bbox 2346 538 2460 576; x_wconf 85' lang='lat' dir='ltr'>Hisce</span> 
     </span>
     <span class='ocr_line' id='line_1_58' title="bbox 1506 595 2462 648; baseline 0.004 -14"><span class='ocrx_word' id='word_1_303' title='bbox 1506 597 1662 634; x_wconf 87' lang='lat' dir='ltr'>Pitseus</span> <span class='ocrx_word' id='word_1_304' title='bbox 1699 607 1783 646; x_wconf 87' lang='lat' dir='ltr'>pag.</span> <span class='ocrx_word' id='word_1_305' title='bbox 1824 595 1914 634; x_wconf 82' lang='grc'><strong>644.</strong></span> <span class='ocrx_word' id='word_1_306' title='bbox 1943 595 2051 634; x_wconf 86' lang='lat' dir='ltr'>addit</span> <span class='ocrx_word' id='word_1_307' title='bbox 2085 599 2357 648; x_wconf 81' lang='lat' dir='ltr'>Portiforium,</span> <span class='ocrx_word' id='word_1_308' title='bbox 2394 610 2462 637; x_wconf 91' lang='lat' dir='ltr'>no-</span> 
     </span>
     <span class='ocr_line' id='line_1_59' title="bbox 1505 658 2462 708; baseline 0.004 -13"><span class='ocrx_word' id='word_1_309' title='bbox 1505 663 1644 708; x_wconf 84' lang='lat' dir='ltr'>tatque</span> <span class='ocrx_word' id='word_1_310' title='bbox 1660 658 1803 696; x_wconf 89' lang='lat' dir='ltr'>librum</span> <span class='ocrx_word' id='word_1_311' title='bbox 1823 658 1931 696; x_wconf 89' lang='lat' dir='ltr'>illum</span> <span class='ocrx_word' id='word_1_312' title='bbox 1945 659 2137 698; x_wconf 87' lang='lat' dir='ltr'>Manuscr.</span> <span class='ocrx_word' id='word_1_313' title='bbox 2151 662 2300 700; x_wconf 86' lang='lat' dir='ltr'>servari</span> <span class='ocrx_word' id='word_1_314' title='bbox 2318 660 2462 700; x_wconf 86' lang='lat' dir='ltr'>Canta-</span> 
     </span>
     <span class='ocr_line' id='line_1_60' title="bbox 1504 720 2211 770; baseline 0.003 -13"><span class='ocrx_word' id='word_1_315' title='bbox 1504 720 1649 770; x_wconf 85' lang='lat' dir='ltr'>brigiae</span> <span class='ocrx_word' id='word_1_316' title='bbox 1676 721 1713 757; x_wconf 91' lang='lat' dir='ltr'>in</span> <span class='ocrx_word' id='word_1_317' title='bbox 1744 720 1914 770; x_wconf 81' lang='lat' dir='ltr'>Collegio</span> <span class='ocrx_word' id='word_1_318' title='bbox 1939 720 1978 758; x_wconf 88' lang='lat' dir='ltr'>S.</span> <span class='ocrx_word' id='word_1_319' title='bbox 1999 720 2211 760; x_wconf 87' lang='lat' dir='ltr'>Benedicti.</span> 
     </span>
    </p>

    <p class='ocr_par' dir='ltr' id='par_1_14' title="bbox 1506 780 2465 1452">
     <span class='ocr_line' id='line_1_61' title="bbox 1554 780 2462 833; baseline 0.003 -13"><span class='ocrx_word' id='word_1_320' title='bbox 1554 782 1806 821; x_wconf 84' lang='lat' dir='ltr'>OWALDUS</span> <span class='ocrx_word' id='word_1_321' title='bbox 1833 780 2005 820; x_wconf 83' lang='lat' dir='ltr'>Odonius</span> <span class='ocrx_word' id='word_1_322' title='bbox 2021 812 2032 829; x_wconf 81' lang='lat'><em>‚</em></span> <span class='ocrx_word' id='word_1_323' title='bbox 2057 781 2235 833; x_wconf 87' lang='lat' dir='ltr'>Anglus,</span> <span class='ocrx_word' id='word_1_324' title='bbox 2259 795 2308 822; x_wconf 81' lang='lat' dir='ltr'>ex</span> <span class='ocrx_word' id='word_1_325' title='bbox 2328 795 2462 823; x_wconf 89' lang='lat' dir='ltr'>mona-</span> 
     </span>
     <span class='ocr_line' id='line_1_62' title="bbox 1506 842 2462 895; baseline 0.002 -13"><span class='ocrx_word' id='word_1_326' title='bbox 1506 844 1579 882; x_wconf 84' lang='lat' dir='ltr'>cho</span> <span class='ocrx_word' id='word_1_327' title='bbox 1609 844 1848 882; x_wconf 89' lang='lat' dir='ltr'>Floriacensi</span> <span class='ocrx_word' id='word_1_328' title='bbox 1873 842 1964 882; x_wconf 93' lang='lat' dir='ltr'>Ord.</span> <span class='ocrx_word' id='word_1_329' title='bbox 2000 842 2141 881; x_wconf 87' lang='lat' dir='ltr'>Bened.</span> <span class='ocrx_word' id='word_1_330' title='bbox 2169 844 2386 895; x_wconf 89' lang='lat' dir='ltr'>Episcopus</span> <span class='ocrx_word' id='word_1_331' title='bbox 2414 846 2462 884; x_wconf 87' lang='lat' dir='ltr'>ab</span> 
     </span>
     <span class='ocr_line' id='line_1_63' title="bbox 1507 904 2464 955; baseline 0.001 -11"><span class='ocrx_word' id='word_1_332' title='bbox 1507 907 1554 944; x_wconf 90' lang='lat' dir='ltr'>A.</span> <span class='ocrx_word' id='word_1_333' title='bbox 1572 906 1662 944; x_wconf 89' lang='grc'><strong>962.</strong></span> <span class='ocrx_word' id='word_1_334' title='bbox 1681 906 1974 944; x_wconf 84' lang='lat' dir='ltr'>Wintoniensis</span> <span class='ocrx_word' id='word_1_335' title='bbox 1991 909 2109 955; x_wconf 89' lang='lat' dir='ltr'>atque</span> <span class='ocrx_word' id='word_1_336' title='bbox 2134 904 2224 944; x_wconf 90' lang='lat' dir='ltr'>inde</span> <span class='ocrx_word' id='word_1_337' title='bbox 2239 906 2287 944; x_wconf 87' lang='lat' dir='ltr'>ab</span> <span class='ocrx_word' id='word_1_338' title='bbox 2304 906 2351 945; x_wconf 88' lang='lat' dir='ltr'>A.</span> <span class='ocrx_word' id='word_1_339' title='bbox 2374 906 2464 945; x_wconf 88' lang='lat'>979.</span> 
     </span>
     <span class='ocr_line' id='line_1_64' title="bbox 1510 966 2465 1020; baseline 0.003 -15"><span class='ocrx_word' id='word_1_340' title='bbox 1510 967 1557 1006; x_wconf 87' lang='lat' dir='ltr'>ad</span> <span class='ocrx_word' id='word_1_341' title='bbox 1577 967 1668 1005; x_wconf 76' lang='lat'>992.</span> <span class='ocrx_word' id='word_1_342' title='bbox 1694 968 1959 1006; x_wconf 83' lang='lat' dir='ltr'>Eboracensis</span> <span class='ocrx_word' id='word_1_343' title='bbox 1972 966 2300 1019; x_wconf 86' lang='lat' dir='ltr'>Archiepiscopus</span> <span class='ocrx_word' id='word_1_344' title='bbox 2319 997 2327 1017; x_wconf 90' lang='lat'>‚</span> <span class='ocrx_word' id='word_1_345' title='bbox 2350 968 2465 1020; x_wconf 88' lang='lat' dir='ltr'>cujus</span> 
     </span>
     <span class='ocr_line' id='line_1_65' title="bbox 1508 1029 2465 1081; baseline 0.004 -15"><span class='ocrx_word' id='word_1_346' title='bbox 1508 1031 1632 1067; x_wconf 89' lang='lat' dir='ltr'>vitam</span> <span class='ocrx_word' id='word_1_347' title='bbox 1661 1030 1821 1080; x_wconf 90' lang='lat' dir='ltr'>scripsit</span> <span class='ocrx_word' id='word_1_348' title='bbox 1844 1029 2060 1069; x_wconf 88' lang='lat' dir='ltr'>Oswaldus</span> <span class='ocrx_word' id='word_1_349' title='bbox 2088 1029 2137 1068; x_wconf 89' lang='lat' dir='ltr'>de</span> <span class='ocrx_word' id='word_1_350' title='bbox 2161 1041 2239 1081; x_wconf 91' lang='lat' dir='ltr'>quo</span> <span class='ocrx_word' id='word_1_351' title='bbox 2265 1041 2354 1070; x_wconf 85' lang='lat' dir='ltr'>mox</span> <span class='ocrx_word' id='word_1_352' title='bbox 2370 1063 2380 1080; x_wconf 89' lang='lat'><em>,</em></span> <span class='ocrx_word' id='word_1_353' title='bbox 2402 1032 2465 1070; x_wconf 87' lang='lat' dir='ltr'>Vi—</span> 
     </span>
     <span class='ocr_line' id='line_1_66' title="bbox 1510 1091 2462 1143; baseline 0.005 -15"><span class='ocrx_word' id='word_1_354' title='bbox 1510 1092 1748 1141; x_wconf 86' lang='lat' dir='ltr'>gorniensis.</span> <span class='ocrx_word' id='word_1_355' title='bbox 1772 1091 1886 1143; x_wconf 86' lang='lat' dir='ltr'>Apud</span> <span class='ocrx_word' id='word_1_356' title='bbox 1906 1092 2067 1131; x_wconf 89' lang='lat' dir='ltr'>Baleum</span> <span class='ocrx_word' id='word_1_357' title='bbox 2085 1093 2129 1131; x_wconf 87' lang='lat'>11.</span> <span class='ocrx_word' id='word_1_358' title='bbox 2149 1092 2211 1131; x_wconf 90' lang='grc'>40.</span> <span class='ocrx_word' id='word_1_359' title='bbox 2230 1097 2270 1132; x_wconf 85' lang='lat' dir='ltr'>et</span> <span class='ocrx_word' id='word_1_360' title='bbox 2289 1095 2462 1134; x_wconf 89' lang='lat' dir='ltr'>Pitseum</span> 
     </span>
     <span class='ocr_line' id='line_1_67' title="bbox 1507 1153 2463 1206; baseline 0.003 -14"><span class='ocrx_word' id='word_1_361' title='bbox 1507 1165 1592 1204; x_wconf 84' lang='lat' dir='ltr'>pag.</span> <span class='ocrx_word' id='word_1_362' title='bbox 1637 1153 1727 1192; x_wconf 89' lang='grc'><strong>480.</strong></span> <span class='ocrx_word' id='word_1_363' title='bbox 1769 1154 1947 1193; x_wconf 88' lang='lat' dir='ltr'>Odonius</span> <span class='ocrx_word' id='word_1_364' title='bbox 1988 1158 2144 1205; x_wconf 86' lang='lat' dir='ltr'>praeter</span> <span class='ocrx_word' id='word_1_365' title='bbox 2174 1155 2370 1206; x_wconf 87' lang='lat' dir='ltr'>Epistolas</span> <span class='ocrx_word' id='word_1_366' title='bbox 2415 1156 2463 1195; x_wconf 89' lang='lat' dir='ltr'>ad</span> 
     </span>
     <span class='ocr_line' id='line_1_68' title="bbox 1507 1216 2464 1267; baseline 0.004 -14"><span class='ocrx_word' id='word_1_367' title='bbox 1507 1216 1708 1254; x_wconf 86' lang='lat' dir='ltr'>Abbonem</span> <span class='ocrx_word' id='word_1_368' title='bbox 1731 1217 2021 1255; x_wconf 77' lang='lat' dir='ltr'>Floriacensem</span> <span class='ocrx_word' id='word_1_369' title='bbox 2039 1246 2048 1265; x_wconf 85' lang='lat'>,</span> <span class='ocrx_word' id='word_1_370' title='bbox 2063 1217 2128 1267; x_wconf 8' lang='lat' dir='ltr'>gad.</span> <span class='ocrx_word' id='word_1_371' title='bbox 2143 1216 2318 1256; x_wconf 85' lang='lat' dir='ltr'>Odonem</span> <span class='ocrx_word' id='word_1_372' title='bbox 2339 1229 2464 1257; x_wconf 88' lang='lat' dir='ltr'>avun-</span> 
     </span>
     <span class='ocr_line' id='line_1_69' title="bbox 1510 1278 2464 1329; baseline 0.003 -13"><span class='ocrx_word' id='word_1_373' title='bbox 1510 1278 1645 1316; x_wconf 87' lang='lat' dir='ltr'>culum</span> <span class='ocrx_word' id='word_1_374' title='bbox 1666 1278 2016 1329; x_wconf 86' lang='lat' dir='ltr'>Archiepiscopum</span> <span class='ocrx_word' id='word_1_375' title='bbox 2034 1280 2218 1318; x_wconf 89' lang='lat' dir='ltr'>Cantuar.</span> <span class='ocrx_word' id='word_1_376' title='bbox 2233 1279 2279 1318; x_wconf 84' lang='lat' dir='ltr'>ad</span> <span class='ocrx_word' id='word_1_377' title='bbox 2299 1280 2464 1320; x_wconf 85' lang='lat' dir='ltr'>Sanctos</span> 
     </span>
     <span class='ocr_line' id='line_1_70' title="bbox 1507 1339 2465 1394; baseline 0.004 -16"><span class='ocrx_word' id='word_1_378' title='bbox 1507 1339 1599 1378; x_wconf 90' lang='lat' dir='ltr'>dum</span> <span class='ocrx_word' id='word_1_379' title='bbox 1615 1345 1723 1379; x_wconf 83' lang='lat' dir='ltr'>esset</span> <span class='ocrx_word' id='word_1_380' title='bbox 1744 1341 1930 1390; x_wconf 79' lang='lat' dir='ltr'>Floriaci,</span> <span class='ocrx_word' id='word_1_381' title='bbox 1947 1341 2176 1391; x_wconf 86' lang='lat' dir='ltr'>perhibetur</span> <span class='ocrx_word' id='word_1_382' title='bbox 2197 1342 2465 1394; x_wconf 83' lang='lat' dir='ltr'>promulgasse</span> 
     </span>
     <span class='ocr_line' id='line_1_71' title="bbox 1514 1402 1928 1452; baseline 0 -12"><span class='ocrx_word' id='word_1_383' title='bbox 1514 1402 1670 1441; x_wconf 84' lang='lat' dir='ltr'>Statuta</span> <span class='ocrx_word' id='word_1_384' title='bbox 1703 1402 1928 1452; x_wconf 82' lang='lat' dir='ltr'>Synodalia.</span> 
     </span>
    </p>

    <p class='ocr_par' dir='ltr' id='par_1_15' title="bbox 1498 1464 2464 2262">
     <span class='ocr_line' id='line_1_72' title="bbox 1563 1464 2461 1505; baseline 0 -2"><span class='ocrx_word' id='word_1_385' title='bbox 1563 1465 1847 1503; x_wconf 74' lang='lat' dir='ltr'>OSWALDUs</span> <span class='ocrx_word' id='word_1_386' title='bbox 1871 1466 1956 1502; x_wconf 88' lang='lat' dir='ltr'>sive</span> <span class='ocrx_word' id='word_1_387' title='bbox 1986 1464 2268 1504; x_wconf 85' lang='lat' dir='ltr'>OSWOLDUS</span> <span class='ocrx_word' id='word_1_388' title='bbox 2294 1467 2397 1505; x_wconf 87' lang='lat' dir='ltr'>circa</span> <span class='ocrx_word' id='word_1_389' title='bbox 2416 1466 2461 1505; x_wconf 89' lang='lat' dir='ltr'>A.</span> 
     </span>
     <span class='ocr_line' id='line_1_73' title="bbox 1505 1526 2458 1576; baseline 0 -11"><span class='ocrx_word' id='word_1_390' title='bbox 1505 1527 1619 1565; x_wconf 92' lang='grc'><strong>4040.</strong></span> <span class='ocrx_word' id='word_1_391' title='bbox 1650 1527 1867 1566; x_wconf 79' lang='lat' dir='ltr'>monachus</span> <span class='ocrx_word' id='word_1_392' title='bbox 1900 1526 2162 1576; x_wconf 73' lang='lat' dir='ltr'>Viyorm&#39;ensis</span> <span class='ocrx_word' id='word_1_393' title='bbox 2191 1526 2283 1566; x_wconf 92' lang='lat' dir='ltr'>Ord.</span> <span class='ocrx_word' id='word_1_394' title='bbox 2315 1528 2458 1567; x_wconf 82' lang='lat' dir='ltr'>Bened.</span> 
     </span>
     <span class='ocr_line' id='line_1_74' title="bbox 1504 1589 2464 1639; baseline 0.004 -14"><span class='ocrx_word' id='word_1_395' title='bbox 1504 1593 1606 1627; x_wconf 79' lang='lat' dir='ltr'>teste</span> <span class='ocrx_word' id='word_1_396' title='bbox 1634 1589 1807 1627; x_wconf 77' lang='lat' dir='ltr'>Lelando</span> <span class='ocrx_word' id='word_1_397' title='bbox 1831 1600 1914 1639; x_wconf 90' lang='lat' dir='ltr'>cap.</span> <span class='ocrx_word' id='word_1_398' title='bbox 1943 1589 2032 1627; x_wconf 87' lang='grc'><strong>438.</strong></span> <span class='ocrx_word' id='word_1_399' title='bbox 2055 1590 2213 1639; x_wconf 87' lang='lat' dir='ltr'>scripsit</span> <span class='ocrx_word' id='word_1_400' title='bbox 2236 1589 2375 1629; x_wconf 90' lang='lat' dir='ltr'>librum</span> <span class='ocrx_word' id='word_1_401' title='bbox 2400 1601 2464 1629; x_wconf 86' lang='lat' dir='ltr'>sa-</span> 
     </span>
     <span class='ocr_line' id='line_1_75' title="bbox 1501 1650 2459 1703; baseline 0.002 -15"><span class='ocrx_word' id='word_1_402' title='bbox 1501 1662 1664 1689; x_wconf 82' lang='lat' dir='ltr'>crarum</span> <span class='ocrx_word' id='word_1_403' title='bbox 1681 1650 1955 1702; x_wconf 76' lang='lat' dir='ltr'>precationum</span> <span class='ocrx_word' id='word_1_404' title='bbox 1972 1652 2113 1702; x_wconf 90' lang='lat' dir='ltr'>partim</span> <span class='ocrx_word' id='word_1_405' title='bbox 2124 1653 2310 1699; x_wconf 88' lang='lat' dir='ltr'>carmine,</span> <span class='ocrx_word' id='word_1_406' title='bbox 2321 1653 2459 1703; x_wconf 90' lang='lat' dir='ltr'>partim</span> 
     </span>
     <span class='ocr_line' id='line_1_76' title="bbox 1501 1712 2462 1765; baseline 0.001 -14"><span class='ocrx_word' id='word_1_407' title='bbox 1501 1713 1627 1752; x_wconf 90' lang='lat' dir='ltr'>soluta</span> <span class='ocrx_word' id='word_1_408' title='bbox 1651 1715 1842 1752; x_wconf 89' lang='lat' dir='ltr'>oratione.</span> <span class='ocrx_word' id='word_1_409' title='bbox 1862 1714 1912 1752; x_wconf 87' lang='lat' dir='ltr'>Et</span> <span class='ocrx_word' id='word_1_410' title='bbox 1928 1712 1973 1752; x_wconf 83' lang='lat' dir='ltr'>de</span> <span class='ocrx_word' id='word_1_411' title='bbox 1988 1713 2257 1764; x_wconf 80' lang='lat' dir='ltr'>componendis</span> <span class='ocrx_word' id='word_1_412' title='bbox 2276 1713 2462 1765; x_wconf 76' lang='lat' dir='ltr'>Epz&#39;scole&#39;s</span> 
     </span>
     <span class='ocr_line' id='line_1_77' title="bbox 1500 1775 2459 1826; baseline 0.003 -15"><span class='ocrx_word' id='word_1_413' title='bbox 1500 1776 1734 1824; x_wconf 89' lang='lat' dir='ltr'>opusculum</span> <span class='ocrx_word' id='word_1_414' title='bbox 1784 1776 1908 1814; x_wconf 86' lang='lat' dir='ltr'>instar</span> <span class='ocrx_word' id='word_1_415' title='bbox 1945 1775 2155 1826; x_wconf 87' lang='lat' dir='ltr'>Epistolae.</span> <span class='ocrx_word' id='word_1_416' title='bbox 2185 1777 2265 1816; x_wconf 70' lang='lat' dir='ltr'>Nec</span> <span class='ocrx_word' id='word_1_417' title='bbox 2293 1787 2369 1815; x_wconf 94' lang='lat' dir='ltr'>non</span> <span class='ocrx_word' id='word_1_418' title='bbox 2411 1776 2459 1815; x_wconf 90' lang='lat' dir='ltr'>ad</span> 
     </span>
     <span class='ocr_line' id='line_1_78' title="bbox 1499 1836 2458 1884; baseline 0.001 -8"><span class='ocrx_word' id='word_1_419' title='bbox 1499 1836 1883 1876; x_wconf 66' lang='lat' dir='ltr'>CONSTANTINUM</span> <span class='ocrx_word' id='word_1_420' title='bbox 1901 1837 2140 1884; x_wconf 56' lang='lat' dir='ltr'>,monachum</span> <span class='ocrx_word' id='word_1_421' title='bbox 2158 1838 2458 1884; x_wconf 80' lang='lat' dir='ltr'>Floriacensem,</span> 
     </span>
     <span class='ocr_line' id='line_1_79' title="bbox 1499 1899 2457 1952; baseline 0.001 -14"><span class='ocrx_word' id='word_1_422' title='bbox 1499 1899 1809 1939; x_wconf 87' lang='lat' dir='ltr'>Grammaticum</span> <span class='ocrx_word' id='word_1_423' title='bbox 1859 1900 2088 1950; x_wconf 80' lang='lat' dir='ltr'>eruditum3</span> <span class='ocrx_word' id='word_1_424' title='bbox 2131 1901 2198 1951; x_wconf 92' lang='lat' dir='ltr'>qui</span> <span class='ocrx_word' id='word_1_425' title='bbox 2241 1901 2457 1952; x_wconf 78' lang='lat' dir='ltr'>Epistolani</span> 
     </span>
     <span class='ocr_line' id='line_1_80' title="bbox 1499 1962 2463 2014; baseline 0.003 -16"><span class='ocrx_word' id='word_1_426' title='bbox 1499 1962 1682 2001; x_wconf 91' lang='lat' dir='ltr'>versibus</span> <span class='ocrx_word' id='word_1_427' title='bbox 1707 1963 1890 2013; x_wconf 88' lang='lat' dir='ltr'>elegiacis</span> <span class='ocrx_word' id='word_1_428' title='bbox 1920 1963 1967 2001; x_wconf 90' lang='lat' dir='ltr'>ad</span> <span class='ocrx_word' id='word_1_429' title='bbox 1994 1973 2085 2002; x_wconf 90' lang='lat' dir='ltr'>eum</span> <span class='ocrx_word' id='word_1_430' title='bbox 2117 1963 2343 2014; x_wconf 86' lang='lat' dir='ltr'>scripserat.</span> <span class='ocrx_word' id='word_1_431' title='bbox 2361 1963 2463 2003; x_wconf 85' lang='lat' dir='ltr'>Con-</span> 
     </span>
     <span class='ocr_line' id='line_1_81' title="bbox 1498 2024 2457 2076; baseline 0 -13"><span class='ocrx_word' id='word_1_432' title='bbox 1498 2025 1553 2063; x_wconf 87' lang='lat' dir='ltr'>fer</span> <span class='ocrx_word' id='word_1_433' title='bbox 1600 2025 1761 2063; x_wconf 88' lang='lat' dir='ltr'>Baleum</span> <span class='ocrx_word' id='word_1_434' title='bbox 1793 2026 1838 2063; x_wconf 90' lang='grc' dir='ltr'>ΙΙ.</span> <span class='ocrx_word' id='word_1_435' title='bbox 1883 2024 1946 2064; x_wconf 81' lang='grc'>43.</span> <span class='ocrx_word' id='word_1_436' title='bbox 1978 2029 2019 2064; x_wconf 88' lang='lat' dir='ltr'>et</span> <span class='ocrx_word' id='word_1_437' title='bbox 2049 2026 2222 2064; x_wconf 76' lang='lat' dir='ltr'>pitseum</span> <span class='ocrx_word' id='word_1_438' title='bbox 2254 2036 2340 2076; x_wconf 84' lang='lat' dir='ltr'>pag.</span> <span class='ocrx_word' id='word_1_439' title='bbox 2370 2025 2457 2064; x_wconf 85' lang='grc'><strong>484.</strong></span> 
     </span>
     <span class='ocr_line' id='line_1_82' title="bbox 1502 2085 2458 2138; baseline 0.001 -13"><span class='ocrx_word' id='word_1_440' title='bbox 1502 2098 1584 2137; x_wconf 88' lang='lat' dir='ltr'>seq.</span> <span class='ocrx_word' id='word_1_441' title='bbox 1615 2086 1698 2125; x_wconf 84' lang='lat' dir='ltr'>Vita</span> <span class='ocrx_word' id='word_1_442' title='bbox 1722 2085 1901 2125; x_wconf 81' lang='lat' dir='ltr'>oswaldi</span> <span class='ocrx_word' id='word_1_443' title='bbox 1924 2085 2058 2125; x_wconf 84' lang='lat' dir='ltr'>Odonz&#39;i</span> <span class='ocrx_word' id='word_1_444' title='bbox 2083 2087 2132 2126; x_wconf 90' lang='lat' dir='ltr'>ab</span> <span class='ocrx_word' id='word_1_445' title='bbox 2154 2098 2200 2126; x_wconf 91' lang='lat' dir='ltr'>eo</span> <span class='ocrx_word' id='word_1_446' title='bbox 2223 2088 2458 2138; x_wconf 79' lang='lat' dir='ltr'>composita,</span> 
     </span>
     <span class='ocr_line' id='line_1_83' title="bbox 1501 2148 2460 2198; baseline 0 -11"><span class='ocrx_word' id='word_1_447' title='bbox 1501 2152 1687 2188; x_wconf 87' lang='lat' dir='ltr'>servatur</span> <span class='ocrx_word' id='word_1_448' title='bbox 1715 2149 1979 2198; x_wconf 86' lang='lat' dir='ltr'>Manuscripta</span> <span class='ocrx_word' id='word_1_449' title='bbox 2011 2150 2048 2186; x_wconf 92' lang='lat' dir='ltr'>in</span> <span class='ocrx_word' id='word_1_450' title='bbox 2087 2148 2184 2188; x_wconf 91' lang='lat' dir='ltr'>Bibl.</span> <span class='ocrx_word' id='word_1_451' title='bbox 2214 2149 2460 2189; x_wconf 90' lang='lat' dir='ltr'>Cottoniana.</span> 
     </span>
     <span class='ocr_line' id='line_1_84' title="bbox 1501 2210 2198 2262; baseline -0.004 -12"><span class='ocrx_word' id='word_1_452' title='bbox 1501 2211 1598 2250; x_wconf 87' lang='lat' dir='ltr'>Vide</span> <span class='ocrx_word' id='word_1_453' title='bbox 1627 2210 1830 2250; x_wconf 89' lang='lat' dir='ltr'>Oudinum</span> <span class='ocrx_word' id='word_1_454' title='bbox 1867 2216 1961 2249; x_wconf 88' lang='lat' dir='ltr'>tom.</span> <span class='ocrx_word' id='word_1_455' title='bbox 1993 2221 2080 2262; x_wconf 85' lang='lat' dir='ltr'>pag.</span> <span class='ocrx_word' id='word_1_456' title='bbox 2110 2211 2198 2250; x_wconf 85' lang='grc'><strong>523.</strong></span> 
     </span>
    </p>
   </div>
   <div class='ocr_carea' id='block_1_7' title="bbox 1554 2273 2533 2325">
    <p class='ocr_par' dir='ltr' id='par_1_16' title="bbox 1554 2273 2533 2325">
     <span class='ocr_line' id='line_1_85' title="bbox 1554 2273 2533 2325; baseline 0.002 -14"><span class='ocrx_word' id='word_1_457' title='bbox 1554 2274 1820 2313; x_wconf 83' lang='lat' dir='ltr'>OTBERTUS</span> <span class='ocrx_word' id='word_1_458' title='bbox 1863 2273 2017 2325; x_wconf 83' lang='lat' dir='ltr'>Anglus</span> <span class='ocrx_word' id='word_1_459' title='bbox 2060 2273 2301 2321; x_wconf 87' lang='lat' dir='ltr'>Carmelita,</span> <span class='ocrx_word' id='word_1_460' title='bbox 2343 2284 2461 2324; x_wconf 88' lang='lat' dir='ltr'>supra</span> <span class='ocrx_word' id='word_1_461' title='bbox 2532 2303 2533 2313; x_wconf 40' lang='lat' dir='ltr'>i</span> 
     </span>
    </p>
   </div>
   <div class='ocr_carea' id='block_1_8' title="bbox 1500 2336 2533 2450">
    <p class='ocr_par' dir='ltr' id='par_1_17' title="bbox 1500 2336 2533 2450">
     <span class='ocr_line' id='line_1_86' title="bbox 1500 2336 2533 2376; baseline -0.006 0"><span class='ocrx_word' id='word_1_462' title='bbox 1500 2336 1774 2376; x_wconf 85' lang='lat' dir='ltr'>OSBERTUS.</span> <span class='ocrx_word' id='word_1_463' title='bbox 2532 2347 2533 2363; x_wconf 66' lang='lat' dir='ltr'>i</span> 
     </span>
     <span class='ocr_line' id='line_1_87' title="bbox 1550 2398 2533 2450; baseline -0.001 -12"><span class='ocrx_word' id='word_1_464' title='bbox 1550 2399 1812 2438; x_wconf 85' lang='lat' dir='ltr'>OTBERTUS</span> <span class='ocrx_word' id='word_1_465' title='bbox 1831 2399 1917 2438; x_wconf 87' lang='lat' dir='ltr'>Dux</span> <span class='ocrx_word' id='word_1_466' title='bbox 1934 2398 2116 2446; x_wconf 77' lang='lat' dir='ltr'>Bullonii,</span> <span class='ocrx_word' id='word_1_467' title='bbox 2129 2398 2351 2450; x_wconf 88' lang='lat' dir='ltr'>Episcopus</span> <span class='ocrx_word' id='word_1_468' title='bbox 2369 2399 2461 2437; x_wconf 77' lang='lat' dir='ltr'>Leo·</span> <span class='ocrx_word' id='word_1_469' title='bbox 2531 2404 2533 2427; x_wconf 57' lang='lat' dir='ltr'>l</span> 
     </span>
    </p>
   </div>
   <div class='ocr_carea' id='block_1_9' title="bbox 1499 2447 2533 2511">
    <p class='ocr_par' dir='ltr' id='par_1_18' title="bbox 1499 2447 2533 2511">
     <span class='ocr_line' id='line_1_88' title="bbox 1499 2447 2533 2511; baseline -0.002 -11"><span class='ocrx_word' id='word_1_470' title='bbox 1499 2461 1649 2500; x_wconf 74' lang='lat' dir='ltr'>diensis</span> <span class='ocrx_word' id='word_1_471' title='bbox 1672 2461 1720 2500; x_wconf 82' lang='lat' dir='ltr'>ab</span> <span class='ocrx_word' id='word_1_472' title='bbox 1744 2462 1788 2500; x_wconf 86' lang='lat' dir='ltr'>A.</span> <span class='ocrx_word' id='word_1_473' title='bbox 1816 2461 1931 2500; x_wconf 83' lang='grc'><strong>4094.</strong></span> <span class='ocrx_word' id='word_1_474' title='bbox 1955 2460 2003 2499; x_wconf 83' lang='lat' dir='ltr'>ad</span> <span class='ocrx_word' id='word_1_475' title='bbox 2029 2461 2143 2500; x_wconf 85' lang='grc'><strong>4449.</strong></span> <span class='ocrx_word' id='word_1_476' title='bbox 2182 2459 2280 2511; x_wconf 86' lang='lat' dir='ltr'>Ejus</span> <span class='ocrx_word' id='word_1_477' title='bbox 2309 2459 2462 2511; x_wconf 69' lang='lat' dir='ltr'>Episto-</span> <span class='ocrx_word' id='word_1_478' title='bbox 2531 2447 2533 2484; x_wconf 67' lang='lat' dir='ltr'>l</span> 
     </span>
    </p>
   </div>
   <div class='ocr_carea' id='block_1_10' title="bbox 1505 2522 2462 2575">
    <p class='ocr_par' dir='ltr' id='par_1_19' title="bbox 1505 2522 2462 2575">
     <span class='ocr_line' id='line_1_89' title="bbox 1505 2522 2462 2575; baseline -0.001 -12"><span class='ocrx_word' id='word_1_479' title='bbox 1505 2523 1544 2563; x_wconf 84' lang='lat' dir='ltr'>la</span> <span class='ocrx_word' id='word_1_480' title='bbox 1559 2524 1606 2563; x_wconf 87' lang='lat' dir='ltr'>de</span> <span class='ocrx_word' id='word_1_481' title='bbox 1622 2524 1704 2563; x_wconf 82' lang='lat' dir='ltr'>vita</span> <span class='ocrx_word' id='word_1_482' title='bbox 1721 2527 1758 2562; x_wconf 81' lang='lat' dir='ltr'>et</span> <span class='ocrx_word' id='word_1_483' title='bbox 1771 2522 1878 2562; x_wconf 78' lang='lat' dir='ltr'>obitu</span> <span class='ocrx_word' id='word_1_484' title='bbox 1902 2522 2066 2562; x_wconf 80' lang='lat' dir='ltr'>Henrici</span> <span class='ocrx_word' id='word_1_485' title='bbox 2079 2523 2142 2562; x_wconf 89' lang='lat' dir='ltr'>IV.</span> <span class='ocrx_word' id='word_1_486' title='bbox 2168 2523 2265 2575; x_wconf 84' lang='lat' dir='ltr'>Imp.</span> <span class='ocrx_word' id='word_1_487' title='bbox 2282 2526 2321 2562; x_wconf 84' lang='lat' dir='ltr'>et</span> <span class='ocrx_word' id='word_1_488' title='bbox 2341 2522 2462 2562; x_wconf 82' lang='lat' dir='ltr'>Ducis</span> 
     </span>
    </p>
   </div>
   <div class='ocr_carea' id='block_1_11' title="bbox 1505 2584 2533 2636">
    <p class='ocr_par' dir='ltr' id='par_1_20' title="bbox 1505 2584 2533 2636">
     <span class='ocr_line' id='line_1_90' title="bbox 1505 2584 2533 2636; baseline -0.004 -10"><span class='ocrx_word' id='word_1_489' title='bbox 1505 2586 1705 2626; x_wconf 83' lang='lat' dir='ltr'>Bavarz&#39;ae</span> <span class='ocrx_word' id='word_1_490' title='bbox 1734 2585 1837 2625; x_wconf 85' lang='lat' dir='ltr'>edita</span> <span class='ocrx_word' id='word_1_491' title='bbox 1867 2587 1890 2625; x_wconf 74' lang='lat' dir='ltr'>a</span> <span class='ocrx_word' id='word_1_492' title='bbox 1918 2584 2105 2624; x_wconf 88' lang='lat' dir='ltr'>Goldasto</span> <span class='ocrx_word' id='word_1_493' title='bbox 2129 2587 2167 2624; x_wconf 93' lang='lat' dir='ltr'>in</span> <span class='ocrx_word' id='word_1_494' title='bbox 2195 2585 2369 2636; x_wconf 82' lang='lat' dir='ltr'>apologia</span> <span class='ocrx_word' id='word_1_495' title='bbox 2393 2595 2461 2634; x_wconf 88' lang='lat' dir='ltr'>pro</span> <span class='ocrx_word' id='word_1_496' title='bbox 2531 2613 2533 2631; x_wconf 47' lang='lat'>4</span> 
     </span>
    </p>
   </div>
   <div class='ocr_carea' id='block_1_12' title="bbox 1493 2646 2460 3440">
    <p class='ocr_par' dir='ltr' id='par_1_21' title="bbox 1496 2646 2460 2824">
     <span class='ocr_line' id='line_1_91' title="bbox 1498 2646 2458 2697; baseline -0.003 -10"><span class='ocrx_word' id='word_1_497' title='bbox 1498 2650 1664 2688; x_wconf 89' lang='lat' dir='ltr'>Henrieo</span> <span class='ocrx_word' id='word_1_498' title='bbox 1684 2649 1745 2687; x_wconf 93' lang='lat' dir='ltr'>IV.</span> <span class='ocrx_word' id='word_1_499' title='bbox 1775 2649 1924 2687; x_wconf 87' lang='lat' dir='ltr'>Hanov.</span> <span class='ocrx_word' id='word_1_500' title='bbox 1951 2647 2066 2687; x_wconf 87' lang='grc'><strong>4644.</strong></span> <span class='ocrx_word' id='word_1_501' title='bbox 2090 2648 2125 2685; x_wconf 92' lang='grc'>4.</span> <span class='ocrx_word' id='word_1_502' title='bbox 2150 2658 2235 2697; x_wconf 86' lang='lat' dir='ltr'>pag.</span> <span class='ocrx_word' id='word_1_503' title='bbox 2256 2646 2346 2685; x_wconf 89' lang='grc'><strong>204.</strong></span> <span class='ocrx_word' id='word_1_504' title='bbox 2370 2646 2458 2684; x_wconf 88' lang='grc'><strong>207.</strong></span> 
     </span>
     <span class='ocr_line' id='line_1_92' title="bbox 1496 2707 2459 2758; baseline -0.003 -9"><span class='ocrx_word' id='word_1_505' title='bbox 1496 2712 1551 2750; x_wconf 90' lang='lat' dir='ltr'>De</span> <span class='ocrx_word' id='word_1_506' title='bbox 1596 2711 1668 2749; x_wconf 85' lang='lat' dir='ltr'>hoc</span> <span class='ocrx_word' id='word_1_507' title='bbox 1705 2710 1867 2749; x_wconf 84' lang='lat' dir='ltr'>Otberto</span> <span class='ocrx_word' id='word_1_508' title='bbox 1895 2709 2067 2748; x_wconf 85' lang='lat' dir='ltr'>Joannes</span> <span class='ocrx_word' id='word_1_509' title='bbox 2095 2707 2378 2758; x_wconf 88' lang='lat' dir='ltr'>Chapeavillus</span> <span class='ocrx_word' id='word_1_510' title='bbox 2422 2709 2459 2746; x_wconf 88' lang='lat' dir='ltr'>in</span> 
     </span>
     <span class='ocr_line' id='line_1_93' title="bbox 1498 2770 2460 2824; baseline -0.005 -12"><span class='ocrx_word' id='word_1_511' title='bbox 1498 2775 1623 2824; x_wconf 84' lang='lat' dir='ltr'>gestis</span> <span class='ocrx_word' id='word_1_512' title='bbox 1641 2772 1873 2811; x_wconf 85' lang='lat' dir='ltr'>Pontificum</span> <span class='ocrx_word' id='word_1_513' title='bbox 1889 2770 2163 2810; x_wconf 84' lang='lat' dir='ltr'>Leodiensium</span> <span class='ocrx_word' id='word_1_514' title='bbox 2180 2775 2206 2809; x_wconf 87' lang='lat' dir='ltr'>t.</span> <span class='ocrx_word' id='word_1_515' title='bbox 2224 2771 2248 2810; x_wconf 87' lang='grc'><strong>2</strong></span> <span class='ocrx_word' id='word_1_516' title='bbox 2266 2782 2302 2822; x_wconf 91' lang='lat' dir='ltr'>p.</span> <span class='ocrx_word' id='word_1_517' title='bbox 2326 2771 2460 2809; x_wconf 81' lang='grc'><strong>40-56.</strong></span> 
     </span>
    </p>

    <p class='ocr_par' dir='ltr' id='par_1_22' title="bbox 1493 2833 2460 3440">
     <span class='ocr_line' id='line_1_94' title="bbox 1547 2833 2459 2884; baseline -0.001 -12"><span class='ocrx_word' id='word_1_518' title='bbox 1547 2834 1803 2873; x_wconf 83' lang='lat' dir='ltr'>OTFRIDUS</span> <span class='ocrx_word' id='word_1_519' title='bbox 1844 2833 2060 2873; x_wconf 86' lang='lat' dir='ltr'>Monachus</span> <span class='ocrx_word' id='word_1_520' title='bbox 2108 2833 2459 2884; x_wconf 81' lang='lat' dir='ltr'>Wizanburgensis</span> 
     </span>
     <span class='ocr_line' id='line_1_95' title="bbox 1493 2895 2460 2945; baseline 0.002 -12"><span class='ocrx_word' id='word_1_521' title='bbox 1493 2898 1578 2934; x_wconf 88' lang='lat' dir='ltr'>sive</span> <span class='ocrx_word' id='word_1_522' title='bbox 1604 2896 2007 2945; x_wconf 87' lang='lat' dir='ltr'>Weissenburgensis</span> <span class='ocrx_word' id='word_1_523' title='bbox 2024 2896 2062 2934; x_wconf 89' lang='lat' dir='ltr'>in</span> <span class='ocrx_word' id='word_1_524' title='bbox 2079 2895 2228 2935; x_wconf 86' lang='lat' dir='ltr'>Alsatia</span> <span class='ocrx_word' id='word_1_525' title='bbox 2243 2927 2254 2944; x_wconf 90' lang='lat'><em>,</em></span> <span class='ocrx_word' id='word_1_526' title='bbox 2271 2895 2363 2935; x_wconf 89' lang='lat' dir='ltr'>Ord.</span> <span class='ocrx_word' id='word_1_527' title='bbox 2388 2897 2460 2935; x_wconf 89' lang='lat' dir='ltr'>Be-</span> 
     </span>
     <span class='ocr_line' id='line_1_96' title="bbox 1498 2957 2457 3009; baseline 0.001 -14"><span class='ocrx_word' id='word_1_528' title='bbox 1498 2957 1586 2995; x_wconf 87' lang='lat' dir='ltr'>ned.</span> <span class='ocrx_word' id='word_1_529' title='bbox 1641 2962 1681 2995; x_wconf 87' lang='lat' dir='ltr'>et</span> <span class='ocrx_word' id='word_1_530' title='bbox 1725 2957 1936 3008; x_wconf 77' lang='lat' dir='ltr'>Presbyter</span> <span class='ocrx_word' id='word_1_531' title='bbox 1981 2959 2046 3009; x_wconf 91' lang='lat' dir='ltr'>qui</span> <span class='ocrx_word' id='word_1_532' title='bbox 2075 2958 2222 2997; x_wconf 89' lang='lat' dir='ltr'>Rabani</span> <span class='ocrx_word' id='word_1_533' title='bbox 2250 2959 2371 2998; x_wconf 88' lang='lat' dir='ltr'>Mauri</span> <span class='ocrx_word' id='word_1_534' title='bbox 2415 2969 2457 2997; x_wconf 88' lang='lat' dir='ltr'>se</span> 
     </span>
     <span class='ocr_line' id='line_1_97' title="bbox 1494 3019 2457 3071; baseline 0.002 -15"><span class='ocrx_word' id='word_1_535' title='bbox 1494 3019 1707 3070; x_wconf 81' lang='lat' dir='ltr'>profitetur</span> <span class='ocrx_word' id='word_1_536' title='bbox 1729 3019 1966 3070; x_wconf 89' lang='lat' dir='ltr'>discipulum</span> <span class='ocrx_word' id='word_1_537' title='bbox 1987 3049 1994 3068; x_wconf 89' lang='lat'><em>,</em></span> <span class='ocrx_word' id='word_1_538' title='bbox 2016 3019 2119 3059; x_wconf 90' lang='lat' dir='ltr'>haud</span> <span class='ocrx_word' id='word_1_539' title='bbox 2144 3019 2457 3071; x_wconf 84' lang='lat' dir='ltr'>praetereundus</span> 
     </span>
     <span class='ocr_line' id='line_1_98' title="bbox 1493 3081 2456 3133; baseline 0.001 -14"><span class='ocrx_word' id='word_1_540' title='bbox 1493 3082 1585 3119; x_wconf 86' lang='lat' dir='ltr'>mihi</span> <span class='ocrx_word' id='word_1_541' title='bbox 1620 3087 1682 3120; x_wconf 84' lang='lat' dir='ltr'>est</span> <span class='ocrx_word' id='word_1_542' title='bbox 1710 3081 1782 3120; x_wconf 86' lang='lat' dir='ltr'>hoc</span> <span class='ocrx_word' id='word_1_543' title='bbox 1808 3082 1916 3131; x_wconf 85' lang='lat' dir='ltr'>loco,</span> <span class='ocrx_word' id='word_1_544' title='bbox 1943 3093 2018 3120; x_wconf 92' lang='lat' dir='ltr'>non</span> <span class='ocrx_word' id='word_1_545' title='bbox 2044 3081 2149 3133; x_wconf 90' lang='lat' dir='ltr'>quod</span> <span class='ocrx_word' id='word_1_546' title='bbox 2174 3083 2310 3121; x_wconf 90' lang='lat' dir='ltr'>Latine</span> <span class='ocrx_word' id='word_1_547' title='bbox 2333 3081 2382 3120; x_wconf 89' lang='lat' dir='ltr'>ab</span> <span class='ocrx_word' id='word_1_548' title='bbox 2410 3092 2456 3120; x_wconf 90' lang='lat' dir='ltr'>eo</span> 
     </span>
     <span class='ocr_line' id='line_1_99' title="bbox 1495 3142 2454 3193; baseline 0 -12"><span class='ocrx_word' id='word_1_549' title='bbox 1495 3144 1646 3193; x_wconf 89' lang='lat' dir='ltr'>scripta</span> <span class='ocrx_word' id='word_1_550' title='bbox 1672 3144 1796 3182; x_wconf 90' lang='lat' dir='ltr'>multa</span> <span class='ocrx_word' id='word_1_551' title='bbox 1826 3148 1996 3183; x_wconf 89' lang='lat' dir='ltr'>aetatem</span> <span class='ocrx_word' id='word_1_552' title='bbox 2028 3143 2232 3192; x_wconf 83' lang='lat' dir='ltr'>tulerunt,</span> <span class='ocrx_word' id='word_1_553' title='bbox 2257 3142 2326 3182; x_wconf 90' lang='lat' dir='ltr'>sed</span> <span class='ocrx_word' id='word_1_554' title='bbox 2351 3143 2454 3193; x_wconf 91' lang='lat' dir='ltr'>quod</span> 
     </span>
     <span class='ocr_line' id='line_1_100' title="bbox 1495 3205 2456 3256; baseline 0.001 -14"><span class='ocrx_word' id='word_1_555' title='bbox 1495 3207 1691 3256; x_wconf 83' lang='lat' dir='ltr'>insignem</span> <span class='ocrx_word' id='word_1_556' title='bbox 1720 3210 1849 3244; x_wconf 86' lang='lat' dir='ltr'>aetate</span> <span class='ocrx_word' id='word_1_557' title='bbox 1874 3216 1946 3244; x_wconf 89' lang='lat' dir='ltr'>sua</span> <span class='ocrx_word' id='word_1_558' title='bbox 1970 3216 2127 3256; x_wconf 88' lang='lat' dir='ltr'>operam</span> <span class='ocrx_word' id='word_1_559' title='bbox 2154 3205 2237 3255; x_wconf 86' lang='lat' dir='ltr'>ipse</span> <span class='ocrx_word' id='word_1_560' title='bbox 2260 3205 2456 3255; x_wconf 86' lang='lat' dir='ltr'>praestitit</span> 
     </span>
     <span class='ocr_line' id='line_1_101' title="bbox 1494 3265 2456 3316; baseline -0.002 -10"><span class='ocrx_word' id='word_1_561' title='bbox 1494 3268 1684 3306; x_wconf 77' lang='lat' dir='ltr'>Ecclesiis</span> <span class='ocrx_word' id='word_1_562' title='bbox 1709 3268 1968 3316; x_wconf 85' lang='lat' dir='ltr'>Germaniae,</span> <span class='ocrx_word' id='word_1_563' title='bbox 1991 3267 2109 3306; x_wconf 89' lang='lat' dir='ltr'>libros</span> <span class='ocrx_word' id='word_1_564' title='bbox 2132 3276 2264 3305; x_wconf 88' lang='lat' dir='ltr'>sacros</span> <span class='ocrx_word' id='word_1_565' title='bbox 2291 3270 2331 3304; x_wconf 91' lang='lat' dir='ltr'>et</span> <span class='ocrx_word' id='word_1_566' title='bbox 2355 3265 2456 3307; x_wconf 90' lang='lat' dir='ltr'>Can-</span> 
     </span>
     <span class='ocr_line' id='line_1_102' title="bbox 1495 3328 2454 3381; baseline 0 -14"><span class='ocrx_word' id='word_1_567' title='bbox 1495 3331 1570 3368; x_wconf 88' lang='lat' dir='ltr'>tica</span> <span class='ocrx_word' id='word_1_568' title='bbox 1589 3331 1624 3367; x_wconf 91' lang='lat' dir='ltr'>in</span> <span class='ocrx_word' id='word_1_569' title='bbox 1652 3331 1824 3381; x_wconf 89' lang='lat' dir='ltr'>linguam</span> <span class='ocrx_word' id='word_1_570' title='bbox 1851 3329 2099 3368; x_wconf 82' lang='lat' dir='ltr'>Theotiscam</span> <span class='ocrx_word' id='word_1_571' title='bbox 2124 3339 2173 3367; x_wconf 67' lang='lat' dir='ltr'>ex⁴</span> <span class='ocrx_word' id='word_1_572' title='bbox 2190 3328 2326 3366; x_wconf 89' lang='lat' dir='ltr'>Latina</span> <span class='ocrx_word' id='word_1_573' title='bbox 2347 3332 2454 3367; x_wconf 88' lang='lat' dir='ltr'>tran—</span> 
     </span>
     <span class='ocr_line' id='line_1_103' title="bbox 1495 3389 2450 3440; baseline -0.003 -10"><span class='ocrx_word' id='word_1_574' title='bbox 1495 3392 1676 3432; x_wconf 80' lang='lat' dir='ltr'>sferendo</span> <span class='ocrx_word' id='word_1_575' title='bbox 1712 3396 1831 3440; x_wconf 82' lang='lat' dir='ltr'>atque</span> <span class='ocrx_word' id='word_1_576' title='bbox 1862 3389 2124 3440; x_wconf 84' lang='lat' dir='ltr'>metapharasi</span> <span class='ocrx_word' id='word_1_577' title='bbox 2157 3391 2320 3429; x_wconf 86' lang='lat' dir='ltr'>metrica</span> <span class='ocrx_word' id='word_1_578' title='bbox 2349 3390 2450 3428; x_wconf 85' lang='lat' dir='ltr'>Teu-</span> 
     </span>
    </p>
   </div>
  </div>
 </body>
</html>
