2533 4009
472 233 549 273 3¹⁴8

470 304 601 342 Abbas
630 301 667 337 S.
699 296 836 335 Mariae
857 292 905 329 de
937 290 1035 326 Arca
1065 299 1098 325 a.
1132 287 1245 326 1503.
1272 297 1419 324 renun-

469 366 596 403 ciatus
624 363 696 397 est.
726 356 829 393 Obiit
858 363 891 390 a.
927 351 1042 388 1511.
1069 359 1176 386 cum·
1194 348 1418 386 Siculorum

471 427 673 465 Oratorem
703 414 805 465 apud
842 409 1134 450 Fordinandum
1168 410 1205 446 in
1237 408 1419 457 Hispania

469 487 614 526 ageret.
657 477 823 525 Scripsit
860 473 924 511 IV.
970 470 1172 510 volumina
1216 469 1255 507 in
1298 466 1421 506 libros

470 524 790 584 sententiarum,
837 533 1012 572 nondum
1056 532 1176 570 edita.
1220 531 1419 581 Impressa

472 616 564 643 vero
595 606 687 640 sunt
707 613 714 637 :
738 599 795 636 De
819 593 1125 636 Reductionibns
1150 590 1418 639 naturalibus,

468 665 512 704 (Ie
550 665 792 701 Futurorum
838 655 1115 708 contiyentium
1145 653 1419 708 difficultate;

471 726 607 766 Oratio
639 721 852 768 Panormi,
884 720 923 758 in
950 718 1092 771 funere
1122 717 1286 755 Joamzis
1317 715 1421 753 Ara-

465 786 646 838 qonensis
662 817 672 833 ,
692 784 768 835 filii
791 780 1038 821 Ferdinandi
1061 781 1102 818 Il
1142 791 1180 816 a.
1213 777 1328 824 1497.
1353 776 1423 815 lia-

469 849 562 888 bita.
583 850 684 887 Hier.
707 848 860 897 Ragusa
879 844 1012 894 Elogia
1030 842 1252 882 Siculorum
1278 851 1314 889 p.
1331 839 1423 877 215.

468 912 684 960 Mongitore
719 908 816 947 Bibl.
849 906 979 945 Sicula
1012 910 1104 942 tom.
1137 902 1184 940 ΙΙ.
1216 913 1302 952 pag.
1333 900 1421 939 197.

470 973 559 1011 198.
586 972 789 1010 Altamura
821 968 916 1007 Bibl.
941 966 1194 1005 Dominicana
1220 973 1306 1013 pag.
1332 961 1422 999 228.

467 1035 548 1073 Jac.
581 1032 718 1079 Quetis
746 1036 840 1069 tom.
866 1031 912 1067 ll.
943 1040 979 1078 p.
1010 1027 1074 1065 21.

526 1091 811 1134 RAINALDUS
827 1103 875 1129 ex
894 1088 1115 1129 Comitibus
1137 1087 1312 1137 Signiae,
1333 1085 1426 1135 Epi-

470 1168 618 1208 scopus
649 1154 870 1195 Cardinalis
901 1151 1115 1196 Ostiensis,
1146 1153 1282 1199 postea
1327 1149 1426 1185 Pon-

468 1220 563 1258 tifex
596 1218 754 1256 nominc
790 1212 1020 1253 Alexand-ri
1048 1212 1113 1250 IV.
1145 1211 1193 1248 de
1223 1221 1302 1260 quo
1341 1209 1426 1259 plu-

470 1283 582 1319 rimis
607 1280 687 1329 jam
719 1278 799 1328 egit
825 1276 1028 1314 Fabricius
1066 1278 1200 1312 noster
1243 1283 1361 1321 supra
1398 1276 1424 1308 t.

470 1345 497 1381 l.
537 1353 624 1393 pag.
673 1340 735 1379 56.
784 1338 894 1377 Adde
934 1348 1067 1383 nunc,
1106 1333 1300 1385 quasdam
1339 1332 1427 1383 ejus

471 1401 670 1454 Epistolas
695 1401 740 1440 ad
763 1401 979 1450 Episcopos
1004 1402 1043 1435 et
1066 1396 1241 1435 Abbates
1262 1395 1425 1432 Sueciao

472 1466 605 1505 haberi
639 1466 674 1502 in
706 1466 762 1501 Jo.
794 1461 970 1500 Vastovii
1002 1460 1082 1496 vite
1113 1456 1320 1506 Aquilonia
1350 1455 1425 1492 sul)

474 1529 622 1574 tinem,
658 1525 754 1564 alias
783 1524 966 1572 Magistro
998 1519 1208 1569 Hospitalis
1238 1518 1274 1556 S.
1307 1517 1425 1567 Spiri-

472 1595 538 1627 tus
569 1589 744 1626 l'isarum
773 1586 808 1622 in
838 1583 988 1634 Ugbelli
1021 1581 1128 1618 ltalia
1150 1580 1280 1618 Sacra.
1312 1577 1425 1616 Adde

472 1650 627 1690 Oldoini
669 1647 919 1685 Athenaeum
958 1644 1177 1680 Romanum
1213 1651 1298 1690 pag.
1336 1638 1426 1677 574.

471 1716 510 1748 et
540 1712 605 1759 qui
638 1709 686 1746 ibi
718 1708 852 1757 plures
876 1706 1062 1742 citantur.

526 1768 816 1809 BAlNALDUS
833 1796 841 1813 ,
859 1766 966 1804 Prior
983 1765 1022 1802 S.
1037 1763 1149 1814 Eligii
1169 1759 1426 1808 Parisie-nsis,

470 1833 588 1883 cujus
617 1827 905 1871 commentarii·
931 1838 970 1864 za
995 1822 1330 1868 Pentateuchum,
1363 1822 1427 1858 Jo-

476 1906 618 1940 suam,
663 1891 847 1937 Judices,
885 1887 985 1928 Ruth
1021 1890 1058 1925 et
1097 1884 1274 1924 Jesaz'am
1316 1883 1425 1922 MSS.

472 1958 746 1995 memorantur
789 1964 810 1990 a
846 1948 1145 1989 Montefalconio
1184 1945 1279 1984 Bibl.
1318 1945 1425 1984 MSS.

473 2030 506 2067 p.
540 2017 657 2056 1278.

525 2076 807 2116 RAlNALDUS
825 2071 1084 2112 Persichellus
1103 2101 1110 2120 ,
1127 2070 1427 2117 Cremonensis,

475 2140 753 2178 humaniorum
785 2137 986 2174 literarum
1020 2134 1219 2172 Professor
1255 2133 1357 2169 circa
1394 2142 1426 2167 a.

476 2202 592 2240 1361.
638 2200 743 2237 varia
778 2209 798 2236 e
835 2198 966 2235 Poetis
996 2195 1181 2242 Graecis,
1218 2194 1428 2243 praecipuo

476 2262 667 2307 Pindaro,
699 2260 834 2297 Latine
866 2259 1013 2305 vertit,
1040 2256 1197 2305 scripsit
1220 2254 1431 2306 Epz'yram-

478 2326 614 2369 mata,
653 2321 698 2359 (le
741 2319 880 2359 Italiae
909 2318 1084 2370 antiquis
1113 2320 1149 2355 ct
1183 2314 1428 2355 clarioribus

482 2382 677 2431 urbibus,
722 2381 767 2420 (Ic
810 2381 894 2420 vita
928 2378 1134 2426 solitaria,
1177 2377 1223 2416 cle
1265 2377 1431 2416 hominis

474 2446 659 2484 discursu
701 2443 800 2495 disp.
832 2445 866 2482 3.
898 2443 1014 2481 Arisii
1045 2442 1242 2480 Cremona
1272 2440 1428 2478 literata

473 2514 565 2545 torn.
597 2508 624 2545 I.
656 2518 691 2556 p.
725 2505 816 2544 175.

528 2567 815 2606 RAlNALDUS
842 2567 1025 2605 Persicus
1050 2567 1216 2612 Comes,
1241 2563 1426 2603 Matthaei

474 2631 606 2677 silius,
645 2630 818 2667 Viciniae
856 2629 895 2667 S.
927 2629 1027 2666 l‘etri
1058 2627 1106 2665 de
1138 2626 1264 2671 Pado,
1303 2626 1427 2664 JCtus

478 2691 786 2736 Cremonensis,
817 2690 1011 2738 legatione
1042 2688 1089 2727 ad
1131 2689 1303 2726 Venetos
1341 2686 1428 2724 fun-

471 2758 560 2792 ctus
590 2756 676 2799 est,
708 2752 802 2789 obiit
830 2763 862 2789 a.
897 2751 1009 2789 4505.
1037 2755 1076 2787 ot
1107 2747 1422 2789 Consultationes

475 2812 635 2864 Lessales
665 2813 837 2862 reliquit.
869 2811 1009 2849 ibidem
1042 2823 1077 2861 p.
1109 2813 1197 2850 355.

524 2874 811 2913 RAlNALDUS
840 2871 886 2909 (le
915 2873 1086 2919 Semur,
1112 2882 1146 2909 a.
1179 2871 1267 2909 118.
1292 2881 1427 2908 mona-

473 2936 574 2974 chus
604 2935 905 2980 Cluniacensis,
936 2933 1068 2971 Abbas
1107 2932 1425 2977 Eezeliacensis,

475 3001 563 3045 post
583 2996 914 3045 Archiepiscopus
942 2994 1218 3044 Lugdunensis
1248 3005 1279 3031 a.
1309 2991 1423 3030 1128.

475 3058 567 3094 obiit
595 3068 698 3095 anno
728 3057 922 3107 sequenti.
950 3057 1114 3106 Scripsit
1143 3054 1267 3093 Vitam
1296 3054 1428 3103 Παρο-

469 3117 532 3155 uis
548 3116 712 3157 Abbatis
731 3118 1004 3157 Cluniacensis
1022 3148 1030 3165 ,
1050 3122 1090 3156 ct
1106 3116 1296 3167 Ejusdem
1317 3116 1426 3153 Vitae

478 3178 671 3228 Synopsz’n
699 3180 931 3228 metricam,
961 3191 1063 3229 quae
1093 3179 1322 3230 prodierunt
1353 3177 1428 3226 pri-

482 3248 589 3274 murn
638 3241 673 3275 in
713 3242 949 3279 Bibliotheca
980 3240 1230 3279 Cluniacensi
1262 3251 1297 3288 p.
1337 3238 1424 3275 618.

478 3296 560 3332 631.
597 3303 726 3345 postea
761 3303 796 3337 in
830 3303 938 3339 Actis
969 3304 1203 3341 Sanctorum
1237 3306 1314 3338 tom
1361 3300 1422 3337 lll.

1246 211 1665 252 RAINERIUS

1494 281 1639 331 Aprilis
1668 292 1704 331 p.
1735 281 1825 319 648.
1857 283 2078 333 Utrumque
2108 281 2214 321 MSS.
2248 281 2308 320 bis
2331 281 2447 321 adest

1496 345 1532 381 in
1563 342 1661 381 Bibl.
1686 342 1884 381 Vaticana.
1909 345 2160 383 MontFaucon
2192 344 2216 382 l.
2246 354 2283 382 c.
2313 354 2350 393 p.
2383 343 2446 381 74.

1494 405 1556 443 76.
1583 404 1824 442 Possevinus
1848 408 1953 443 tomo
1977 407 2023 444 11.
2048 406 2273 456 Apparatus
2294 416 2327 454 p.
2355 392 2445 444 311.

1494 466 1583 504 212.
1609 464 1733 503 Gallia
1759 464 1983 504 Christiana
2013 471 2106 505 tom.
2132 467 2196 506 IV.
2221 466 2370 517 ρ.115.

1547 525 1858 571 RAINALDUS,
1889 526 2109 577 Episcopus
2146 527 2343 567 Senensis.

1546 586 1649 637 Ejus
1681 590 1743 624 est
1768 585 1994 637 Reyz'strum
2013 588 2244 638 patrimonii
2272 589 2314 627 S.
2340 586 2455 626 Petri

1496 649 1536 688 in
1579 648 1722 688 Tuscia
1761 659 1794 686 a.
1836 649 1933 687 1291
1969 651 2259 699 compositum,
2296 650 2374 689 MS.
2413 650 2450 686 in

1496 711 1590 749 Bibl.
1610 711 1849 749 Colbortina.
1869 711 1983 748 Bern.
2007 709 2055 748 de
2072 711 2322 750 Montfauoon
2349 711 2447 750 Bibl.

1495 773 1826 812 Bibliothecarum
1857 772 1964 811 MSS.
1996 783 2032 822 p.
2063 772 2158 811 926.

1546 833 1836 873 RAtNALDUS
1865 831 2109 873 Wilducczus
2127 861 2135 881 ,
2157 833 2449 880 Foroliviensis,

1499 897 1675 946 Scriptor
1709 896 1832 934 seculi
1864 895 1964 933 XlV.
1995 893 2113 945 cujus
2142 895 2288 945 scripta
2319 896 2356 932 in
2392 896 2456 934 Bi-

1500 958 1706 996 bliotliecis
1735 957 2000 996 adservantur
2030 958 2264 1006 sequentia:
2294 956 2455 995 Tracta-

1500 1022 1561 1058 tus
1599 1017 1644 1056 de
1673 1021 1817 1069 septem
1845 1018 2145 1064 Sacramentis;
2174 1018 2382 1057 Sermones
2409 1017 2450 1056 in

1503 1079 1746 1132 Evanqelia,
1791 1078 2014 1131 Epistulas,
2052 1078 2455 1130 Quadraqesimales,

1500 1142 1546 1182 cle
1570 1141 1696 1181 Festis
1721 1139 1965 1179 annualibus
1980 1171 1990 1188 ,
2016 1144 2053 1178 et
2073 1143 2214 1178 contra
2235 1138 2437 1179 Hebraeos
2446 1153 2458 1187 ‚·

1502 1206 1595 1243 item
1628 1203 1674 1242 dc
1713 1201 2014 1242 Resurrectione
2050 1204 2310 1240 mortuorum.
2342 1202 2457 1241 Plura

1500 1267 1549 1305 de
1575 1268 1657 1317 ipso
1680 1277 1756 1304 non
1783 1270 1878 1303 sunt
1901 1265 2069 1314 cognita.
2090 1262 2160 1302 Ge.
2184 1264 2336 1303 Viviani
2359 1264 2457 1302 Mar-

1501 1329 1744 1368 chesliVitae
1762 1325 2296 1366 illustriumForoliviensum
2313 1336 2350 1375 p.
2369 1325 2457 1364 163.

1555 1389 1826 1429 RAINERIUS
1869 1386 2131 1434 Alamannus,
2176 1387 2310 1424 nescio
2353 1379 2454 1436 qui's.

1500 1451 1598 1501 Ejus
1619 1455 1682 1490 est
1707 1453 1918 1489 Tractatus
1940 1449 2071 1488 dictus
2097 1446 2359 1500 Fayfacelus,
2386 1458 2458 1486 seu

1500 1514 1546 1552 cle
1575 1511 1754 1552 moribus
1782 1523 1820 1550 m
1844 1522 1979 1549 mensa
2004 1509 2238 1562 requisitis,
2268 1508 2455 1557 metrice,

1502 1577 1568 1626 qui
1614 1575 1746 1613 editus
1788 1577 1851 1611 est
1901 1572 1976 1611 sub
2009 1573 2168 1611 nomine
2197 1570 2335 1610 Faceti
2365 1581 2457 1610 curn

1502 1638 1764 1682 Commento,
1800 1634 1868 1672 sed
1902 1635 2059 1672 nomine
2089 1634 2182 1672 anni
2211 1637 2252 1672 et
2281 1633 2353 1671 loci
2379 1644 2456 1670 non

1504 1698 1649 1737 addito.
1683 1698 1729 1735 lt.
1754 1698 1964 1735 Tractatus
1988 1696 2090 1735 alius
2119 1694 2251 1734 dictus
2276 1693 2460 1746 Pamphi-

1503 1758 1588 1807 lus,
1618 1758 1666 1797 do
1697 1769 1855 1805 amore,
1888 1759 2063 1796 metrice.
2093 1756 2170 1795 MS.
2201 1761 2263 1796 est
2293 1757 2330 1795 in
2356 1756 2455 1795 Bibl.

1506 1821 1734 1860 monasterii
1780 1820 1981 1858 Dunensis
2018 1820 2056 1857 in
2096 1818 2305 1868 Flandria,
2343 1823 2460 1869 prout

1504 1887 1677 1921 testatur
1707 1881 1802 1920 Ant.
1831 1880 1996 1920 Sanderi
2027 1880 2124 1919 Bibl.
2155 1880 2309 1931 Belgica
2349 1881 2456 1920 MSS.

1505 1956 1539 1994 p.
1566 1944 1657 1982 204.
1682 1941 1937 1994 Fayifacetus
1967 1941 2112 1981 dicitur
2137 1942 2173 1979 in
2196 1941 2338 1982 Codice
2362 1941 2458 1981 Bibl.

1503 2006 1703 2044 Paullinae.
1723 2005 1964 2055 Lipsiensis,
1991 2008 2093 2041 teste
2117 2003 2304 2054 Catalogo
2320 2003 2459 2042 Felleri

1504 2080 1540 2119 p.
1557 2068 1644 2107 389·
1664 2068 1844 2105 Fortasse
1878 2076 1953 2102 vox
1995 2064 2161 2114 hybrida
2185 2069 2247 2103 est
2271 2077 2292 2104 a
2326 2067 2462 2112 φογειν

1503 2127 1728 2177 comedere,
1772 2132 1811 2166 ct
1839 2126 2032 2179 facetiae,
2064 2131 2107 2165 ut
2137 2127 2308 2166 facetum
2355 2129 2459 2166 inter

1503 2190 1795 2230 comedendum
1820 2188 1979 2227 vivendi
2008 2199 2157 2226 morem
2182 2188 2381 2228 ostendat.

1557 2253 1828 2292 RAlNERlUS
1864 2249 2109 2299 Arsendius,
2155 2250 2466 2300 Foroliviensis,

1503 2317 1647 2354 Romae
1665 2316 1836 2365 primum
1855 2313 2027 2352 Auditor
2043 2313 2150 2351 Sacri
2169 2312 2302 2351 Palatii
2321 2342 2331 2359 ‚
2351 2312 2462 2351 dein-

1503 2377 1550 2415 de
1580 2377 1776 2415 Bononiae
1806 2375 1854 2413 ab
1883 2386 1915 2413 a.
1950 2375 2064 2413 1321.
2097 2385 2224 2424 usque
2260 2373 2307 2413 ad
2345 2375 2459 2414 1338.

1502 2441 1574 2479 Jus
1604 2437 1763 2484 docuit,
1795 2436 1858 2475 ubi
1889 2436 2090 2475 Bartolum
2121 2435 2169 2474 de
2211 2436 2462 2475 Saxoferrato

1501 2500 1741 2550 discipulum
1780 2498 1929 2537 habuit.
1972 2496 2017 2536 Α.
2064 2497 2311 2536 Carolo·lV.
2357 2499 2455 2548 Imp.

1501 2564 1718 2602 Caesareae
1748 2560 1872 2598 Aulae
1902 2559 2164 2599 Consiliarius
2207 2558 2432 2598 declaratus
2453 2588 2462 2606 ,

1501 2625 1599 2662 Pisis
1628 2623 1768 2661 docere
1800 2621 1964 2668 maluit,
1998 2619 2060 2659 ubi
2091 2620 2293 2659 Bartolum
2337 2620 2465 2659 Colle-

1503 2697 1591 2735 gam
1623 2684 1771 2723 habuit.
1804 2684 1895 2720 Post
1930 2692 1964 2720 a.
1998 2680 2112 2721 1311.
2156 2681 2204 2720 ab
2248 2681 2461 2728 Ubertino,

1504 2747 1653 2785 Patavii
1683 2745 1875 2792 Domino,
1921 2746 2203 2781 sexcentorum
2248 2753 2459 2782 aureorum

1503 2808 1645 2846 salario
1675 2806 1880 2844 Patavium
1914 2808 2080 2842 vocatus
2109 2808 2197 2851 est,
2235 2808 2279 2842 ut
2322 2802 2462 2842 Cortu-

1503 2870 1650 2906 siorum
1684 2867 1850 2904 Historia
1882 2866 1982 2904 Vlll.
2016 2866 2075 2903 44.
2122 2864 2262 2912 docet,
2300 2865 2462 2904 tandem

1502 2942 1535 2967 a.
1571 2929 1671 2966 1358
1712 2928 1801 2965 fatis
1829 2928 2040 2965 concessit.
2070 2925 2168 2976 Ejus
2203 2931 2265 2965 est
2312 2926 2463 2977 Repeti—

1504 2989 1553 3028 tio
1585 2989 1615 3027 I.
1639 2999 1770 3027 omnes
1795 2989 1934 3039 populi
1972 2987 2015 3038 ff.
2059 2988 2221 3027 Justz'cza
2263 2993 2301 3026 et
2342 2988 2461 3037 Iure,

1502 3063 1619 3101 quam
1654 3050 1861 3088 Albericus
1891 3050 1939 3088 de
1969 3051 2112 3088 Rosate
2143 3050 2343 3090 Tractatui
2383 3054 2463 3088 sta-

1503 3119 1679 3152 tutorum
1712 3115 1906 3160 inseruit,
1935 3117 1975 3150 et
2007 3110 2193 3152 Consilia.
2237 3110 2464 3150 Acidinum-s

1502 3185 1625 3224 super
1656 3173 1906 3225 Infortiatum
1931 3174 2036 3212 MSS.
2063 3177 2158 3212 sunt
2188 3174 2225 3210 in
2247 3172 2343 3211 Bibl.
2366 3173 2462 3210 Pau-

1502 3237 1579 3274 lina
1613 3237 1832 3286 Lipsiensi,
1872 3239 1974 3274 teste
2019 3235 2204 3285 catalogo
2247 3233 2461 3272 Felleriano

1502 3310 1536 3347 p.
1569 3298 1657 3335 311.
1686 3298 1754 3334 Ge.
1787 3298 1978 3336 Vivianus
2008 3295 2253 3334 Marohesius
2282 3293 2330 3332 do
2357 3295 2457 3333 Viris
