2533 4009
465 267 540 306 120

462 349 505 377 ac
536 347 652 387 saepo
682 333 917 385 separatim.
948 336 984 368 et
1030 333 1230 374 Joanneo
1262 333 1412 371 Fuchte

461 404 650 445 curante,
689 392 904 434 Helmstad.
951 393 1064 432 4622.
1098 392 1134 431 [ι.
1165 397 1205 431 et
1237 394 1272 432 in
1316 396 1412 434 Dav.

461 461 649 500 Thomani
681 459 728 495 ab
758 456 981 505 Hagelstein
1007 455 1119 493 Actis
1139 455 1307 506 publicis
1333 469 1414 495 mo-

459 523 619 562 netariis
650 526 674 556 t.
699 521 711 556 4
742 529 827 567 pag.
857 517 945 556 227.
976 517 1180 566 Augustae
1208 518 1321 557 4692.
1349 519 1410 556 fol.

509 584 636 639 Jugvta
666 583 726 618 est
752 579 873 619 Salus
904 591 990 618 mea
1014 583 1059 618 ut
1085 580 1242 629 veniat,
1275 582 1413 619 Sermo

456 646 500 683 Α.
535 644 647 681 4364.
691 652 822 680 coram
870 642 1025 681 Urbano
1055 643 1099 681 V.
1128 647 1168 679 et
1198 642 1412 682 Cardinali-

455 708 529 745 bus
559 705 717 743 habitus
737 735 746 752 ,
778 705 847 754 qui
876 704 924 743 ab
954 705 1082 743 Flacio
1128 704 1282 754 Illyrico
1312 706 1413 744 Cen—

460 769 647 806 turiatore
678 768 714 804 in
747 766 977 815 Catalogum
1022 767 1186 805 testium
1230 768 1413 805 veritatis

454 830 603 867 relatus
632 833 721 877 est,
751 840 838 880 pag.
869 829 958 867 878.
990 829 1088 867 edit.
1115 830 1265 879 primae
1302 834 1341 867 et
1373 831 1409 867 in

453 898 548 930 tom.
581 894 594 930 i
632 892 845 929 lectionum
878 891 1193 930 memorabilium
1223 894 1282 929 Jo.
1303 892 1410 929 Wol-

454 954 490 992 sii
523 965 608 1003 pag.
638 954 727 991 648.
773 955 987 1003 separatim
1033 964 1192 1003 quoque
1227 952 1359 991 editus
1387 966 1408 992 a

454 1016 531 1055 Sal.
562 1014 739 1053 Gesnero
771 1016 927 1053 uiuri).
960 1015 1075 1054 4604..

510 1076 686 1128 Epistola
715 1075 891 1127 Luciferi
911 1077 959 1115 ad
979 1076 1179 1114 Praelatos
1196 1075 1408 1126 Ecclesiae,

453 1140 557 1178 edita
588 1151 609 1177 a
640 1139 778 1177 Flacio.
810 1137 985 1187 Magdeb.
1019 1137 1133 1177 istie.
1166 1139 1202 1176 8.
1228 1143 1268 1177 et
1294 1139 1330 1176 in
1352 1140 1411 1177 Jo.

454 1202 586 1239 Woliii
620 1203 722 1238 Leet.
756 1201 1000 1239 memorabil.
1032 1206 1125 1239 tom.
1159 1203 1172 1240 t
1213 1214 1249 1252 p.
1281 1201 1368 1240 654.

507 1265 716 1301 Tractatus
758 1262 804 1301 (le
857 1261 1124 1313 Antichristo,
1167 1262 1255 1313 ejus
1301 1264 1413 1302 Mini—

453 1328 572 1372 stris,
601 1325 806 1371 adventu⁷
838 1326 962 1376 signis
992 1326 1226 1375 propinquis
1270 1331 1310 1363 et
1353 1337 1413 1363 ro-

454 1390 595 1437 motis,
616 1394 655 1427 et
673 1389 709 1427 S.
729 1389 930 1438 Scriptura
951 1388 1108 1434 ‚editus
1129 1388 1178 1425 ab
1200 1387 1412 1427 Edmundo

452 1453 627 1490 Martene
658 1455 686 1488 t.
717 1452 770 1488 IX
802 1454 1156 1488 monumentorum
1188 1461 1227 1500 p.
1260 1450 1376 1489 4274.

506 1512 730 1551 Aristotelis
760 1510 923 1550 Politica
951 1516 992 1550 et
1023 1510 1277 1550 Oeconomica
1319 1523 1410 1551 cum

454 1576 770 1614 Glossematibus
799 1575 945 1613 Gallice
976 1585 1118 1622 versa,
1151 1576 1328 1614 Lutetiae
1373 1576 1409 1614 in

453 1639 514 1676 fol.
533 1649 636 1676 anno
653 1637 1040 1677 MCCCCLXXXVI.
1074 1637 1177 1687 apud
1195 1638 1410 1677 Antonium

452 1700 687 1739 Verardum.

508 1763 652 1800 Decem
699 1762 782 1800 libri
829 1760 1059 1799 Etliicorum
1096 1760 1345 1811 Aristotelis,
1374 1767 1414 1800 et

448 1825 584 1875 plures
631 1825 715 1862 libri
779 1823 980 1863 Ciceronis
1026 1830 1066 1861 et
1113 1825 1280 1863 aliorum
1344 1835 1413 1862 au-

449 1891 603 1925 ctorum
665 1886 811 1924 Gallice
873 1887 1010 1936 versi,
1074 1888 1252 1925 Lutetiae
1308 1898 1411 1925 anno

448 1949 869 1988 MCCCCLXXXVIH.
901 1949 1005 1999 apud
1036 1949 1235 1997 eundem,
1267 1949 1330 1986 fol.

503 2011 715 2050 Francisci
734 2011 975 2050 Petrarchae
999 2011 1047 2050 de
1070 2011 1256 2050 remediis
1286 2012 1412 2050 utriu-

448 2086 547 2125 sque
579 2075 760 2112 fortunae
791 2075 914 2122 liber,
946 2074 1093 2112 Gallice
1125 2085 1299 2120 versus,
1329 2073 1411 2111 edi-

450 2142 516 2175 tus
548 2138 726 2175 Lutetiae
756 2148 860 2175 anno
889 2137 1144 2175 MDXXXIV.

503 2200 714 2237 Tractatus
755 2197 800 2236 de
844 2197 1025 2250 Sptzacra
1053 2198 1201 2236 Gallice
1239 2209 1406 2247 versuS‚

453 2262 494 2299 Ι..
522 2261 652 2310 capita
681 2261 915 2308 continens,
950 2261 1126 2298 Lutetiae
1157 2271 1260 2298 anno
1292 2260 1406 2299 4546.

451 2323 553 2374 apud
585 2323 787 2361 Simonem
820 2324 1052 2372 Lignanum.

839 2385 1021 2424 Inedita·

503 2450 712 2487 Tractatus
729 2447 774 2486 a'e
791 2447 1148 2488 Communicatione
1160 2447 1407 2496 Idiomatum,

451 2523 486 2548 in
519 2511 699 2548 Biblioth.
732 2511 945 2559 Vaticana;
975 2512 1200 2559 Navarrae,
1233 2514 1273 2548 ct
1302 2510 1406 2548 alibi.

504 2574 714 2610 Tractatus
743 2571 790 2610 de
820 2572 908 2610 Dici
934 2571 980 2610 de
1004 2571 1111 2610 omni
1126 2572 1166 2610 in
1183 2572 1348 2621 Divinis,
1369 2574 1405 2610 in

452 2634 690 2672 Bibliotheca
725 2635 948 2682 Victorino,
967 2634 1015 2672 de
1045 2646 1123 2684 quo
1153 2636 1407 2673 Possevinus.

506 2698 718 2735 Tractatus
747 2695 792 2734 de
826 2696 1146 2736 Divinationibus
1181 2701 1319 2736 contra
1341 2699 1411 2736 Ju-

453 2756 639 2795 diciarios
663 2758 941 2806 Astronornos,
972 2764 1012 2797 et
1046 2761 1247 2810 Principes
1285 2761 1322 2797 in
1354 2764 1411 2798 ta-

453 2819 557 2858 libus
586 2830 628 2857 se
670 2826 942 2869 occupantes:
973 2822 1059 2858 sive
1091 2826 1225 2860 utrum
1258 2833 1322 2859 res
1352 2822 1411 2859 fu-

454 2886 566 2919 turae
596 2882 749 2930 possint
779 2882 964 2930 praesciri
990 2893 1059 2931 per
1077 2882 1351 2932 Astrologiam.
1371 2883 1407 2919 in

457 2942 596 2981 eadem
615 2942 869 2987 Bibliotheca,
886 2940 1003 2992 cujus
1033 2944 1411 2981 meminerunt'l'bo—

456 3016 543 3044 mas
570 3005 828 3043 Lexoviensis
845 3008 885 3042 et
901 3005 959 3041 .lo.
973 3005 1087 3043 Picus
1098 3004 1408 3043 Mirandulanus.

513 3069 723 3106 Tractatus
752 3066 797 3105 cte
835 3065 1155 3119 proportionibus
1193 3066 1413 3118 proportio-

474 3199 506 3236 a)
521 3202 673 3231 Perottus
692 3202 893 3232 Bassai-ionis
912 3199 1007 3231 Card.
1024 3200 1271 3231 contubernalis
1288 3201 1321 3230 in
1337 3200 1419 3230 Con-

452 3248 536 3279 clavi
555 3254 629 3287 post
647 3250 738 3281 Pauli
757 3253 797 3281 ΙΙ.
820 3250 950 3282 obitum
964 3249 1045 3289 (non
1071 3252 1120 3281 Pii
1140 3251 1178 3280 ΙΙ.
1195 3254 1232 3281 ut
1249 3251 1419 3288 menagius

453 3306 486 3336 p.
514 3297 548 3327 10
579 3298 759 3330 lectionum
784 3301 817 3330 in
838 3300 978 3331 Carmen
1002 3301 1069 3331 Vll.
1094 3297 1322 3337 petrarchae.)
1352 3303 1419 3329 tres

453 3347 643 3378 cardinales
661 3351 854 3379 Bessarione
872 3351 911 3380 (le
928 3350 1088 3389 suffragio
1106 3358 1165 3381 suo
1182 3349 1352 3381 offerendo
1370 3349 1419 3379 al-

457 3397 625 3429 locuturos
642 3398 774 3437 repulit,
792 3403 962 3430 caussatus
976 3400 1016 3431 ab
1030 3408 1068 3432 eo
1085 3401 1204 3433 studiis
1220 3401 1347 3431 intento
1365 3407 1419 3430 ne-

1265 260 1652 302 NICOLAUS

1488 345 1596 382 num,
1615 333 1773 380 ibidem,
1789 334 1904 384 eujus
1929 336 2114 374 meminit
2132 335 2440 377 Mirandulanus.

1539 397 1748 434 Tractatus
1777 394 1823 433 de
1847 396 2068 436 Latitudine
2095 398 2345 450 Formarum,
2373 400 2443 439 ibi-

1487 457 1578 496 dem
1610 462 1649 496 et-
1680 458 1718 494 in
1748 456 1987 497 Bibliotheca
2016 460 2241 500 Navarrica.

1541 521 1752 559 Tractatus
1781 517 1828 557 de
1863 518 1958 557 Arte
1983 521 2271 572 Praedz'candi,
2313 525 2350 562 in
2381 525 2443 564 Bi-

1487 580 1682 621 bliotheca
1714 581 1850 620 Sancti
1880 581 2060 620 Victoris.

1541 646 1751 683 Tractatus
1766 641 1813 681 de
1835 641 1954 682 Malis
1972 646 2150 686 venturis
2173 658 2293 700 super
2311 646 2446 687 Eccle-

1486 706 1591 746 siam
1609 736 1618 753 ,
1649 705 1808 744 ibidem.

1542 767 1727 807 Rationes
1759 771 1798 806 et
1819 778 1966 806 causae
1983 767 2165 821 plurium
2201 770 2446 811 Mirabilium

1486 830 1526 868 in
1552 831 1740 877 Natura⁷
1771 829 1930 869 ibidem.

1537 893 1651 931 Plura
1663 891 1893 941 Quocllibeta
1905 897 1944 931 et
1954 893 2454 944 diversaeQuaestiones,il).

1535 953 2444 1006 TractatusdeConfiyurationeQualitatum‚ib.

1538 1017 1738 1066 Scriptum
1761 1020 1901 1055 contra
1924 1017 2269 1066 Mendicationem,
2289 1019 2445 1059 ibidem.

1538 1080 1750 1118 Tractatus
1775 1078 1821 1118 de
1848 1078 2121 1132 Uniformitate
2144 1083 2182 1119 et
2203 1080 2447 1131 Difformita-

1486 1144 1521 1179 te
1553 1140 1838 1190 Intentionum,
1865 1142 2024 1181 ibidem.

1538 1205 1692 1242 Decisio
1717 1205 1974 1250 Quaestionis
1991 1235 2000 1251 ,
2033 1205 2173 1243 Utrum
2197 1209 2377 1257 oporteat
2408 1206 2448 1245 in

1484 1264 1591 1303 omni
1607 1276 1706 1305 casu
1720 1265 1896 1317 judicem
1907 1265 2096 1316 judicare
2115 1267 2330 1306 secundum
2349 1267 2447 1307 alte-

1484 1331 1579 1379 9ata
1611 1331 1648 1366 ct
1670 1327 1871 1380 probata,
1903 1328 2059 1368 ibidem.

1541 1393 1752 1430 Tractatus
1795 1390 1841 1430 de
1882 1390 2142 1443 Proportione
2189 1391 2443 1431 Velocitatum

1487 1453 1527 1491 in
1565 1452 1759 1504 motibus,
1799 1454 1837 1492 ln
1864 1453 2106 1492 Bibliotheca
2135 1454 2334 1493 Navarrici
2360 1455 2447 1495 Col-

1488 1516 1594 1567 legii,
1619 1522 1659 1554 et
1684 1517 2065 1566 Augustinianorum
2092 1517 2372 1556 parisiensium
2397 1517 2444 1556 ad

1489 1581 1650 1618 Pontem
1684 1580 1852 1618 Novum.

1542 1645 1570 1681 T
1576 1647 1752 1681 ractatus
1782 1640 1828 1680 de
1859 1640 2128 1690 Instantibus,
2154 1641 2310 1681 ibidem.

1541 1706 1692 1744 Sacrae
1723 1703 1935 1744 Conciones
1959 1705 1997 1742 in
2024 1715 2147 1743 unum
2171 1704 2359 1743 volumen
2385 1716 2446 1743 re-

1488 1768 1652 1814 dactae,
1682 1778 1848 1805 numero
1878 1769 2031 1805 centum
2060 1771 2097 1806 et
2129 1766 2377 1818 quindecim,
2404 1769 2443 1805 in

1487 1829 1729 1868 Bibliotheca
1748 1828 2130 1879 Augustinianorum
2151 1829 2444 1868 Parisiensium.

1486 1893 1634 1931 Horum
1681 1902 1911 1930 sermonum
1969 1891 2074 1930 tituli
2122 1897 2163 1930 et
2209 1895 2444 1942 argumenta

1486 1953 1593 2006 apud
1624 1953 1847 2005 Launojum
1875 1965 1913 2004 p.
1944 1954 2031 1992 459.
2055 1964 2137 2003 seq.
2163 1953 2389 1992 videantur.

1538 2015 1789 2056 NICOLAUS
1811 2015 2120 2055 Panormitanus
2143 2017 2181 2053 in
2204 2015 2335 2055 Sicilia
2354 2016 2447 2067 Epi-

1486 2089 1660 2129 scopus,
1694 2079 1797 2116 intra
1821 2106 1828 2124 ‚
1859 2075 2048 2116 Nicotaus
2067 2076 2114 2116 de
2142 2076 2336 2116 Tudescis.

1537 2139 1791 2180 NICOLAUS
1821 2137 1868 2177 de
1899 2137 2150 2191 Pennaforti‚
2175 2143 2314 2179 auctor
2337 2150 2448 2178 sum-

1482 2214 1570 2241 mae
1600 2202 1885 2251 Theologicae,
1914 2212 2034 2252 quam
2065 2202 2241 2252 Cangius
2269 2201 2444 2240 evolvis-

1483 2276 1526 2303 se
1572 2275 1615 2302 se
1646 2265 1778 2301 innuit
1825 2264 1862 2301 in
1906 2263 2146 2302 Bibliotheca
2184 2264 2450 2314 Sangerman-

1482 2328 1594 2364 nensi
1615 2357 1625 2374 ,
1656 2325 1798 2365 Codice
1829 2326 1918 2364 525.
1949 2326 2083 2364 Notior
2113 2325 2153 2364 S.
2177 2326 2301 2376 Raym
2315 2324 2447 2364 undus

1483 2388 1530 2427 de
1547 2388 1770 2427 Pennaforti
1792 2417 1799 2435 ,
1825 2387 1874 2426 de
1896 2385 2012 2438 cujus
2037 2386 2313 2438 Raymundina
2338 2397 2447 2425 sum-

1484 2462 1546 2489 ma
1576 2451 1743 2500 aliisque
1774 2451 1933 2500 scriptis
1964 2450 2090 2498 infra,
2122 2447 2433 2488 PENNAFORT.

1542 2512 1794 2552 lN'lCOlAUS
1838 2513 2021 2550 Perottus
2062 2511 2260 2550 Francisci
2305 2511 2345 2549 F.
2376 2521 2446 2548 ex—

1482 2576 1634 2613 tinctus
1663 2573 1707 2612 A.
1741 2573 1859 2612 4480.
1889 2574 1950 2612 43.
1979 2573 2186 2612 Decembr.
2222 2572 2333 2615 „bene
2376 2582 2446 2610 no-

1485 2640 1620 2674 scetur
1649 2648 1697 2673 ex
1731 2635 1802 2674 hoe
1833 2636 1958 2686 ipsius
1986 2634 2186 2686 epitaphio
2214 2633 2318 2685 apud
2349 2634 2447 2672 Bzo-

1486 2700 1595 2737 vium
1626 2698 1672 2736 ad
1704 2697 1876 2736 eundem
1907 2708 2056 2735 annum
2090 2708 2127 2734 n.
2158 2695 2220 2735 50.
2250 2695 2296 2732 D.
2320 2693 2362 2733 Ο.
2393 2694 2445 2733 Μ.

1484 2759 1651 2799 Nicolao
1678 2761 1832 2797 Perotto
1855 2757 2188 2810 Saoeoferratensi
2225 2753 2272 2793 ob
2311 2765 2447 2794 recon-

1486 2823 1607 2861 ditam
1638 2821 1926 2868 eruditionem,
1958 2819 2185 2870 iniquarum
2215 2816 2446 2869 principum

1481 2884 1673 2934 peritiam
1696 2913 1703 2931 ‚
1724 2881 2045 2934 sinqularemque
2082 2879 2315 2933 facundiam
2334 2908 2341 2927 ‚
2376 2889 2446 2917 nec

1486 2957 1563 2983 non
1593 2943 1769 2983 illustria
1815 2944 1878 2982 rei
1913 2943 2134 2982 litterariae
2162 2944 2413 2981 monumenta
2433 2971 2444 2989 ‚

1489 3006 1782 3045 BESSARlONl
1808 3008 1841 3054 a)
1862 3005 2045 3057 inprimis
2067 3002 2279 3045 cardinali
2290 3004 2445 3056 sapien-

1492 3068 1573 3107 tiss.
1605 3068 1755 3107 eximie
1784 3068 1930 3107 charo:
1961 3071 2042 3107 tum
2070 3065 2336 3107 FRlDERICO
2378 3066 2443 3104 111.

1484 3202 1610 3232 minem
1633 3202 1779 3233 admitti.
1794 3202 1911 3234 Elceto
1929 3200 2051 3234 deinde
2068 3203 2158 3233 Sixto
2176 3201 2228 3230 lv.
2246 3200 2421 3231 Bessarion
2441 3223 2450 3239 ,

1481 3254 1561 3282 nem
1579 3276 1588 3287 ‚
1614 3253 1724 3291 inquit
1742 3274 1751 3290 ,
1767 3254 1829 3283 Per
1839 3256 1920 3291 otte,
1938 3252 2172 3293 intempestivo
2191 3248 2300 3281 officio
2313 3252 2372 3284 tuo
2391 3249 2452 3280 ho-

1482 3302 1535 3332 dic
1561 3305 1597 3332 tu
1615 3301 1696 3332 mihi
1711 3303 1843 3340 tiaram,
1859 3301 1920 3332 tibi
1939 3303 2088 3341 gaierum
2105 3298 2268 3331 ademisti.
2290 3299 2369 3330 Vide
2386 3300 2450 3330 Me-

1486 3352 1630 3389 nagiana
1651 3355 1727 3382 tom.
1753 3350 1783 3382 ἱ).
1809 3359 1884 3391 pag.
1917 3350 1987 3383 1⁶28.
2012 3354 2093 3384 tom.
2114 3347 2134 3380 4
2156 3356 2233 3389 pag.
2270 3347 2339 3380 117.
2365 3347 2447 3381 edit.

1484 3404 1586 3432 Amst.
