2517 4009
826 227 1300 274 VINCENTIUS

119 297 428 338 VINCENTIUS
479 296 691 339 Kadlubko
709 330 719 349 ,
764 301 858 341 vide
905 313 1024 355 supra

66 359 114 398 T.
139 360 165 398 1.
189 372 275 411 pag.
300 359 390 399 286.

116 421 420 462 VINCENTIUS
443 423 581 463 Lector
615 425 651 465 in
677 428 878 477 provincia
903 429 1022 467 Fran-

64 483 147 523 ciae
193 484 288 524 Ord.
331 486 648 528 Praedieatorum
689 492 791 530 circa
834 503 871 530 a.
919 491 1022 531 4500

61 547 220 598 scripsit
258 547 550 601 Gnomoloqiam
585 551 899 603 Alphabecicam.
936 556 1016 594 Jac.

61 609 202 656 Quctif
219 610 267 650 de
289 612 556 662 Scriptoribus
580 615 674 655 Ord.
701 616 1017 656 Praedicatorum

66 675 160 711 tom.
183 673 212 711 l.
242 685 277 724 p.
303 674 380 713 905

117 734 421 778 VINCENTIUS
442 739 675 787 Lirinensis,
693 742 851 781 natione
869 742 1018 791 Gallus,

62 799 235 850 primum
262 801 509 842 secularibus
526 805 693 855 negotiis
713 803 908 851 addictus,
929 804 1018 843 dein

65 862 285 902 monachus
311 869 352 903 et
377 866 590 917 Presbyter
623 868 659 905 in
687 869 927 906 monasterio
962 868 1020 906 Li-

64 927 241 974 rinensi,
267 933 450 968 mortuus
471 932 630 969 circiter
652 943 686 971 a.
726 932 813 972 450.
846 933 901 971 De.
940 934 1019 972 vita

62 989 150 1040 ejus
185 991 284 1030 satis
315 999 501 1033 accurate
541 996 703 1046 exponit
726 996 862 1035 Daniel
903 998 1022 1046 Pape-

61 1051 248 1093 brochius
287 1056 324 1093 in
366 1056 476 1096 Actis
509 1058 686 1097 Sanctor.
727 1063 821 1098 tom.
861 1060 905 1099 V.
934 1059 1019 1109 Maji

60 1126 98 1166 p.
138 1115 229 1155 284.
269 1117 548 1160 Tillemontius
587 1126 680 1160 tom.
720 1122 803 1161 XV.
847 1135 882 1173 p.
934 1121 1022 1162 ⁴43.

60 1178 164 1227 EJ'us
188 1184 251 1218 est
271 1181 345 1220 sub
366 1184 524 1221 nomine
558 1183 780 1235 Pereqrini,
804 1185 1023 1226 Commoni-

71 1243 216 1280 torium
250 1242 448 1284 adversus
472 1244 708 1295 haereticos,
734 1248 836 1299 quod
861 1248 1021 1300 quidem

61 1302 209 1354 duplex
235 1306 473 1356 scripserat,
510 1312 709 1360 posterius
734 1316 868 1351 autem
895 1312 1022 1362 periit.

61 1365 117 1405 De
141 1366 382 1408 editionibus
415 1370 520 1410 illius
560 1374 682 1412 variis
722 1374 812 1412 vide
842 1374 1022 1413 Caveum

61 1439 98 1479 p.
139 1429 217 1469 275
259 1435 300 1468 et
339 1432 435 1470 Hist.
483 1432 658 1473 literaire
704 1436 753 1475 de
795 1436 833 1475 la
874 1438 1024 1476 France

59 1493 152 1529 tom.
176 1492 223 1532 11.
248 1505 286 1544 p.
307 1493 398 1539 310,
423 1495 511 1535 314.
531 1496 690 1547 Optima
718 1503 781 1537 est
805 1500 1022 1538 Baluziana

60 1554 234 1604 primum
274 1558 441 1596 seorsim
480 1570 513 1598 a.
551 1559 654 1599 1663
689 1567 776 1612 post
809 1562 1020 1613 aliquoties

60 1626 152 1655 cum
178 1617 365 1658 Salviano
391 1620 524 1668 edita,
550 1628 590 1661 et
626 1625 789 1662 Bremae
815 1636 849 1664 3.
891 1624 1017 1672 4688,

61 1678 84 1716 4
128 1681 308 1730 repetita.
359 1682 532 1723 Inseruit
582 1697 740 1736 queque
777 1686 1018 1725 Thomasius

65 1740 288 1782 Cardinalis
318 1744 642 1786 Institutionibus
672 1748 917 1798 Theologicis
951 1760 1019 1787 an-

65 1804 268 1854 tiquorum
299 1808 460 1847 Patrum
498 1811 642 1849 Romae
683 1811 785 1850 4709
817 1816 912 1850 tom.
938 1812 1020 1861 Lp.

64 1866 155 1906 188.
201 1869 492 1912 Recentissima
534 1879 597 1913 est
631 1875 675 1913 D.
714 1876 877 1914 Joannis
925 1875 1023 1914 Sali-

64 1941 137 1969 nas
162 1961 171 1976 ,
226 1933 470 1984 Neapolitani
495 1967 507 1985 ,
566 1937 753 1976 Canonici
812 1938 1019 1988 Regularis

61 1992 344 2034 Lateranensis
382 2009 427 2036 ac
461 1998 596 2037 Theoi.
639 2001 840 2046 Lectoris‚
874 2001 941 2050 qui
981 2001 1018 2038 in

62 2056 228 2096 Praefat.
268 2057 315 2097 ad
355 2070 472 2110 opera
499 2062 676 2112 Prosperi
715 2061 942 2112 Aquitanici
977 2067 1017 2100 ct

62 2118 250 2159 Honorati
276 2123 535 2163 Massiliensis
560 2136 594 2164 a.
612 2125 726 2164 4732.
748 2127 893 2164 Romae
915 2125 1020 2164 edita

61 2185 245 2230 testatur,
270 2195 312 2224 se
338 2186 534 2225 Vincentii
560 2189 778 2227 Lirinensis
817 2200 917 2238 opus
938 2187 1020 2238 jam

61 2249 155 2284 ante
200 2258 362 2287 menses
398 2250 549 2302 aliquot
591 2251 777 2290 edidisse.
820 2250 1023 2290 Boliemz'ce

63 2309 184 2347 vertit
223 2311 432 2351 Baithasar
473 2302 723 2353 Ostbovinus
770 2314 807 2354 S.
848 2316 881 2353 J.
918 2318 1021 2353 teste

62 2369 254 2411 Sotwello
274 2374 371 2414 Bibl.
394 2375 534 2415 Jesuit.
558 2388 594 2428 p.
621 2378 709 2417 403.

115 2433 227 2480 Quod
260 2437 389 2487 ipsum
424 2439 543 2489 aliqui
575 2439 936 2490 Semipelagianum
970 2439 1025 2478 fa-

60 2496 185 2544 ciunt,
206 2498 268 2537 alii
294 2511 389 2539 vero
404 2500 638 2549 defendunt,
658 2502 693 2540 id
720 2504 858 2541 Lector
881 2503 1022 2541 harum

61 2570 194 2600 rerum
211 2563 394 2602 curiosus
417 2564 522 2615 apud
550 2565 735 2604 Vossium
762 2570 801 2604 et
821 2567 1020 2605 Norisium

63 2624 101 2662 in
128 2625 295 2665 Historia
321 2627 546 2678 Pelagiana,
573 2639 646 2667 nec
670 2640 747 2668 non
773 2629 870 2668 alios
894 2630 1023 2668 Histo-

63 2687 143 2727 riae
159 2687 463 2729 Ecclesiasticae
488 2691 706 2740 scriptores
729 2692 902 2731 evolvet.
927 2691 1022 2731 Vide

68 2749 311 2802 Launojum,
333 2753 396 2792 vel
428 2754 495 2804 qui
518 2754 594 2793 sub
614 2754 703 2807 ejus
723 2756 883 2793 nomine
910 2755 1021 2804 latet,

65 2812 102 2850 in
130 2824 224 2853 vera
248 2815 453 2855 Ecclesiae
478 2817 654 2857 doctrina
681 2818 730 2857 de
753 2817 1023 2869 praedestina-

64 2875 170 2914 tione.
195 2881 236 2915 et
255 2879 380 2928 gratia
405 2891 438 2918 c.
467 2880 515 2918 12
536 2881 633 2931 Opp.
660 2885 756 2919 tom.
788 2882 813 2920 Ι.
847 2893 884 2932 p.
920 2880 1023 2919 4086

65 2938 160 2978 item
186 2942 384 2981 Brunonis
418 2943 604 2982 Neusseri
639 2944 897 2983 Prodromum
929 2945 1022 2982 veli-

65 3005 191 3041 tarem
217 3009 354 3043 contra
395 3005 628 3057 i‘Norisiuni)
670 3007 884 3046 Auctorem
925 3008 1020 3045 llist.

65 3065 307 3116 Pelagian.ie,
326 3067 430 3107 unde
446 3074 634 3120 excerpta
653 3070 762 3108 Actis
786 3070 1020 3108 Sanctorum

75 3138 112 3178 p.
133 3128 212 3168 287
237 3131 383 3169 inserta
409 3136 520 3181 sunt,
547 3143 620 3171 nec
645 3144 721 3171 non
751 3134 878 3183 ipsum
907 3133 1024 3182 Pape-

67 3187 278 3230 brocbium
305 3203 344 3242 p.
367 3193 460 3233 285.

121 3253 318 3293 Tribuunt
339 3267 497 3308 quoque
519 3262 653 3297 nostro
683 3256 914 3309 objectiones
941 3257 1024 3296 Vin-

70 3316 277 3367 centianas
309 3322 447 3358 contra
481 3320 701 3360 doctrinam
732 3319 947 3369 stuyusnni·
979 3319 1026 3358 cle

60 3379 428 3430 praedestinatione
452 3383 488 3423 e'c
518 3382 641 3423 libero
664 3380 854 3429 arbitrio,
879 3382 1025 3434 quibus

1978 231 2052 273 591

1099 303 1394 354 Responsiones
1411 303 1588 355 reposuit
1602 303 1770 354 Prosper
1789 301 2053 356 Aquitanicus

1098 366 1133 404 in
1153 366 1338 417 operibus
1356 366 1460 406 illius
1489 367 1642 406 obvias.
1663 366 1702 405 Id
1721 366 1825 418 quod
1850 368 1881 406 si
1910 377 2050 408 verum

1096 432 1184 475 est,
1224 437 1246 467 a
1278 430 1444 468 crimine
1471 429 1744 481 Pelagianismi
1772 441 1847 469 non
1883 431 1958 469 erit
1982 432 2059 470 im-

1097 492 1241 530 munis.
1267 491 1450 531 Oudinus
1475 493 1507 530 ei
1535 504 1694 544 quoque
1721 493 1864 532 librum
1887 493 1961 532 sub
1987 505 2054 532 no-

1098 555 1201 592 mine
1247 554 1536 593 Praedestinaci
1578 567 1598 594 a
1648 556 1860 595 Sirmondo
1899 556 2052 596 editum

1094 616 1255 664 tribuit,
1284 628 1423 656 verum
1452 618 1618 656 Historia
1650 618 1820 658 literaria
1859 620 1978 658 citata
2019 631 2055 670 p.

1096 679 1171 718 343
1197 690 1307 730 seqq.
1343 691 1434 718 eum
1461 679 1647 719 omnibus
1689 682 1838 721 viribus
1863 681 2056 721 defendit.

1093 741 1204 779 Ratio
1229 741 1473 780 defensionis
1495 747 1568 791 est,
1591 743 1681 793 quia
1718 743 1766 782 ab
1792 745 1968 785 Ecclesia
1987 746 2059 784 Ro-

1096 814 1212 842 mana
1237 808 1403 843 sanctus
1438 804 1622 844 habetur.
1646 811 1687 844 et
1707 817 1727 845 a
1749 809 1914 847 Baronio
1942 808 1980 847 d.
2005 807 2057 848 34

1094 864 1182 916 Maji
1221 866 1495 917 Martyrologio
1535 868 1710 907 Romano
1755 870 1932 909 insertus
1966 880 2055 919 est,

1095 929 1198 981 quod
1219 928 1378 968 honoris
1394 942 1522 980 genus
1543 931 1691 970 fatente
1709 933 1792 984 ipso
1809 933 2059 974 Tillemontio

1095 994 1193 1032 IIist.
1215 992 1322 1031 Eccl.
1346 996 1442 1031 tom.
1467 993 1552 1033 XV.
1576 1005 1610 1045 p.
1640 994 1718 1033 1126
1741 1000 1832 1034 ante
1855 995 1928 1035 hoc
1961 1002 2061 1036 tem-

1096 1067 1172 1108 pus
1219 1057 1289 1108 ipsi
1329 1066 1349 1095 a
1397 1057 1556 1095 nemine
1601 1057 1793 1097 tributum
1838 1059 1922 1098 fuit.
1962 1061 2059 1099 Vide

1097 1119 1320 1166 Oudinum‚
1343 1120 1410 1170 qui
1439 1119 1576 1158 multis
1596 1119 1693 1159 haec
1717 1126 1876 1170 tractat,
1899 1127 2005 1162 tomo
2033 1125 2061 1162 1.

1101 1194 1134 1234 p.
1157 1183 1260 1223 4233
1285 1194 1373 1234 sqq.
1390 1187 1429 1220 et
1454 1183 1654 1223 Labbeum
1678 1183 1726 1223 de
1746 1184 1890 1237 Script.
1907 1186 2060 1225 Eccles.

1100 1249 1193 1284 tom.
1219 1247 1263 1285 11.
1289 1258 1374 1296 pag.
1400 1246 1488 1284 486.

1153 1308 1459 1348 VINCENTIUS
1476 1307 1521 1347 de
1540 1309 1755 1361 Μανυεῃιό,
1768 1322 1788 1349 3
1808 1311 2060 1362 patria,qu0d

1098 1370 1288 1421 oppidum
1313 1375 1375 1409 est
1408 1371 1557 1410 Galliae
1597 1373 1633 1410 in
1670 1377 1800 1412 tractu
1831 1372 2060 1423 Gabalensi‚

1098 1432 1192 1471 Ord.
1219 1433 1539 1472 Praedicatorum
1563 1434 1638 1474 sub
1662 1434 1781 1474 finem
1810 1437 1934 1476 seculi
1959 1438 2062 1476 XIV.

1097 1501 1167 1535 aut
1210 1497 1366 1536 initium
1404 1498 1640 1548 sequentis,
1665 1499 1825 1548 scripsit
1856 1500 2064 1540 Sermones

1097 1569 1221 1610 super
1243 1561 1358 1598 Pater
1381 1562 1515 1598 noster
1537 1563 1576 1598 et
1600 1558 1682 1599 Ave
1709 1560 1866 1609 Maria,
1895 1563 1986 1601 item
2013 1562 2059 1602 (Ie

1099 1620 1185 1659 Vita
1222 1621 1377 1661 Christi
1414 1621 1491 1660 Iac.
1529 1622 1668 1669 Quetif
1698 1622 1746 1662 de
1779 1624 2049 1675 Scriptoribus

1093 1682 1186 1721 Ord.
1210 1684 1529 1723 praedicatorum
1553 1689 1647 1723 tom.
1674 1686 1700 1723 I.
1724 1698 1759 1737 p.
1784 1685 1876 1726 731.

1145 1746 1445 1787 VINCENTIUS
1470 1746 1689 1795 Meriones,
1728 1749 1930 1797 Venetus,
1964 1750 2059 1790 Ord.

1098 1809 1431 1861 Praedicatorum‚
1451 1812 1653 1850 Professor
1677 1813 1971 1862 Metaphysices
1995 1816 2063 1853 Pa-

1091 1874 1254 1912 tavinus
1277 1876 1380 1913 circa
1405 1886 1439 1913 a.
1466 1873 1570 1913 4490
1590 1874 1637 1913 de
1657 1873 1936 1927 metaphysicis
1961 1879 2058 1916 scri-

1097 1936 1188 1986 psit.
1210 1936 1318 1975 Idem
1347 1949 1380 1987 p.
1407 1936 1499 1975 872.
1523 1937 1729 1977 Altamura
1753 1950 1789 1988 p.
1813 1939 1905 1978 212.

1150 1998 1458 2038 VINCENTIUS
1482 1999 1682 2047 Metensis‚
1711 1999 1800 2039 nide
1839 2012 1958 2052 supra
1994 2002 2065 2042 VI-

1097 2059 1226 2099 CTOR
1247 2060 1524 2100 Massiliensis.

1151 2122 1462 2164 VINCENTIUS
1488 2123 1728 2173 Palaeoccus,
1747 2126 1837 2166 vide
1859 2127 1933 2167 sub
1951 2128 2006 2166 lit.
2023 2129 2061 2166 P.

1152 2185 1461 2227 VINCENTIUS
1495 2189 1712 2240 Presbyter
1739 2190 1876 2230 Gallus
1910 2201 1988 2229 sec.
2017 2189 2063 2230 V.

1098 2247 1304 2288 Gennadio
1331 2254 1433 2289 teste
1458 2262 1490 2290 c.
1513 2251 1564 2290 80
1589 2252 1630 2290 in
1657 2251 1834 2292 psalmos
1855 2265 2059 2292 commen-

1099 2315 1207 2350 tatus
1230 2317 1311 2361 est,
1337 2313 1405 2351 sed
1430 2313 1507 2352 huc
1533 2326 1660 2364 usque
1688 2316 1781 2354 nihil
1809 2328 1896 2366 eJus
1923 2321 2059 2356 notum

1099 2379 1172 2414 est.
1199 2375 1257 2414 An
1292 2380 1431 2415 auctor
1457 2378 1508 2415 sit
1533 2375 1794 2429 objectionum
1818 2388 1960 2418 contra
1983 2379 2066 2418 Au-

1095 2439 1322 2490 9nslinum,
1355 2439 1403 2478 de
1440 2440 1585 2490 quibus
1614 2442 1687 2480 sul)
1721 2442 1928 2480 Vincentio
1967 2444 2063 2481 Liri-

1102 2504 1234 2551 nensi,
1260 2505 1351 2541 item
1396 2503 1502 2548 libri,
1540 2504 1606 2554 qui
1645 2503 1977 2544 Praenestinam
2005 2507 2065 2544 in-

1097 2565 1306 2613 scribitur,
1346 2575 1510 2615 operose
1550 2566 1782 2617 disquirunt
1813 2568 2060 2608 Benedictini

1098 2629 1135 2665 in
1156 2627 1327 2666 Historia
1345 2628 1516 2667 literaria
1535 2630 1722 2669 Franciae
1742 2634 1837 2668 tom.
1858 2628 1904 2670 11.
1923 2643 1955 2682 p.
1971 2633 2011 2671 -ii
2026 2632 2062 2680 ἰ,

1099 2690 1175 2730 445
1200 2691 1350 2741 totique
1377 2691 1412 2728 in
1439 2702 1484 2729 eo
1507 2696 1620 2739 sunt,
1655 2697 1693 2731 ut
1720 2692 1920 2732 hominem
1952 2695 2061 2745 igno-

1097 2758 1181 2792 tum
1200 2752 1365 2803 ejusque
1383 2753 1658 2793 orthodoxiam
1676 2754 1908 2806 defendant,
1927 2757 2059 2795 nescio

1099 2818 1136 2855 in
1163 2828 1281 2867 quem
1313 2827 1445 2855 usum.

1152 2880 1455 2919 VINCENTIUS
1485 2879 1700 2919 Ravennas
1718 2912 1727 2929 ,
1774 2891 1861 2932 sup.
1907 2893 1942 2932 p.
1983 2881 2062 2920 576

1100 2941 1288 2983 Cari-ari.
1514 2963 1516 2965 >

1150 3005 1449 3044 VlNCEN'l'lUS
1478 3004 1631 3052 Victor,
1664 3006 1798 3044 seculo
1837 3007 1878 3044 V.
1917 3011 2055 3045 contra

1098 3067 1310 3119 Augustini
1331 3068 1449 3105 libros
1475 3068 1518 3106 dc
1539 3066 1688 3118 ori'fyi‘ne
1713 3068 1870 3107 animae
1888 3070 2059 3120 scripsit,

1098 3131 1146 3169 ab
1190 3130 1261 3169 hoc
1299 3142 1457 3181 quoque
1498 3131 1744 3170 confutatur.
1787 3131 1881 3170 vidc-
1921 3132 2059 3170 ‘Norisii

1102 3193 1202 3231 IIist.
1223 3194 1467 3244 pelagianam
1496 3194 1521 3232 l.
1545 3194 1591 3233 49
1609 3199 1647 3233 et
1667 3194 1868 3233 Oudinum
1898 3200 2003 3233 tomo
2037 3196 2064 3233 1.

1102 3268 1138 3307 p.
1172 3255 1286 3294 123¹.

1156 3317 1508 3366 vthlctAMJS,
1560 3319 1706 3358 Comes
1762 3319 2061 3361 Archiatrorum

1102 3382 1364 3422 Valentiniani
1393 3383 1490 3433 Imp.
1514 3382 1617 3422 circu
1646 3393 1681 3422 a.
1717 3382 1796 3422 370
1819 3383 1936 3434 cujus
1969 3383 2064 3435 Epi-
