2533 4009
441 279 493 318 9'4

439 349 707 399 incorruptam
737 343 913 382 auctoris
942 342 1159 381 historiam.
1187 341 1323 388 ,Multa
1345 342 1391 381 il-

438 409 487 448 lic
515 409 561 448 de
592 409 873 447 Britannorum
903 404 1054 454 oriytne
1084 407 1122 442 et
1153 404 1391 454 yenealoyiis

436 483 484 510 ac
505 470 644 515 urbis,
669 472 747 506 tum
772 466 818 504 (le.
845 465 1014 503 Arturio
1044 469 1081 504 et
1102 467 1312 505 Saaeonum
1338 469 1394 517 ty-

437 532 614 570 rannide.
640 530 776 579 Liquet
804 538 892 565 eum
924 527 1162 566 Britannum
1188 527 1316 580 fuisse
1339 540 1395 567 εει)

436 593 567 631 multis
587 588 790 629 vocabulis
808 618 816 634 ,
847 600 948 640 quae
974 589 1204 637 interserit,
1236 589 1394 628 Britan-

436 649 573 697 niciss
591 650 789 690 studuisse
827 662 982 702 quoque
1021 649 1130 688 illum
1170 651 1210 689 in
1246 649 1394 703 finibus

433 716 638 753 Scotorum
665 710 1020 751 Hibernzensium:
1052 712 1098 750 a'e
1128 723 1302 764 quorum
1330 723 1393 750 re-

435 774 507 813 bus
529 774 651 825 9estis
673 784 832 824 pauca,
864 774 934 813 sed
960 775 1128 825 antiqua
1151 773 1303 813 scribit.
1332 775 1394 812 In-

429 835 582 874 citlerat
596 836 776 875 llENRlC
788 836 846 875 US
859 836 1223 875 Venantodunensis
1242 836 1275 884 a)
1293 847 1395 886 qua-

432 898 651 948 drinqentis
668 896 719 936 ab
736 897 824 937 hinc
841 899 956 938 annis
972 899 1012 936 in
1021 898 1165 937 Nennii
1176 897 1395 943 historiam,

434 959 503 997 sed
531 959 683 998 nomine
708 960 903 1011 ignotam:
936 960 976 998 id
1004 960 1110 1011 quod
1138 971 1180 997 eo
1218 959 1397 997 maxime

433 1020 557 1072 liquet
585 1021 664 1060 loco
681 1053 690 1070 ,
726 1033 803 1073 quo
830 1021 954 1072 fortia
983 1022 1146 1060 Arturii
1173 1020 1274 1059 bella
1296 1021 1398 1059 reci-

435 1087 494 1122 tat
519 1086 594 1122 lloc.
624 1089 687 1122 est
717 1083 929 1134 Euloyium
961 1083 1192 1121 Britanniae
1221 1084 1307 1121 sive
1331 1082 1398 1121 Hi-

432 1145 558 1183 storia
587 1146 792 1183 Britonum
821 1145 1018 1195 capitibus
1044 1145 1151 1183 LXV.
1172 1145 1209 1194 b)
1234 1149 1394 1184 auctore

430 1209 606 1254 Nennio,
638 1218 758 1257 quam
791 1208 893 1245 inter
918 1208 1135 1257 scriptores
1162 1206 1246 1246 XV.
1272 1207 1396 1245 edidit

434 1269 606 1307 Thomas
635 1268 783 1307 Galeus
812 1272 907 1306 tom.
941 1271 976 1307 4.
1009 1279 1093 1319 pag.
1126 1270 1285 1308 93-445.
1318 1280 1395 1308 una

432 1341 523 1368 cum
561 1330 779 1380 appendice
808 1330 955 1381 duplici
989 1342 1074 1381 pag.
1110 1332 1198 1370 446.
1232 1331 1320 1369 448.
1359 1334 1401 1368 et

434 1390 575 1429 Variae
623 1392 815 1430 lectiones
857 1391 1047 1431 Codicum
1097 1393 1402 1443 Cantabrigien-

431 1454 558 1500 sium,
597 1454 953 1499 Cottonianorum‚
985 1455 1263 1505 aliorumque⁷
1305 1467 1404 1506 quo-

434 1526 522 1553 rum
547 1516 610 1554 alii
635 1516 804 1554 GILDAE
824 1546 832 1563 ,
855 1517 919 1554 alii
947 1528 1090 1555 nornen
1117 1517 1259 1556 Nennii
1291 1530 1407 1569 prae-

436 1577 570 1616 ferunt
594 1589 679 1628 pag.
709 1579 896 1617 449-433.
927 1579 1165 1628 Jungendus
1189 1586 1230 1617 et
1255 1581 1407 1619 Leibni-

434 1640 541 1687 tius,
572 1651 642 1689 qui
674 1645 767 1679 tom.
802 1643 815 1680 4
855 1642 1096 1692 scriptorum
1136 1643 1404 1681 Brunsvicen-

435 1702 536 1740 sium
575 1713 661 1753 pag.
692 1702 830 1741 3240.
860 1714 951 1743 cum
986 1705 1091 1742 notis
1121 1705 1207 1743 suis
1239 1704 1401 1742 exhibet

433 1768 621 1814 excerpta
641 1775 691 1802 ex
715 1763 868 1802 Nennio
892 1764 941 1802 de
965 1765 1092 1816 Anglo
1113 1766 1315 1804 Saxonum
1343 1767 1401 1804 in—

433 1826 552 1863 troitu
585 1825 626 1863 in
656 1826 916 1864 Britanniam.
950 1827 992 1864 ln
1020 1827 1092 1866 hoc
1124 1828 1286 1878 Eulogio
1316 1839 1399 1867 om-

435 1889 499 1925 nia
530 1889 810 1938 reperiuntur,
848 1900 950 1938 quae
990 1900 1059 1939 per
1098 1900 1168 1928 sex
1207 1890 1398 1930 librorum

435 1949 573 1987 titulos
602 1950 754 1988 Nennio
783 1950 966 1989 tribuunt
998 1952 1138 1990 Baleus
1168 1953 1333 1992 Cen'tur.
1359 1955 1395 1992 4.

434 2022 520 2062 cap.
549 2011 612 2050 75.
643 2023 818 2062 eumque
847 2014 974 2051 secuti
1006 2015 1160 2054 Pitseus
1191 2027 1276 2066 pag.
1309 2017 1398 2055 406.

436 2073 609 2112 Vossius
639 2084 728 2125 pag.
758 2075 851 2114 263.
873 2080 913 2112 et
937 2076 1020 2114 alii:
1050 2076 1098 2114 de
1129 2077 1289 2128 Oreyz'ne
1319 2078 1407 2116 Bri-

408 2154 412 2158 ·
442 2138 675 2182 tannorum,
693 2136 739 2174 cle
756 2135 928 2176 urbibus
943 2138 1176 2186 eorundem,
1197 2139 1406 2190 Euloyium

440 2196 699 2247 Britanniae,
721 2198 904 2251 apologia
924 2199 1121 2250 quaedam
1137 2232 1146 2247 ,
1172 2201 1405 2253 Cosmoyra·

434 2257 536 2309 phia
559 2258 749 2299 historiae
775 2260 914 2299 Mundi
939 2267 980 2299 et
1008 2261 1226 2301 additiones
1253 2263 1403 2302 Gz'ldae.

440 2320 561 2359 Addit
581 2323 739 2361 Pitsens
761 2324 798 2361 in
824 2324 1074 2363 Morwicensi
1099 2325 1403 2364 carmelitarum

440 2382 682 2423 Bibliotheca
719 2389 922 2424 servatam
954 2386 1155 2436 quandam
1199 2386 1403 2425 historiam

441 2445 606 2493 Nennii,
642 2446 688 2484 ad
720 2458 841 2497 quam
880 2449 1161 2486 annotationes
1199 2449 1407 2499 scripserit

441 2506 643 2546 SAMUEL
665 2509 893 2548 Britannus.
913 2510 996 2548 Non
1025 2521 1166 2560 magna
1187 2514 1248 2548 est
1264 2511 1404 2550 Nennii

439 2571 657 2609 auctoritas
681 2570 783 2621 apud
809 2572 1022 2610 llenricum
1049 2573 1275 2611 Mauritium
1301 2574 1334 2621 c)
1366 2574 1404 2611 in

441 2630 672 2671 defensione
724 2633 989 2683 Episcopatus
1042 2633 1263 2673 dioecesani
1319 2646 1402 2685 pag.

444 2692 533 2732 153.
566 2705 649 2745 seq.

495 2757 534 2794 S.
560 2755 763 2796 NEOTUS
778 2756 990 2808 Adulphus
1008 2787 1016 2806 ‚
1035 2759 1121 2797 sive
1138 2758 1311 2810 Adulphi
1342 2760 1408 2811 (E-

443 2818 699 2869 thelwolphi)
731 2818 862 2867 filius,
894 2820 1030 2869 Reguli
1063 2821 1296 2860 Cantiorum
1331 2821 1408 2860 Ec-

442 2879 542 2918 berti
572 2882 690 2932 Regis
714 2882 993 2921 Visisaxonum
1023 2894 1171 2933 nepos:
1206 2884 1409 2922 llarinsto-

441 2945 574 2981 censis
605 2945 642 2980 in
667 2943 808 2993 Anglia
838 2944 1083 2992 Monachus,
1115 2945 1331 2984 defunctus
1361 2945 1407 2983 A.

499 3085 531 3123 a)
556 3086 716 3116 Heni-icus
743 3084 783 3116 de
805 3085 1212 3122 Soliac0,Wintonicnsis
1227 3087 1416 3125 Episcopus

441 3134 480 3164 (Ιι,ι
508 3143 575 3173 quo
599 3143 699 3174 supra
723 3139 808 3166 torn.
829 3136 861 3166 3.
886 3144 919 3174 p.
943 3134 1022 3165 215.

499 3184 534 3219 b)
560 3186 595 3213 ln
614 3187 777 3216 manuscr.
794 3183 1134 3223 parkerian.pag.18.
1150 3186 1259 3224 capita
1275 3186 1417 3216 Lxxxv.

503 3241 535 3266 c»
564 3236 643 3265 Acta
668 3234 773 3265 Erurl.
797 3234 892 3265 1002.
917 3241 994 3274 pag.
1017 3234 1091 3264 595.

499 3282 535 3319 d)
561 3285 640 3313 Acta
662 3282 765 3314 Erud.
794 3283 884 3314 1752.
910 3292 985 3323 pag.
1011 3283 1083 3315 564.
1108 3291 1177 3323 seq.
1202 3287 1234 3315 et
1249 3283 1419 3316 Αη.1755.

447 3339 524 3371 pag.
547 3331 621 3364 596.

505 3384 537 3422 e)
560 3385 638 3413 Acta
663 3383 763 3413 Erud.
788 3386 849 3414 An.
873 3382 967 3415 1750.
991 3391 1065 3422 pag.
1083 3382 1156 3414 595.

1289 271 1584 311 NEOTUS

1465 343 1553 381 883.
1593 340 1692 391 prid.
1728 339 1888 381 Calend.
1921 344 2088 395 August.
2119 352 2197 392 quo
2236 340 2425 379 memoria

1465 403 1552 453 ojus
1575 403 1773 441 recolitur.
1797 403 1902 441 Duos
1926 404 1975 443 de
1999 404 2124 454 hujus
2145 404 2255 443 Neoti
2281 403 2362 440 vita
2383 402 2428 440 li-

1466 466 1557 503 bros
1577 464 1867 513 Manuscriptos
1889 464 2039 504 vidisse
2060 477 2104 504 se
2129 468 2264 504 narrat
2289 463 2429 502 Lelan-

1466 526 1542 566 dus
1557 537 1641 576 cap.
1666 525 1754 564 443.
1778 525 1876 574 Ejus
1891 523 2189 566 exhortationes
2209 525 2263 564 ad
2287 527 2428 575 Re9em

1467 586 1693 639 AElfredum
1728 598 1798 637 pro
1826 586 2046 636 Gymnasio
2082 589 2296 628 Oxoniensi
2336 597 2430 624 con-

1467 649 1596 688 dendo
1626 649 1742 688 Anno
1766 649 1857 687 873.
1884 652 1924 686 et
1948 646 2002 685 ad
2029 650 2250 688 Martanum
2280 649 2328 686 ΙΙ.
2359 658 2429 698 pro

1467 710 1648 761 ejusdem
1685 711 2013 758 confirmatione,
2054 717 2244 751 memorat
2286 710 2431 750 Baleus

1467 773 1514 810 Il.
1546 773 1608 810 23.
1640 778 1682 810 et
1710 774 1865 811 Pitseus
1895 783 1981 822 pag.
2016 770 2104 810 467,
2137 781 2218 822 seq.
2249 773 2288 812 S.
2319 770 2430 810 Ncoti

1470 833 1703 873 chronicon.
1731 833 1828 872 Vide
1853 844 1973 884 supra
1994 862 2001 878 ‚
2027 833 2283 872 ASSERlUS.

1522 896 1705 934 NERIUS
1724 895 1953 947 Capponius
1973 924 1980 943 ‚
1997 895 2142 933 nobilis
2160 894 2431 941 Florentium,

1470 955 1575 995 GlNl
1609 956 1802 1007 Capponii
1827 956 1962 1006 fitius,
1988 957 2054 1006 qui
2087 959 2348 994 monumenta
2377 956 2434 993 hi-

1471 1019 1615 1056 storica
1640 1016 1688 1055 dc
1717 1016 1839 1055 rebus
1869 1016 2216 1065 Florentinorum,
2241 1027 2343 1067 quae
2368 1017 2437 1054 Pa-

1472 1085 1532 1117 ter
1560 1080 1608 1118 ab
1632 1079 1679 1117 A.
1705 1079 1823 1118 4378.
1848 1079 1895 1117 ad
1925 1080 2040 1118 4449.
2066 1079 2317 1127 deduxerat,
2346 1087 2440 1115 con-

1471 1142 1645 1180 tinuavit
1667 1151 1796 1190 usque
1817 1140 1864 1178 ad
1887 1140 1932 1179 A.
1958 1141 2076 1180 4465.
2095 1141 2311 1190 Utriusque
2328 1139 2440 1178 lucu-

1471 1203 1674 1241 brationes
1705 1202 1892 1253 vulgatae
1922 1204 1943 1241 a
1973 1202 2232 1241 celeberrimo
2269 1203 2440 1240 Murato-

1473 1268 1529 1304 rio
1550 1270 1657 1304 tomo
1675 1266 1813 1304 XVlll.
1839 1265 2017 1304 thesauri
2042 1276 2174 1304 rerum
2191 1265 2436 1311 ltalicarum,

1477 1328 1513 1377 d)
1535 1333 1575 1366 et
1594 1329 1630 1365 in
1658 1333 1764 1366 tomo
1786 1329 1872 1366 XX.
1897 1328 1981 1365 Vita
2003 1328 2106 1366 Nerii
2131 1327 2318 1377 Capponii
2343 1326 2440 1364 scri-

1479 1395 1544 1441 pta
1565 1392 1587 1429 a
1612 1389 2005 1429 BARTHOLOMAEO
2029 1389 2260 1427 Platinensi.
2281 1387 2378 1425 Vide
2399 1391 2440 1425 et

1476 1452 1567 1490 ,Iulii
1590 1452 1693 1501 Nigri
1709 1451 1913 1489 historiam
1934 1451 2173 1500 scriptorum
2196 1449 2440 1487 Florentino-

1480 1526 1568 1553 rum
1600 1525 1687 1564 pag.
1708 1513 1797 1552 237.
1820 1517 1859 1552 et
1883 1514 1971 1552 449.

1533 1576 1717 1615 NERIUS
1746 1575 1888 1614 Donati
1924 1575 2052 1622 filius,
2091 1572 2209 1624 cujus
2237 1576 2278 1610 et
2313 1572 2440 1610 Patris

1478 1637 1651 1676 Annales
1675 1639 1864 1677 Senenses
1889 1636 1937 1675 ab
1958 1636 2004 1675 Α.
2029 1636 2142 1675 4352.
2161 1635 2207 1674 ad
2231 1633 2346 1674 4374.
2369 1633 2439 1672 sed

1477 1699 1610 1737 Italice
1627 1700 1796 1749 scriptos
1813 1698 1939 1737 eidem
1966 1697 2126 1736 laudato
2140 1697 2353 1736 Muratorio
2372 1695 2441 1733 de-

1474 1760 1642 1808 bemus,
1681 1762 1748 1810 qui
1780 1761 1866 1798 illos
1907 1764 2014 1798 tomo
2043 1758 2198 1798 decimo
2227 1758 2367 1808 quinto
2405 1758 2439 1804 e)

1474 1822 1650 1861 thesauri
1682 1823 1741 1860 sui
1776 1822 1957 1860 inseruit.

1528 1884 1889 1923 NESHEIMENSE
1924 1882 2160 1922 Chronicon.

1525 1946 1724 1986 NESTOR
1759 1944 1984 1997 Dionysius,
2015 1944 2276 1984 Novariensis
2311 1943 2445 1982 Advo—
2477 1962 2479 1965 .

1474 2013 1589 2048 catus
1615 2009 1652 2057 f)
1679 2008 1772 2046 Ord.
1797 2009 1933 2047 Minor.
1956 2008 1991 2057 g)
2015 2007 2174 2056 scripsit
2194 2010 2234 2045 et
2249 2007 2346 2045 Duci
2365 2007 2441 2045 Lu-

1481 2071 1620 2110 dovico
1649 2070 1825 2109 Sforziae
1855 2068 2056 2107 dedicavit
2083 2067 2257 2107 Leoeicon
2285 2079 2354 2119 pro
2381 2059 2445 2106 ill'a

1480 2138 1610 2172 aetate
1633 2144 1710 2170 non
1737 2133 1898 2182 penitus
1924 2130 1960 2179 h)
1985 2129 2331 2180 adspernandum,
2353 2133 2443 2180 post

1479 2196 1743 2245 Gasparinum
1776 2193 2051 2240 BARZlZUM,
2080 2192 2291 2242 Georgium
2316 2193 2444 2230 Meru-

1480 2257 1556 2295 lam
1578 2286 1586 2303 ‚
1617 2257 1835 2295 Domitium
1867 2254 2149 2302 Calderinum,
2186 2253 2444 2302 Tortellium‚

1481 2320 1564 2358 Nic.
1586 2318 1635 2371 do
1660 2319 1760 2368 Lyra
1784 2316 1971 2356 VALLAE
1993 2327 2071 2366 que
2092 2316 2377 2365 elegantiarum
2403 2314 2447 2353 li-

1483 2380 1575 2418 bros
1599 2385 1638 2417 et
1658 2385 1747 2430 post
1773 2378 2191 2418 MAMMOTREPTUM
2208 2408 2219 2426 ,
2241 2376 2445 2424 ΡΑΡΙΑΜ,

1479 2443 1764 2489 ΒΒΙΤΟΝΕΜ,
1804 2439 2101 2480 UGUTlONEM
2144 2444 2185 2477 et
2217 2437 2447 2479 Catholicon

1478 2502 1643 2541 Joannis
1662 2502 1708 2540 de
1730 2502 1908 2541 BALBlS
1925 2507 2003 2541 etc.
2023 2502 2073 2540 de
2092 2502 2237 2553 quibus
2254 2512 2327 2540 suo
2342 2502 2443 2549 loco⁷

1480 2569 1634 2613 etquos
1657 2563 1796 2602 laudat
1820 2563 1869 2601 de
1889 2564 2048 2601 nomine
2068 2575 2113 2602 ac
2134 2563 2302 2602 subinde
2323 2565 2442 2602 etiam

1481 2625 1707 2675 redarguit,
1732 2626 1970 2673 Ugutionem
2002 2628 2270 2664 somniantem
2296 2627 2447 2676 prae-ei-

1480 2699 1570 2739 pue,
1602 2687 1773 2725 Lexicon
1808 2686 1901 2725 illud
1929 2690 2019 2736 post
2048 2686 2244 2724 editiones
2275 2687 2442 2736 primam

1483 2751 1518 2787 in
1553 2750 1688 2797 ltalia,
1718 2753 1759 2786 et
1788 2748 2004 2786 secundam
2045 2747 2148 2786 Anni
2183 2746 2295 2786 4488.
2331 2748 2366 2795 i)
2402 2751 2442 2785 et

1483 2813 1745 2850 Parisiensem
1765 2809 1868 2848 Anni
1889 2809 2005 2848 4ῐι96.
2030 2813 2070 2847 et
2090 2812 2278 2860 quartam
2293 2808 2446 2860 Argen-

1484 2878 1555 2911 tor.
1577 2873 1691 2911 4502.
1710 2882 1829 2921 quam
1852 2871 1986 2909 laudat
2002 2871 2213 2922 Gangiusg
2234 2872 2296 2910 54.
2323 2871 2442 2922 praef.

1484 2935 1606 2974 habco
1625 2935 1868 2972 recensitum
1886 2944 1906 2971 a
1923 2934 2075 2971 joanne
2086 2933 2260 2972 Tacuino
2275 2937 2315 2972 et
2328 2929 2444 2983 quin-

1542 3084 1567 3121 t)
1593 3086 1663 3116 Laz.
1704 3085 1911 3123 Augustinus
1935 3083 2031 3115 cotta
2060 3084 2095 3115 in
2123 3085 2235 3127 Museo
2257 3083 2450 3115 Novariensi

1479 3144 1512 3175 p.
1535 3134 1595 3165 ⁶254

1540 3183 1573 3223 g)
1599 3184 1798 3222 waddingus
1822 3183 1904 3214 Bibl.
1928 3181 2006 3214 Ord.
2029 3184 2136 3213 Minor
2159 3189 2234 3222 pag.
2257 3180 2331 3213 962.

1544 3233 1578 3270 h)
1602 3233 1724 3264 Paulus
1747 3231 1868 3264 Merula
1893 3231 1932 3263 ad
1958 3233 2104 3263 Ennium
2130 3239 2206 3272 pag.
2229 3230 2303 3262 549.
2320 3231 2447 3271 glossas

1480 3285 1622 3315 Nestoris
1646 3287 1744 3323 negat
1770 3282 1924 3315 manibus
1947 3281 2102 3315 terendas
2129 3288 2198 3314 esse
2220 3281 2357 3313 rudium
2393 3281 2443 3314 vel

1479 3334 1699 3366 indoctorum.

1529 3383 1554 3423 (i
1583 3384 1731 3415 niarium
1753 3382 1960 3415 eruditorum
1981 3381 2096 3414 ltaliae
2118 3384 2203 3413 tom.
2217 3381 2244 3411 X
2264 3387 2338 3420 pag.
2355 3378 2428 3411 ⁶250.
