2517 4009
955 249 1244 288 PETRUS

91 326 153 361 cta
186 333 270 373 pag.
297 321 417 360 4244.
447 320 634 359 Oratione
659 321 762 359 Petri
788 320 971 371 Delphini
997 319 1051 359 ad

93 385 256 423 Leonem
278 383 321 422 X.
351 386 471 433 atque
497 395 533 433 p.
561 383 676 422 4245.
705 381 870 422 Eusebii
892 382 1053 422 PRIOLI

91 445 278 484 Oratione
307 443 412 483 dicta
436 445 472 482 in
499 444 682 495 Delphini
706 445 858 483 funere.
879 446 932 483 De
958 446 1055 482 scri-

93 509 172 558 ptis
201 507 288 545 eius
317 505 420 544 hanc
451 506 543 545 lacit
569 508 814 545 mentionem
841 518 926 557 pag.
952 506 1046 545 4234

92 569 260 606 Praeter
299 570 474 619 quatuor
512 569 785 619 Epistolarum
817 567 1053 617 volumina,

91 641 195 681 quas
214 633 305 680 post
322 630 466 668 initum
493 630 761 669 Generalatus
786 629 956 682 officium
979 641 1054 681 pro

90 690 311 742 Relz'yione,
339 703 413 742 pro
436 692 597 740 (inticis,
624 692 678 730 ad
702 692 972 744 quodcumque
994 691 1057 730 ho-

90 753 241 791 minum
267 763 390 804 yenus
422 758 560 792 ornate
601 755 839 806 scripserat,
876 757 1056 805 praeter-

91 826 211 867 quam
249 814 454 866 plurimas
499 818 712 856 Orationes
765 815 1054 866 eleqantz'ssime

91 874 274 926 habitas,
304 876 477 928 insiqnes
506 888 662 929 quoque
693 879 729 915 in
769 879 1056 928 Hieronymum

91 939 374 980 Savonarolam
407 938 529 978 edidit
555 941 749 991 Dialogos.
782 941 825 978 ln
857 938 1059 978 Ciceronis

89 1001 299 1040 Orationes
307 1001 566 1041 memoranda
583 1001 795 1054 descripsit
808 1006 1059 1052 argumenta.

91 1062 293 1114 Perplura
322 1075 392 1103 nec
422 1075 498 1102 non
533 1064 847 1103 orthodoxorum
895 1064 1056 1101 Patrum

91 1126 453 1177 apophthegamata
484 1124 700 1166 breviariis
726 1124 894 1176 pulchro
920 1124 1057 1162 ordme

91 1186 253 1238 diyestis
281 1187 516 1226 conciliavit.
555 1186 777 1226 Accedebat
812 1186 866 1226 ad
906 1190 1057 1225 tantum

91 1248 219 1300 ipsius
256 1252 442 1287 ornatum
458 1280 469 1296 ,
499 1249 606 1287 mira
634 1248 830 1300 quaedam
860 1248 986 1300 ipsius
1018 1247 1057 1286 in

92 1308 316 1349 scribendis
346 1309 556 1350 litterariis
579 1309 882 1349 characteribus
905 1313 943 1348 et
963 1321 1058 1348 sua-

90 1372 196 1412 vitas
225 1375 261 1411 et
278 1371 557 1422 pulchritudo,
587 1376 634 1411 ut
659 1372 806 1411 diserte
828 1371 955 1423 ipsius
979 1370 1058 1409 edi-

92 1435 216 1473 tiones
259 1437 338 1472 tam
373 1433 590 1485 praeclara
635 1432 768 1472 littera
811 1433 1057 1484 descriptae,
1087 1431 1097 1439 “

91 1495 325 1536 viderentur
353 1494 514 1547 cyclade
542 1507 645 1536 auro
676 1499 789 1534 teoeta
818 1506 866 1533 ac
897 1495 1060 1533 immen-

95 1558 151 1597 sis
178 1555 390 1596 monilibus
410 1561 588 1597 ornatae.
612 1559 681 1597 His
700 1557 924 1598 Chronz'con
947 1557 1061 1595 Vene-

94 1619 243 1659 tiarum
273 1620 376 1671 apud
406 1621 674 1659 Possevinum
705 1620 796 1659 addi
827 1619 959 1657 video.

147 1683 344 1722 PETRUS
372 1682 572 1722 Diaconus
602 1684 773 1734 scriptor
802 1681 890 1720 libri
921 1679 967 1719 de
998 1680 1061 1717 In—

91 1743 324 1783 carnatione
353 1747 393 1783 et
436 1744 582 1783 Gratia
611 1756 659 1783 ac
702 1742 826 1783 libero
861 1741 1059 1790 arbitrio,

93 1805 142 1844 ad
172 1806 212 1844 S.
244 1806 498 1856 Fulgentium
543 1811 584 1845 et
625 1807 724 1846 alios
768 1807 926 1846 Africae
970 1805 1062 1856 Epi-

93 1878 236 1918 scopos
275 1868 379 1906 circ-a
410 1867 458 1907 A.
487 1869 530 1908 C.
562 1869 652 1908 520.
696 1869 766 1907 Hic
797 1869 990 1907 inventus
1021 1867 1060 1904 in

91 1929 292 1968 Coenobio
344 1929 442 1969 Ord.
488 1932 899 1970 Praemonstrat-ensis
944 1929 978 1978 a)
1022 1929 1060 1965 in

91 2002 184 2040 agro
213 1993 452 2030 Lovaniensi
475 2023 486 2041 ,
512 1993 755 2043 saepiusque
779 1992 912 2031 editus
938 1993 975 2029 in
1001 1991 1062 2029 Bi-

92 2052 302 2092 bliothecis
333 2055 516 2104 Patrum,
547 2059 588 2093 et
626 2055 730 2093 inter
758 2055 797 2093 S.
841 2053 1055 2104 Augustini

92 2114 265 2165 scripta,
296 2119 337 2153 et
380 2116 577 2166 Fulgentii
621 2117 844 2167 Ruspensis
887 2120 932 2155 ut
974 2114 1057 2154 dixi

93 2187 212 2226 supra
243 2181 340 2214 tom.
369 2177 405 2216 2.
439 2189 525 2228 pag.
558 2178 650 2217 624.

145 2239 342 2277 PETRUS
372 2239 574 2279 Diaconus
602 2239 816 2279 Ostiensis.
859 2241 988 2290 Supra
1019 2240 1056 2276 in

92 2298 213 2339 Petro
244 2300 469 2341 Casznensi.

148 2362 345 2402 PETRUS
374 2363 608 2403 Dominicus
635 2363 681 2403 de
712 2364 867 2414 Baon0,
896 2365 1060 2414 Episco-

96 2433 175 2474 pus
203 2423 253 2461 ab
282 2422 359 2462 An.
391 2425 506 2463 4360.
535 2426 772 2464 Tarvisinus
810 2427 970 2476 scripsit
1004 2424 1061 2464 vi-

96 2488 177 2524 tam
191 2484 238 2522 Β.
260 2485 427 2524 Henrici
443 2497 491 2524 ex
517 2487 710 2525 Tirolensi
738 2487 939 2525 Comitatu
960 2488 1061 2524 Bau-

100 2547 315 2596 cenensis,
347 2546 526 2586 defuncti
557 2546 635 2586 An.
665 2549 783 2587 4345.
825 2548 990 2586 Tarvisii
1023 2548 1060 2584 in

96 2607 270 2647 editione
300 2610 477 2657 Veneta,
509 2609 656 2648 editam
689 2610 727 2647 in
757 2609 870 2648 Actis
900 2608 1064 2647 Sancto-

98 2681 188 2708 rum
220 2674 315 2708 tom.
346 2671 383 2710 2.
413 2671 521 2710 Junii
552 2672 614 2709 40.
641 2682 729 2722 pag.
752 2670 820 2710 374
855 2670 945 2709 375.
969 2681 1061 2709 cum

97 2732 204 2769 notis
233 2732 408 2771 Danielis
438 2732 707 2783 papebrochii.

153 2793 351 2834 PETRUS
374 2794 603 2834 Dorlandus
618 2825 629 2843 ,
652 2805 772 2845 supra
798 2799 823 2832 t.
847 2795 882 2833 2.
911 2806 946 2844 p.
974 2795 1063 2833 475.

149 2855 345 2896 PETRUS
374 2856 639 2905 Dresdensis‚
665 2857 747 2896 ludi
776 2857 1002 2896 moderator
1026 2859 1062 2894 in

97 2918 236 2967 patria,
267 2917 411 2957 deinde
442 2919 658 2958 Chemnitii
683 2925 724 2958 et
748 2920 1007 2966 Zwiceaviae,
1027 2919 1064 2967 b)

97 2978 391 3018 Professoribus
417 2981 691 3031 Lipsiensibus
717 2986 874 3032 praeter
899 2992 980 3019 rem
1002 2992 1064 3019 ac-

82 3041 276 3092 ¹censitus
292 3041 314 3078 a
338 3041 545 3080 Varillasio
563 3056 570 3080 :
588 3045 621 3091 c)
641 3045 769 3082 Patria
789 3043 932 3094 pulsus
956 3043 1060 3093 quod

95 3111 188 3140 cum
217 3101 502 3141 waldensibus
538 3104 744 3143 videretur
783 3106 939 3152 facere,
972 3107 1064 3143 Pra-

98 3175 187 3214 gam
220 3175 340 3214 quam
370 3164 445 3202 An.
477 3165 593 3204 4409.
624 3166 862 3216 reliquerat,
890 3168 1062 3217 repetiit,

157 3305 190 3346 a)
215 3305 295 3338 Vide
319 3308 537 3339 Possevinum
561 3312 640 3340 tom.
664 3308 684 3338 Ξ).
708 3313 886 3349 apparatus
900 3316 976 3347 pag.
991 3307 1064 3339 ⁶252.

155 3355 194 3395 b)
221 3357 301 3388 Vide
325 3356 464 3390 'sobiam
476 3359 659 3391 semidium
676 3360 708 3390 iu
725 3359 891 3391 Chronico
905 3361 1070 3392 zwiccav.

2019 256 2098 295 :2¹45

1129 320 1260 370 ibique
1293 332 1506 372 puerorum
1552 322 1823 363 docendorum
1863 335 2000 364 curam
2035 338 2099 365 ac-

1127 384 1259 433 cepit,
1277 385 1442 422 Joannis
1467 386 1584 423 llussi
1610 387 1765 425 anneus
1790 391 1830 425 et
1851 389 1986 427 socius
2002 400 2096 428 cum

1128 445 1272 484 Jacobo
1297 445 1346 484 dc
1373 447 1467 485 Misa
1495 448 1582 485 sive
1601 448 1830 497 Jacobello,
1858 450 2099 501 Hieronymo

1129 508 1343 558 Pragensi:
1373 509 1526 546 Joanne
1557 509 1765 557 Gesnitio,
1796 511 1999 562 Stephano
2029 515 2097 551 Pa-

1129 569 1233 617 letio,
1261 570 1423 608 Matthia
1452 571 1676 621 Engerano,
1701 578 1741 610 et
1768 575 1880 612 Petro
1908 576 2099 614 Lunensi.

1130 629 1187 668 Ac
1213 631 1388 680 primum
1422 632 1545 670 fuisse
1577 635 1764 681 Petrum,
1797 636 1862 686 qui
1886 641 2025 675 contra
2053 638 2096 676 il—

1132 691 1260 730 lorum
1293 697 1518 743 temporum
1544 695 1696 735 abusus
1718 697 1792 735 sub
1816 702 1984 750 utraque
2009 711 2098 751 spe-

1130 755 1190 791 eie.
1235 755 1487 794 Dominicum
1539 768 1685 808 corpus
1733 759 2095 801 administrandum

1132 826 1222 854 csse
1254 816 1492 866 profitetur,
1523 820 1673 858 AEneae
1718 821 1840 871 Sylvii
1888 827 1943 866 et
1972 824 2099 862 Bonli-

1135 878 1185 915 nii
1225 879 1453 917 testimonio
1483 879 1600 919 docet
1645 883 1815 921 Jacobus
1857 884 2098 925 'l‘liomasius

1132 939 1228 978 diss.
1261 940 1416 980 erudita
1463 942 1512 981 de
1556 944 1670 982 Petro
1707 945 1950 994 Dresdensi,
1994 948 2095 998 Lips.

1136 1001 1250 1040 4678.
1284 1003 1320 1041 4.
1355 1004 1388 1054 g.
1425 1005 1486 1042 46.
1516 1009 1556 1043 et
1586 1006 1648 1044 74.
1680 1007 1788 1045 Idem
1837 1009 1976 1048 Petrus
2006 1021 2098 1048 cou-

1131 1062 1235 1102 ditor
1278 1066 1479 1104 variorum
1527 1067 1789 1117 hymnorum,
1822 1071 1931 1108 utin
1972 1072 2098 1110 Natali

1131 1126 1300 1175 Domini,
1320 1129 1436 1166 cuius
1455 1129 1636 1168 initium:
1665 1129 1840 1180 yaudent
1864 1143 1995 1171 omnes
2018 1132 2098 1170 An-

1126 1185 1235 1237 yeli,
1265 1193 1304 1226 et
1335 1191 1452 1238 qu'us
1478 1190 1561 1229 loca
1584 1192 1780 1241 quaedam
1809 1193 2097 1244 interpretatus

1130 1253 1192 1286 est
1242 1251 1508 1300 Hieronymus
1561 1253 1784 1302 Wellerus,
1829 1254 1913 1293 eine
1954 1255 2096 1294 Ausle-

1127 1320 1235 1361 9un9
1261 1310 1362 1350 uber
1386 1312 1447 1350 ein
1470 1312 1530 1351 alt
1562 1314 1912 1355 Veinhnacht-Lied
1938 1323 2032 1355 tom.
2058 1319 2093 1356 2.

1131 1372 1308 1422 Operum
1344 1375 1506 1412 Wclleri
1537 1376 1808 1415 Germanicor.
1839 1390 1870 1428 p.
1907 1380 1983 1420 492
2012 1392 2095 1430 seq.

1133 1444 1207 1472 nec
1235 1445 1310 1472 non
1332 1434 1472 1485 hymni
1493 1449 1500 1474 :
1525 1438 1647 1485 Quem
1659 1442 1845 1489 pastores
1867 1439 2095 1480 laudavere.

1131 1496 1184 1534 Et
1213 1497 1281 1545 qui
1315 1497 1351 1534 in
1383 1498 1578 1536 Ecclesiis
1609 1502 1757 1538 nostris
1786 1503 2005 1541 etiamnum
2030 1504 2097 1541 dc-

1133 1561 1374 1597 cantantur.
1411 1559 1521 1598 Puer
1550 1564 1669 1600 natus
1701 1562 1740 1600 z'n
1767 1562 2014 1613 Bethlehem,
2057 1572 2097 1603 et.

1135 1620 1287 1657 Latinis
1318 1621 1455 1660 verbis
1500 1622 1738 1662 Germanica
1782 1624 2100 1673 admiscentem,

1134 1680 1180 1718 In
1201 1680 1309 1719 dulci
1330 1681 1463 1721 Jubz'lo
1481 1713 1489 1731 ,
1513 1684 1606 1723 Nun
1629 1685 1758 1736 sinyet
1778 1686 1861 1724 und
1881 1686 1977 1739 seyd
1997 1687 2100 1739 froh.

1134 1748 1178 1782 ut
1200 1745 1431 1784 Latinarum
1460 1747 1562 1796 plebi
1588 1759 1664 1786 non
1688 1749 1985 1788 intellectarum
2004 1751 2100 1798 1000,

1136 1806 1366 1845 vernaculis
1413 1809 1665 1848 cantionibus
1708 1811 1859 1849 sensim
1895 1812 1933 1849 in
1979 1814 2103 1850 saeris

1134 1869 1304 1920 publicis
1349 1871 1412 1908 via
1452 1871 1712 1921 panderetur.
1758 1873 1855 1912 Vide
1896 1873 2101 1914 laudatum

1136 1931 1398 1970 Thomasium
1431 1933 1468 1984 ξ.
1499 1935 1590 1973 404.
1624 1946 1711 1985 seq.

1190 1994 1385 2033 PETRUS
1417 1995 1537 2035 Ducis
1579 1998 1665 2036 sive
1691 1997 1724 2036 le
1755 1998 1863 2047 Duc,
1897 1999 2031 2039 Abbas
2063 2001 2101 2038 S.

1136 2057 1306 2096 Victoris
1344 2058 1466 2097 Paris.
1517 2060 1767 2098 Licentiatus
1813 2062 1850 2098 in
1897 2062 2104 2112 Theologia

1132 2117 1208 2157 An.
1235 2120 1353 2158 4986.
1382 2131 1488 2159 cum.
1520 2123 1674 2160 Joanne
1706 2122 1755 2161 de
1800 2125 2035 2162 Montesono
2065 2130 2104 2162 et

1132 2176 1367 2219 Nicolao'de
1398 2183 1589 2233 Lingonis
1619 2188 1660 2222 et
1693 2184 1867 2223 Oliverio
1899 2186 2103 2231 Maillard,

1135 2241 1508 2282 praedicatoribus:
1538 2245 1692 2283 Joanne
1724 2245 1773 2283 de
1805 2248 2011 2286 villanova
2042 2248 2106 2286 Ci-

1135 2304 1375 2352 sterciensi,
1407 2304 1606 2343 Guilelmo
1652 2307 1841 2355 Barault,
1882 2309 2014 2346 Priore
2056 2309 2104 2347 de

1135 2365 1258 2404 Calvo
1287 2367 1444 2404 Monte:
1474 2365 1628 2404 Joanne
1666 2368 1844 2416 Salesio‚
1877 2370 2103 2409 carmelita.

1139 2427 1308 2478 Scripsit
1340 2427 1378 2465 in
1409 2425 1532 2466 libros
1571 2429 1897 2479 Sententiarum,
1937 2435 1978 2468 et
2006 2443 2104 2481 quo-

1137 2488 1249 2527 sdam
1281 2489 1490 2528 Sermones
1511 2521 1518 2538 ,
1541 2491 1835 2541 Manuscriptos
1858 2493 1894 2529 in
1921 2493 2104 2531 Biblioth.

1135 2551 1450 2589 San—Victorina.
1481 2551 1587 2589 Obiit
1620 2553 1683 2591 49.
1714 2552 1818 2591 Junii
1851 2553 1965 2591 Anno
1998 2556 2011 2593 4
2026 2555 2100 2593 400

1137 2611 1229 2649 vide
1260 2612 1591 2651 Sammarthanos
1621 2618 1714 2651 tom.
1746 2615 1806 2652 Ν.
1840 2627 1928 2666 pag.
1954 2616 2030 2654 927
2063 2622 2103 2655 et

1137 2673 1328 2711 Bulaeum
1361 2677 1458 2711 tom.
1488 2675 1553 2712 lv.
1588 2676 1725 2714 seculo
1758 2676 1819 2715 Vl.
1866 2677 2103 2717 Academiae

1139 2735 1259 2773 Paris.
1292 2745 1377 2785 pag.
1411 2736 1502 2773 982.
1548 2738 1615 2786 qui
1659 2738 1774 2776 ambo
1818 2739 1936 2778 etiam
1981 2742 2104 2791 epita-

1138 2795 1276 2847 phium
1308 2797 1395 2834 cius
1426 2798 1618 2836 referunt.

1191 2859 1384 2897 PETRUS
1415 2858 1625 2910 Duyiensis
1655 2873 1703 2899 ex
1741 2862 1908 2900 Simlero
1953 2867 2099 2903 notus.

1140 2922 1206 2970 qui
1238 2921 1359 2958 refert
1389 2931 1480 2959 eum
1513 2923 1721 2972 scripsisse
1746 2924 1950 2961 Summam
1979 2935 2102 2975 super

1141 2981 1319 3021 historiis
1343 2984 1377 3020 in
1408 2994 1523 3021 usum
1549 2985 1776 3022 Ecclesiae.-
1802 2996 1971 3034 eamque
2005 2987 2102 3023 Lon-

1141 3044 1221 3083 dini
1253 3046 1561 3095 Manuscriptam
1593 3048 1807 3084 asservari.

1170 3107 1361 3145 PETRUS
1383 3105 1428 3143 (lc
1455 3105 1641 3157 thsbury
1662 3138 1669 3146 .
1692 3109 1850 3157 scripsit
1883 3108 2101 3147 Ile'stora‘am

1143 3167 1338 3206 I'russiae
1386 3170 1505 3217 atquc
1551 3168 1711 3207 Ordinis
1760 3170 1960 3209 Teutonici
1984 3171 2102 3221 cujus

1135 3313 1165 3339 ⁰²
1191 3310 1370 3347 Georgium
1399 3309 1590 3342 Fabricium
1615 3311 1735 3342 Annal.
1759 3313 1854 3342 Misn.
1876 3312 1916 3342 ad
1937 3316 1997 3345 An.
2020 3314 2109 3347 1410,

1194 3357 1226 3396 c)
1253 3357 1332 3389 Vide
1358 3362 1437 3391 Acta
1464 3361 1566 3392 Erud.
1592 3363 1649 3392 An.
1674 3360 1764 3393 108⁸.
1793 3362 1957 3401 pngfilfil.
