2533 4009
444 236 522 274 '⁴02

443 303 551 342 sticis
577 297 721 350 Officiis
740 303 879 344 parva
894 287 1089 340 quaedam
1108 300 1114 322 2
1135 285 1312 334 adeoque
1337 283 1394 320 di-

445 372 587 401 versus
615 371 633 396 a
665 356 761 394 libro
788 351 950 400 Ruperti
983 345 1200 392 Tuitiensis
1242 343 1291 382 de
1332 354 1397 381 ca-

445 424 534 461 dem
566 417 738 457 materia.
783 411 992 449 Albericus
1020 406 1067 446 ad
1099 417 1132 444 a.
1164 406 1280 444 4444.
1310 415 1398 454 pag.

445 484 532 521 249.
563 480 703 516 Exstat
735 475 770 510 in
803 471 899 510 Bibl.
943 467 1171 507 monasterii
1201 466 1241 504 S.
1269 465 1400 503 Marti-

445 544 482 580 ni
513 535 798 580 Tornacensis‚
828 536 930 570 teste
960 530 1052 568 Ant.
1082 526 1258 567 Sandero
1301 525 1398 564 Bibl.

444 601 595 648 Belgica
625 595 738 634 MSS.
767 606 802 643 p.
835 591 922 631 437.

495 652 756 698 ROBERTUS
785 652 1049 698 Leicestrius‚
1095 650 1274 701 Anglus‚
1305 647 1396 686 Ord.

444 724 483 762 S.
525 718 745 759 Francisci‚
792 714 929 753 didicit
971 719 1012 751 et
1054 712 1188 751 docuit
1231 711 1399 755 oxonii,

444 786 625 821 mortuus
654 777 891 817 Lichseldiae
921 787 955 814 a.
988 775 1103 813 4348.
1131 773 1298 821 Scripsit
1333 771 1401 808 Le-

447 846 584 881 cturas
600 841 752 879 Sacrae
768 837 1016 888 scripturae,
1035 835 1245 874 Comment.
1266 832 1307 869 in
1320 832 1402 870 Ma-

442 903 613 953 qislrum
634 899 924 940 Sententiarum
944 928 951 942 ,
977 895 1023 934 de
1047 896 1224 945 computo
1249 891 1402 931 Hebra—

444 974 580 1002 eorum
598 965 636 1000 et
658 961 899 1006 Latinorum,
921 957 967 996 (Ie
990 956 1144 994 ratione
1169 958 1399 1006 temporum,

443 1025 488 1063 ile
507 1026 746 1075 paupertate
776 1019 951 1066 Christi,
978 1015 1209 1068 Quodlibeta
1233 1018 1269 1053 et
1297 1015 1403 1065 Opu-

444 1084 555 1124 scula
579 1084 707 1123 varia.
743 1081 941 1121 Lelandus
983 1091 1016 1118 c.
1054 1079 1144 1117 294.
1183 1079 1339 1116 Pitseus
1367 1087 1402 1114 c.

447 1148 535 1186 552.
568 1145 816 1194 Waddingus
845 1143 894 1181 de
924 1140 1186 1192 scriptoribus
1214 1138 1310 1177 Ord.
1340 1138 1404 1176 Mi-

444 1219 585 1248 norum
617 1218 704 1258 pag.
736 1206 828 1244 308.
857 1204 996 1242 Willot
1024 1202 1206 1241 Athenae
1235 1199 1402 1239 sodalitii

446 1269 696 1309 franciscani
728 1279 764 1317 p.
796 1266 887 1305 348.

495 1328 757 1370 ROBERTUS
784 1326 829 1366 de
854 1326 959 1366 Licio
975 1351 988 1373 ,
1005 1329 1122 1377 gente
1138 1323 1402 1369 Caracciolus,

443 1394 550 1443 Lycii
581 1393 618 1430 in
650 1401 770 1441 regno
799 1388 1057 1438 Neapolitano
1108 1390 1226 1424 natus
1247 1416 1257 1433 ,
1301 1384 1405 1422 ordi-

444 1466 534 1492 nem
562 1454 752 1491 Minorum
783 1452 989 1500 ingressus
1018 1453 1107 1495 est,
1139 1451 1228 1497 post
1243 1447 1405 1495 Episco-

445 1526 522 1566 pus
551 1514 740 1552 Liciensis
769 1517 809 1549 et
839 1512 1029 1561 Aquinas.
1061 1511 1102 1548 ln
1146 1507 1404 1548 Sei-monibus

455 1577 527 1615 fuit
571 1575 732 1613 fervens
783 1578 823 1611 ct
868 1572 1088 1610 vehemens
1119 1599 1127 1617 ‚
1177 1569 1405 1618 nulliusque

450 1637 674 1675 auctoritati
705 1635 894 1684 pepercit.
922 1632 1027 1671 Obiit
1045 1643 1079 1670 a.
1110 1632 1226 1670 4495.
1251 1629 1397 1668 Edidit.

500 1700 536 1736 4.
556 1698 762 1736 Sermones
791 1694 838 1732 de
869 1693 1027 1733 Christo
1053 1721 1061 1738 ,
1086 1693 1126 1729 B.
1165 1690 1319 1741 Vz'ryine
1355 1700 1404 1727 ac

445 1757 613 1798 Sanctis.
640 1757 776 1794 Venet.
803 1755 919 1795 4489.
949 1755 1049 1793 4490
1095 1753 1160 1792 sol.

503 1820 539 1856 2.
564 1819 771 1857 Sermones
791 1816 837 1856 cle
865 1817 1047 1868 Tempore
1062 1847 1071 1863 ,
1093 1819 1130 1854 et
1151 1814 1196 1853 de
1223 1811 1407 1852 laudibus

449 1882 700 1920 Sanctorum.
728 1881 846 1929 Neap.
871 1879 984 1918 4489.
1011 1878 1128 1917 Basil.
1166 1877 1280 1915 4490.
1324 1875 1408 1924 Spi-

447 1953 514 1980 rae
545 1942 661 1979 4490.
691 1941 753 1978 fol.
783 1940 988 1979 llackerus
1015 1952 1048 1990 p.
1073 1939 1163 1977 248.
1203 1936 1249 1975 de
1283 1934 1410 1974 laudi-

452 2001 524 2041 bus
548 2003 782 2041 Sanctorum
814 2002 1041 2051 separatim.
1072 2000 1171 2049 Aug.
1201 1997 1314 2035 Vind.
1341 2007 1409 2046 per

451 2063 676 2103 Erhardum
710 2062 865 2101 Ratdolt
896 2062 1012 2101 4489.
1043 2062 1078 2100 4.
1107 2060 1223 2099 Basil.
1240 2071 1309 2109 per
1329 2059 1409 2097 Nic.

454 2124 608 2163 Kesler.
642 2124 757 2163 4490.
782 2124 843 2161 fol.

510 2186 546 2223 3.
578 2183 931 2235 Quadrayesimale
960 2183 1006 2222 cle
1035 2182 1227 2221 Peccatis.
1273 2180 1407 2220 Colon.

458 2247 572 2284 4475.
602 2247 739 2284 Venet.
770 2246 884 2284 4488.
917 2245 1033 2284 4490.
1065 2245 1098 2282 4.
1133 2244 1252 2290 Licii,
1294 2242 1411 2281 4490.

463 2319 502 2345 ν.
532 2306 694 2346 Hockeri
726 2306 847 2345 Catal.
879 2306 974 2344 Bibl.
1002 2304 1354 2344 Heilsbrunnensis
1375 2314 1410 2353 p.

462 2368 549 2407 460.
580 2367 810 2407 Offenbaeh.
841 2368 957 2406 4496.
989 2367 1054 2405 fol.

508 2431 542 2467 4.
561 2427 915 2479 Quaclraqesimale
930 2427 976 2466 cle
996 2427 1248 2466 poenitentia.
1272 2427 1410 2465 Venet.
1432 2420 1435 2421 ⁷

455 2491 571 2530 4472.
603 2491 638 2528 4.
668 2490 831 2540 Argent.
863 2490 978 2529 4497.
1005 2489 1068 2527 fol.
1103 2489 1202 2527 Cum
1234 2487 1307 2526 hac
1333 2486 1414 2525 edi-

452 2554 559 2590 tione
599 2553 814 2602 posteriore
845 2550 1077 2601 prodierunt
1114 2550 1321 2588 Sermones
1367 2546 1415 2586 cle

453 2614 766 2652 Annunciatione
794 2612 963 2664 Viryinis
988 2611 1166 2656 Mariae,
1191 2609 1238 2648 de
1248 2609 1414 2661 praede—

457 2676 692 2714 stinatorum
739 2678 776 2713 et
818 2674 1095 2713 damnatorum
1135 2683 1326 2720 numero,
1369 2670 1416 2709 de

455 2737 605 2774 catenis
631 2739 904 2787 peccatorum,
935 2734 981 2773 de
1009 2745 1077 2784 spe
1108 2732 1209 2772 bona
1230 2763 1239 2779 ,
1270 2732 1316 2771 cle
1344 2732 1417 2783 ju-

454 2796 552 2835 dicio
576 2795 835 2848 pestilentiae.
868 2795 998 2835 Unum
1029 2807 1078 2834 ex
1104 2795 1166 2833 his
1187 2794 1416 2844 Quadrage-

457 2859 661 2897 siinalibus
694 2857 836 2908 prodiit
863 2859 982 2896 etiam
1004 2857 1151 2907 Lingua
1177 2855 1312 2894 Italica
1332 2855 1418 2905 jus-

459 2930 505 2958 su
538 2919 772 2958 Ferdinandi
804 2920 920 2969 Regis
948 2919 1034 2956 sine
1065 2918 1148 2956 loco
1179 2917 1294 2956 4476.
1325 2917 1419 2954 Tar-

464 2982 583 3027 visii‚
619 2981 732 3020 4479.
781 2981 844 3019 sol.
875 2981 1012 3019 Venet.
1046 2979 1160 3018 4483.
1198 2977 1260 3016 fol.
1296 2977 1417 3027 lncip.

461 3041 619 3080 Ductus
649 3047 710 3079 est
739 3044 862 3081 Jesus
894 3043 929 3079 in
963 3043 1186 3080 Desertum.

512 3103 546 3139 5.
578 3104 782 3140 Sermones
814 3103 858 3141 (le
882 3102 1061 3141 Adventu
1086 3105 1123 3140 et
1147 3098 1419 3149 Ouaclraqesi-

462 3172 536 3197 ma.
568 3163 704 3199 venet.
736 3165 850 3201 4496,
881 3166 914 3200 8,

518 3222 552 3256 6.
583 3223 786 3261 Sermones
817 3224 862 3262 (le
892 3225 1028 3263 timore
1049 3224 1301 3276 judiciorum
1331 3222 1416 3260 Dei.

465 3280 509 3316 tle
541 3281 830 3321 immortalitate
861 3286 1040 3333 animae,
1072 3287 1117 3324 tle
1146 3290 1309 3324 aelerna
1328 3283 1415 3322 bea-

1247 210 1644 252 ROBERTUS

1470 279 1614 318 tudine.
1640 280 1758 328 Neap.
1789 279 1903 318 4473.
1944 280 2008 317 sol.
2051 280 2176 317 Vonot
2206 307 2215 316 .
2245 279 2294 317 dc
2323 278 2433 320 Colo-

1476 342 1537 379 nia
1569 340 1686 379 4475.
1721 340 1754 376 4.
1785 338 1947 378 Hocker.
1977 341 1986 378 l
2024 351 2059 379 c.
2088 352 2123 390 p.
2157 341 2246 379 464.

1523 401 1559 438 7.
1589 401 1797 439 Sermones
1823 411 1896 451 per
1923 400 2169 440 solennitates
2187 402 2303 440 totius
2318 402 2428 450 anni,

1475 461 1633 499 Domini
1663 459 1840 499 Sabaoth
1870 464 1907 499 et
1947 462 2209 502 Beatissimae
2258 461 2433 514 Vzrqinis

1473 524 1610 561 Venet.
1644 523 1760 561 4474.
1792 522 1907 560 4496.

1526 585 1562 622 8.
1594 584 1648 622 De
1676 582 1842 621 hominis
1868 580 2104 632 formatione
2120 582 2234 624 tiber.
2252 584 2434 624 Noriber-

1473 657 1544 696 gae
1575 644 1689 684 4470.

1526 708 1564 744 9.
1593 707 1800 746 Sermones
1830 704 1876 743 de
1899 715 2038 742 amore
2053 702 2279 744 divinorum
2294 705 2435 759 officio-

1475 779 1582 806 rum.
1613 768 1730 817 Neup.
1763 767 1878 806 4493.

1535 831 1596 868 40.
1608 827 1816 880 Speculum
1823 826 1918 878 fidei
1927 826 2167 866 Cristianae.
2178 827 2336 868 Veneti
2347 829 2436 868 555.

1543 891 1603 928 44.
1625 890 1835 927 Tractatus
1864 888 1910 927 cle
1935 891 2070 927 morte.
2091 889 2222 929 Norib.
2245 889 2360 929 4479.
2377 890 2440 929 fol.

1539 950 1776 989 Prodierunt
1807 962 1966 1001 quoque
1991 961 2038 988 ex
2064 955 2156 988 ante
2181 950 2297 990 dictis
2315 950 2443 1002 Opera

1486 1023 1564 1051 uno
1595 1012 1800 1050 volumine
1819 1042 1828 1050 .
1861 1011 1982 1062 Lugd.
2012 1012 2129 1051 4503.
2153 1011 2280 1051 tribus
2308 1013 2440 1059 tomis,

1479 1074 1617 1112 Venet.
1649 1074 1751 1112 4490

1531 1135 1634 1174 Haec
1669 1147 1718 1173 ex
1764 1137 1882 1174 ilenr.
1920 1134 2125 1174 Whartoni
2169 1134 2351 1186 Append.
2392 1134 2441 1174 ad

1485 1197 1663 1235 Caveum
1695 1207 1782 1247 pag.
1815 1197 1903 1236 428.
1949 1196 2060 1236 Adde
2102 1196 2365 1236 Trithemium
2394 1195 2444 1235 de

1480 1259 1668 1307 Scriptor.
1699 1258 1852 1297 Eccles.
1896 1269 1931 1297 c.
1961 1257 2053 1298 887.
2094 1258 2363 1309 Waddingum
2393 1257 2442 1296 de

1480 1319 1746 1369 scriptoribus
1773 1319 1866 1358 Ord.
1898 1321 2090 1359 Minorum
2122 1331 2157 1371 p.
2188 1320 2277 1360 306.
2302 1319 2439 1370 Toppii

1480 1381 1576 1420 Bibl.
1606 1381 1903 1431 Neapolitanam
1936 1394 1970 1433 p,
1993 1382 2084 1421 270.
2101 1381 2239 1420 Willot
2257 1380 2439 1420 Athenas

1481 1441 1651 1480 sodalitii
1684 1444 1935 1483 Franciscani
1952 1456 1988 1495 p.
2007 1444 2097 1484 546.
2116 1442 2271 1494 Ughelli
2288 1442 2440 1482 Italiam

1484 1513 1638 1541 sacram
1669 1508 1763 1542 tom.
1798 1506 1822 1543 1.
1856 1517 1891 1556 p.
1921 1506 2010 1545 398.

1538 1564 1558 1586 ’ἒ
1588 1565 1629 1602 ln
1662 1566 1918 1605 recensendis
1947 1566 2133 1618 operibus
2173 1567 2274 1606 sacri
2319 1565 2440 1605 huius

1484 1632 1604 1679 atque
1633 1633 1764 1670 aetate
1794 1639 1866 1668 sua
1907 1627 2076 1666 celebris
2112 1627 2279 1666 oratoris
2317 1625 2444 1676 major

1481 1690 1683 1742 diligentia
1702 1701 1823 1741 quam
1847 1700 1949 1739 quae
1976 1688 2051 1728 huc
2076 1689 2263 1739 praestita
2300 1688 2353 1727 sit
2376 1687 2446 1726 de-

1481 1751 1689 1790 sideratur.
1715 1752 1798 1802 Ego
1821 1750 1978 1788 codices
1996 1760 2106 1788 meos
2125 1749 2322 1788 evolvens
2349 1748 2446 1787 haec

1481 1823 1567 1852 com
1575 1814 1669 1863 peri.
1684 1809 2038 1861 Quadrayesimale
2054 1809 2102 1849 de
2111 1809 2355 1861 poenitentia
2366 1809 2447 1848 edi-

1484 1879 1568 1913 tum
1591 1879 1653 1912 est
1679 1875 1854 1912 Venetiis
1877 1884 1946 1922 per
1969 1871 2233 1910 Vendelinum
2259 1870 2308 1910 de
2333 1871 2446 1922 Spira
2495 1903 2500 1905 .

1483 1947 1586 1974 anno
1618 1935 1732 1974 4472.
1769 1936 1805 1972 in
1846 1935 1880 1972 4.
1918 1933 2089 1972 Editioni
2117 1932 2210 1972 huie
2243 1931 2446 1971 adnexum

1485 1997 1608 2036 liabeo
1625 2007 1697 2037 seu
1711 2007 1822 2043 casu,
1838 2006 1910 2034 seu
1934 1994 1983 2034 ab
2007 1995 2091 2045 ipso
2115 1993 2254 2033 eodem
2281 1994 2449 2043 impres·

1487 2069 1574 2096 sore
1595 2056 1779 2106 junctum
1799 2056 1974 2095 libellum
1995 2054 2175 2094 eiusdem
2204 2056 2242 2093 in
2265 2065 2344 2105 quo
2365 2064 2448 2093 ser-

1487 2129 1625 2157 mones
1645 2118 1693 2157 de
1714 2118 2037 2157 Annunciatione
2058 2118 2100 2156 Β.
2119 2118 2161 2156 Β.
2181 2117 2451 2168 Ῡίτςίη45,,[)θ

1489 2190 1659 2219 numero
1695 2179 2076 2230 praedestinatorum
2102 2182 2143 2217 et
2165 2179 2451 2217 Damnatorum

1486 2251 1532 2279 ac
1561 2240 1609 2278 de
1644 2242 1809 2287 catoris,
1835 2239 1980 2290 quibus
2015 2239 2193 2290 Angelus
2229 2239 2449 2277 Draconem

1488 2302 1668 2339 vincivit.
1699 2301 1844 2340 Libello
1866 2301 1956 2340 huic
1979 2301 2086 2340 nulla
2110 2299 2270 2339 additur
2288 2298 2451 2338 adnota-

1492 2364 1545 2401 tio
1569 2363 1660 2402 anni
1683 2367 1723 2400 et
1752 2363 1823 2401 loci
1850 2362 2151 2412 impressionis,
2175 2360 2244 2400 sed
2283 2360 2453 2399 volumi-

1488 2426 1550 2462 nis
1574 2428 1614 2462 et
1632 2429 1880 2462 caracterum
1920 2422 2046 2473 figura
2080 2421 2167 2461 eod.
2201 2426 2382 2472 tempore
2405 2424 2447 2459 et
2508 2410 2527 2453 ’-

1489 2485 1573 2524 loco
1597 2496 1675 2536 quo
1697 2485 1900 2535 superiore
1923 2484 2056 2522 omnia
2080 2481 2274 2534 prodiisse
2297 2481 2424 2521 docet.

1550 2547 1711 2585 Praesto
1729 2545 1822 2584 mihi
1840 2550 1903 2584 est
1922 2543 2055 2583 Codex
2076 2544 2198 2594 alius,
2215 2545 2252 2582 in
2274 2554 2353 2594 quo
2371 2553 2455 2582 ser-

1494 2619 1635 2647 mones
1658 2608 1704 2647 de
1736 2607 1875 2646 timore
1890 2604 2140 2658 judiciorum
2157 2605 2256 2654 Dei,
2287 2606 2454 2656 impres-

1492 2680 1562 2708 sus
1585 2671 1621 2707 in
1645 2670 1681 2708 4.
1702 2669 1880 2708 Venetiis
1899 2679 1962 2707 an.
1986 2666 2101 2706 4475.
2132 2667 2194 2706 cui
2219 2665 2449 2716 adiungitur

1496 2731 1623 2770 eiusd.
1634 2731 1780 2769 formae
1796 2734 1836 2768 et
1850 2733 2095 2768 caracterum
2114 2728 2271 2767 libellus
2286 2726 2333 2766 de
2347 2737 2452 2766 mor-

1494 2793 1543 2831 tis
1581 2803 1627 2831 ac
1663 2792 1820 2830 libellus
1849 2791 1951 2829 alius
1975 2790 2151 2829 referens
2171 2799 2378 2829 sermones
2399 2788 2455 2828 De

1494 2853 1676 2892 Adventu
1697 2852 1864 2891 Domini.
1890 2851 2066 2891 Tandem
2092 2851 2270 2890 eiusdem
2296 2861 2454 2901 semper

1497 2914 1646 2965 figurae
1664 2943 1672 2961 ,
1693 2913 1913 2963 eademque
1939 2913 2094 2963 apicum
2122 2912 2243 2951 forma
2265 2915 2325 2950 est
2351 2910 2451 2950 alius

1497 2976 1595 3014 liber
1617 2976 1831 3025 inscriptus
1849 2974 1895 3012 de
1913 2972 2060 3012 Divina
2076 2972 2290 3021 charitate,
2304 2972 2366 3011 cui
2387 2981 2450 3021 ac-

1497 3037 1604 3077 cedit
1631 3038 1667 3075 in
1697 3036 1773 3075 line
1797 3036 1954 3074 libellus
1983 3034 2030 3074 de
2054 3031 2346 3074 immortalitate
2367 3030 2453 3071 ani-

1495 3110 1583 3137 mae
1600 3102 1640 3136 ft
1659 3100 1715 3136 sic
1731 3097 1965 3136 absolvitur.
1979 3097 2228 3146 Quamquam
2246 3094 2373 3134 tribus
2392 3093 2449 3132 hi-

1495 3173 1560 3200 sce
1585 3160 1868 3211 posterioribus
1895 3158 2036 3197 libellis
2061 3157 2168 3197 nulla
2189 3158 2240 3194 sit
2261 3159 2350 3194 nota
2377 3154 2444 3192 im-

1499 3222 1691 3273 pressoris
1729 3221 1799 3259 loci
1818 3251 1828 3266 ‚
1857 3225 1897 3258 et
1925 3221 2046 3269 anni,
2070 3218 2200 3258 adhuc
2230 3221 2361 3256 tamen
2383 3225 2447 3253 eo-
2501 3226 2508 3233 ·

1498 3284 1587 3321 dem
1616 3284 1696 3321 loco
1723 3288 1760 3320 et
1787 3288 1963 3331 tempore
1985 3279 2175 3331 prodiisse
2198 3277 2275 3316 vix.
2297 3274 2445 3314 dubito.
