2517 4009
940 225 1278 265 PBOSPER

101 303 187 340 eius
229 302 282 340 rei
326 308 466 339 caussa
497 298 660 336 Romam
687 296 842 336 direxit.
889 299 1069 337 Mortuus

100 367 163 401 est
192 373 296 401 anno
325 361 485 399 circiter
516 358 607 396 463.
752 405 755 407 q

154 426 308 475 Scripta
338 421 429 473 ejus
471 421 508 463 a?
539 419 678 458 ordine
708 421 985 472 chronologico
1015 420 1073 458 di-

98 488 224 538 gessit.
267 485 325 523 J0.
356 484 544 529 Salinas,·
575 483 644 520 sed
694 495 767 534 ego
810 483 1069 534 potissimum

99 549 324 588 Editionem
358 546 544 585 ultimam
575 546 825 593 Parisinam,
857 550 896 583 et
927 543 1073 582 Aucto-

102 621 167 649 res
209 610 308 648 Hist.
353 608 553 646 literariae
597 607 770 645 Gallicae
801 617 974 656 sequor,
1005 605 1073 655 qui

101 683 148 711 ea
179 672 216 710 in
241 675 374 710 certas
394 670 546 708 classes
570 668 872 716 distinxerunt,
904 677 1075 717 sequen-

99 735 128 772 ti
159 733 310 772 ordine.

467 795 490 832 I
517 793 722 832 Genuina.

158 860 193 896 4.
223 856 403 909 Epistola
426 856 481 895 acl
499 856 766 907 Auyustinum
790 885 797 902 ,
820 853 924 905 apud
953 864 1074 904 quem

102 920 362 970 conqueritur
391 919 439 957 de
468 920 635 958 ausibus
660 917 1073 967 semipelagianorum

103 983 143 1020 in
173 981 313 1021 Gallia.
352 982 542 1032 Epistolis
572 981 788 1032 Augustini
836 980 986 1016 inserta
1015 981 1078 1015 est

103 1045 189 1083 loco
217 1045 307 1082 225.
338 1043 487 1082 Gallice
519 1044 642 1081 vertit
685 1043 744 1080 .lo.
798 1038 1008 1089 Launojus
1039 1039 1075 1076 in

104 1105 230 1144 libro:
265 1103 461 1143 Verctable
494 1102 686 1143 tradztzon
717 1102 764 1141 de
795 1101 819 1140 Γ
839 1100 978 1152 Eylzse
1005 1111 1079 1138 sur

96 1165 143 1207 Ia
183 1166 496 1218 predestinatzon
534 1170 572 1204 et
609 1165 648 1203 la
693 1175 842 1216 yrace
883 1162 995 1215 chap.
1040 1164 1074 1201 5

104 1230 204 1280 Opp.
234 1233 330 1267 tom.
365 1231 378 1267 4
420 1240 458 1279 p.
491 1227 608 1267 4074.

160 1291 198 1329 2.
227 1290 407 1341 Epistola
431 1289 486 1328 ad
513 1289 727 1340 Rufinum,
761 1289 895 1326 nescio
925 1298 1045 1337 quem
1064 1318 1073 1334 ,

107 1352 155 1392 de
182 1353 317 1404 qratia
348 1357 387 1390 et
413 1350 536 1391 lzbero
562 1348 763 1397 arbitrio,
790 1351 939 1399 scripta
965 1349 1077 1387 circi-

108 1420 170 1453 ter
199 1426 232 1453 a.
266 1415 371 1453 429..
391 1414 541 1453 Gallice
573 1414 694 1450 vertit
725 1411 828 1450 idem
874 1410 1075 1461 Launojus

111 1479 137 1516 1.
168 1489 200 1515 c.
233 1489 270 1528 p.
304 1476 420 1516 4078.

165 1540 202 1578 3.
234 1539 408 1580 Carmen
451 1536 498 1575 de
529 1536 726 1587 inyratis,
758 1535 795 1573 h.
826 1546 862 1572 e.
891 1534 939 1572 de
971 1534 1073 1582 illis,

105 1603 172 1652 qui
217 1605 313 1640 sunt
359 1601 446 1638 sine
476 1599 629 1649 gratia,
660 1599 809 1648 quique
853 1597 1003 1648 gratiae
1035 1598 1071 1634 in

106 1664 216 1703 initio
246 1663 373 1701 bonae
405 1661 627 1699 voluntatis
651 1665 692 1698 et
717 1659 806 1698 fidei
839 1659 994 1697 nullum
1021 1659 1076 1697 lo-

105 1736 198 1765 cum
243 1723 484 1764 concedunt.
524 1723 688 1761 Editum
734 1726 798 1760 est
841 1733 862 1760 a
911 1722 1074 1760 Matthia

105 1787 234 1827 Flacio
262 1798 355 1826 curn
384 1786 495 1825 libris
526 1785 706 1835 Prosperi
738 1783 784 1822 de
808 1787 971 1835 peccato
997 1783 1076 1821 ori-

102 1849 208 1900 9im's
250 1853 288 1888 et
329 1847 451 1887 libero
480 1845 679 1895 arbitrio,
712 1847 829 1885 4560.
872 1846 910 1883 8.
954 1847 1074 1898 Paris.

108 1911 224 1950 4647.
257 1911 292 1949 4.
319 1922 413 1950 cum
446 1911 632 1948 versione
662 1909 698 1946 le
727 1909 864 1948 Maitre
890 1907 938 1946 de
971 1908 1071 1955 Saci,

104 1985 225 2024 quam
253 1973 486 2013 authentico
531 1970 841 2022 comparandam
872 1969 1070 2019 judicant.

104 2036 237 2075 Editio
262 2036 525 2074 Lovaniensis
552 2034 670 2073 4703.
701 2044 822 2083 quam
848 2031 1075 2070 Benedicti-

106 2100 145 2136 ni
176 2098 410 2149 proferunt,
441 2108 583 2135 revera
613 2095 718 2134 edita
749 2099 812 2133 est
841 2094 1010 2133 Amstel.
1033 2095 1070 2131 in

104 2159 328 2213 Appendice
356 2158 680 2210 Auyustiniana,
706 2158 771 2196 ubi
801 2157 875 2195 hoc
900 2157 1070 2195 Carmen

105 2223 234 2274 primo
275 2222 359 2261 loco
389 2221 559 2260 habetur
602 2232 693 2259 cum
739 2224 875 2258 annot.
914 2220 1071 2257 Martini

105 2286 318 2335 steyaert,
345 2284 584 2322 Professoris
614 2283 745 2332 Regii,
778 2293 881 2332 quae
917 2283 954 2319 in
991 2280 1072 2320 edi-

104 2347 211 2385 tione
240 2346 417 2384 Parisina
447 2350 545 2384 sunt
575 2346 783 2396 repetitae.
816 2345 954 2382 Versio
984 2343 1075 2381 Gal-

106 2408 179 2446 lica
210 2406 342 2445 denuo
371 2406 518 2457 prodiit
549 2408 671 2444 Paris.
705 2406 822 2444 4747.
856 2405 918 2444 42.
950 2405 1074 2454 Belgi-

105 2481 192 2509 cam
223 2468 335 2507 dedit
364 2468 490 2506 Andr.
534 2479 614 2506 van
663 2468 734 2505 der
773 2468 971 2506 Schuren.
998 2469 1076 2506 Me-

108 2532 253 2570 moires
281 2531 330 2569 de
361 2531 548 2568 Trevoux
581 2529 701 2568 4744.
734 2541 774 2580 p.
805 2529 925 2570 2042.
972 2530 1068 2578 (284

104 2592 294 2632 Tradotto
324 2594 363 2630 in
395 2596 506 2631 terza
540 2594 640 2630 rima
671 2591 734 2630 dal
769 2593 808 2629 P.
841 2591 911 2629 Fil.
935 2591 1076 2629 Anfos-

105 2657 137 2694 si
158 2656 441 2695 Domenicano.
473 2657 594 2694 Roma
629 2655 745 2693 4848.
777 2655 812 2692 8.
845 2656 928 2693 Lat.
960 2652 1071 2702 ital.)

158 2717 196 2756 4.
226 2718 309 2757 Sub
339 2717 459 2756 finem
491 2717 612 2767 hujus
641 2715 840 2755 Carminis
871 2716 1076 2755 adduntur

103 2778 412 2830 Epiyrammata
440 2778 548 2826 tria,
573 2791 622 2817 ex
655 2779 804 2828 quibus
835 2778 914 2817 duo
946 2780 1073 2829 priora

105 2846 202 2880 sunt
229 2844 368 2880 contra
396 2839 680 2880 obtrectatores
718 2841 937 2892 Auyustini
954 2872 962 2889 ,
997 2845 1076 2879 ter-

106 2903 205 2941 tium
249 2907 313 2940 est
359 2903 613 2954 Epitaphium
641 2903 907 2942 Nestor-ianae
940 2906 977 2940 ct
1007 2904 1076 2941 Pe-

109 2960 292 3014 layianae
311 2963 538 3003 haereseon.

162 3026 199 3064 5.
230 3024 534 3076 Epiyrammata
556 3026 664 3066 CVI.
695 3037 745 3064 ex
775 3030 834 3064 tot
861 3026 1076 3064 sententiis

110 3086 344 3138 Augustini,
368 3086 485 3137 cujus
511 3088 631 3126 verba
657 3088 886 3137 adduntur,
913 3099 1076 3138 expres-

167 3253 201 3292 a)
224 3256 269 3284 De
286 3253 338 3285 his
361 3254 583 3286 conferendae
603 3257 670 3285 sos.
691 3255 849 3285 Antelmii
875 3254 1084 3287 dissertatio-

2035 230 2112 270 319

1147 308 1202 335 sa.
1249 297 1291 335 ln
1324 298 1565 339 editionibus
1595 303 1886 352 antiquioribus
1931 303 2113 353 pauciora

1146 362 1324 399 numeris
1346 362 1537 401 offendes.
1561 363 1678 402 Edita
1705 371 1802 404 sunt
1827 367 2001 416 primum
2035 367 2115 404 Au·-

1148 427 1290 473 gustae
1322 425 1614 474 Taurinorum,
1647 428 1722 466 sub
1753 428 1872 467 finem
1920 439 2000 467 sec.
2031 430 2114 467 XV.

1149 486 1182 522 4.
1215 497 1304 524 cum
1337 487 1489 525 Comm.
1521 488 1751 540 Anonymi,
1783 496 1823 528 et
1853 491 2014 541 quidem
2043 491 2115 528 hoc

1151 547 1317 586 mirabili
1359 549 1474 587 titulo
1519 553 1770 598 praemisso:
1815 553 2027 591 Tractatus
2071 551 2118 590 de

1147 609 1231 647 vita
1261 609 1562 660 contemplativa
1609 617 1646 650 et
1688 613 1863 652 humana
1892 613 2025 666 quoad
2061 624 2118 652 se-

1142 675 1248 723 ptem
1278 671 1479 719 vz‘rtutes‚
1510 684 1556 711 ex
1590 675 1736 724 quibus
1768 681 1850 714 tres
1882 683 1978 715 sunt
2009 677 2120 714 theo—

1151 733 1326 784 logicae,
1358 739 1530 784 quatuor
1576 747 1671 773 vero
1701 738 1939 776 cardinales.
1981 739 2121 788 Sequi-

1152 801 1217 835 tur
1237 796 1356 834 editio
1376 798 1606 846 Moguntina
1634 798 1750 836 4494.
1777 799 1811 837 [ι.
1839 801 1979 839 Aldina
2004 801 2118 840 1504.

1154 858 1190 895 4.
1219 870 1312 897 cum
1345 858 1586 908 Prudentio,
1618 862 1677 898 J0.
1709 861 1950 900 Susenbethi
1997 863 2059 901 lib.
2092 863 2121 901 Ι.

1154 920 1320 960 Scholae
1348 921 1626 970 Christianae,
1648 923 1771 961 Basil.
1797 924 1913 962 4539.
1938 925 2050 964 1541.
2082 926 2118 964 8.

1152 983 1425 1022 Westhemeri
1451 1016 1459 1031 ,
1489 985 1608 1023 Basil.
1641 985 1676 1022 8.
1708 996 1799 1024 cum
1831 986 1981 1026 Sedulii
2021 987 2124 1038 Ope-

1153 1058 1194 1084 re
1224 1045 1405 1085 Pascbali
1451 1047 1624 1097 denique
1657 1048 1692 1085 in
1724 1047 1962 1098 Anthologia
2001 1050 2122 1088 Sacra

1152 1110 1233 1146 Jac.
1294 1110 1422 1157 Billii‚
1471 1110 1659 1148 Genevae
1707 1109 1812 1161 apud
1863 1110 2090 1150 Chouetum
2117 1143 2121 1157 ,

1154 1172 1268 1209 4594.
1303 1172 1365 1210 46.
1516 1174 1528 1183 '

1204 1231 1346 1270 Omnia
1378 1232 1477 1272 haec
1509 1235 1696 1273 Poemata
1727 1246 1817 1274 cum
1863 1235 2016 1274 Paulini
2048 1237 2123 1275 No—

1152 1294 1229 1331 lani
1260 1298 1300 1331 et
1329 1294 1498 1333 aliorum
1531 1297 1784 1335 Carminibus
1808 1297 1935 1335 edidit
1966 1299 2115 1337 Theod.

1150 1356 1425 1402 PulmannuS‚
1451 1359 1560 1407 typis
1591 1358 1883 1407 Plautinianis,
1912 1361 2028 1399 4560.
2055 1362 2117 1400 46.

1151 1417 1346 1467 Georgius
1376 1418 1582 1458 Fabricius
1614 1421 1650 1457 in
1687 1421 1862 1470 Corpore
1907 1423 2118 1461 Poetarum

1150 1478 1496 1527 Christianorum,
1542 1486 1711 1532 excepto
1752 1483 1852 1520 libro
1896 1483 1943 1521 cle
1982 1485 2120 1534 provi-

1149 1539 1281 1578 dentia
1311 1542 1410 1590 Dei,
1443 1554 1517 1581 nec
1549 1555 1626 1582 non
1657 1545 1924 1583 Genevenses
1970 1547 2006 1583 in
2038 1546 2119 1584 edi-

1150 1603 1324 1642 tionibus
1348 1605 1537 1655 Corporis
1563 1607 1775 1645 Poetarum
1799 1608 2043 1646 Latinorum.
2069 1609 2121 1646 Et

1150 1664 1213 1703 hic
1237 1665 1400 1715 quidem
1428 1668 1555 1705 secuti
1582 1668 1821 1719 plerumque
1846 1680 1989 1708 sumus
2015 1670 2122 1708 Dau-

1151 1727 1279 1766 mium
1314 1729 1350 1765 in
1377 1728 1512 1766 Indice
1541 1731 1752 1769 Poetarum
1785 1731 2120 1770 Christianorum.

1207 1790 1242 1826 6.
1278 1789 1558 1840 Responsz'ones
1586 1791 1641 1830 ad
1669 1791 1846 1844 capitu-Ia
1872 1791 2093 1831 Gallorum.

1209 1850 1245 1888 7.
1279 1852 1560 1902 Responsiones
1605 1852 1659 1891 acl
1694 1853 1928 1905 obJectiones
1961 1855 2121 1893 Vincen-

1152 1910 1297 1951 nanas.
1329 1915 1371 1951 ln
1405 1915 1652 1963 praefatione
1696 1920 1898 1963 testatur,
1929 1928 1971 1955 se
2002 1917 2120 1956 fidem

1149 1972 1398 2013 Catholicam
1434 1976 1636 2016 adversus
1678 1978 1913 2028 Pelagianos
1943 1990 1992 2016 ex
2023 1978 2124 2030 Apo-

1153 2037 1318 2075 stolicae
1349 2038 1457 2076 sedis
1487 2041 1727 2078 auctoritate
1759 2039 1986 2078 defendere.

1203 2101 1238 2137 8.
1270 2102 1556 2157 Responsioties
1602 2101 1658 2140 acl
1699 2105 1895 2153 eaecerpta
1941 2103 2121 2142 Genuen-

1148 2161 1265 2199 sium.
1295 2161 1328 2207 al
1358 2164 1460 2201 Haec
1490 2165 1565 2201 tria
1588 2165 1736 2214 scripta
1759 2169 1857 2203 sunt
1885 2177 1953 2214 pro
1980 2165 2125 2204 doctri-

1150 2236 1197 2262 na
1229 2224 1445 2275 Augustini
1476 2226 1525 2263 de
1555 2227 1707 2275 gratia,
1734 2231 1771 2263 et
1797 2239 1902 2276 quae
1934 2228 2011 2266 huc
2039 2240 2125 2278 per-

1150 2288 1296 2323 tinent.
1321 2286 1419 2332 Quis
1445 2287 1508 2325 illc
1533 2288 1769 2325 Vincentius
1788 2289 1926 2334 fuerit,
1957 2290 2120 2329 dubium

1150 2354 1224 2386 est.
1259 2349 1511 2387 Lirinensem
1543 2360 1595 2398 qu
1615 2349 1706 2387 dam
1739 2355 1998 2400 statuerunt,
2030 2354 2121 2402 quia

1151 2409 1510 2450 Commonitorium
1559 2422 1636 2449 non
1679 2413 1864 2462 proprio,
1896 2412 1964 2450 sed
2010 2415 2124 2451 Pere-

1150 2473 1250 2521 grini
1299 2474 1459 2511 nomine
1490 2472 1699 2520 ediderat,
1741 2475 1777 2511 in
1823 2486 1902 2524 quo
1932 2476 2124 2525 Augusti-

1152 2545 1248 2571 num
1300 2534 1503 2572 confixum
1547 2546 1666 2583 esse,
1706 2540 1866 2586 praeter
1896 2547 2006 2581 rem,
2038 2547 2121 2573 cre-

1152 2594 1353 2633 diderunt.
1399 2595 1474 2633 Alii
1519 2596 1800 2645 Presbyterum
1835 2597 2021 2642 Gallum,
2053 2609 2122 2635 au-

1152 2661 1305 2694 ctorem
1338 2656 1624 2694 Commentarii
1658 2659 1695 2694 in
1728 2659 1932 2704 PsaImos,
1964 2658 2012 2695 de
2042 2670 2120 2708 quo

1151 2718 1384 2756 Gennadius
1414 2729 1448 2756 c.
1479 2719 1542 2756 80.
1591 2719 1666 2757 buc
1710 2724 1934 2758 accersunt.
1979 2721 2121 2759 Tutius

1151 2783 1213 2817 est
1237 2781 1498 2829 ignorantiam
1526 2779 1588 2818 hic
1613 2781 1820 2827 confiteri,
1846 2783 1936 2831 quia
1967 2783 2002 2818 in
2029 2781 2121 2819 Gal-

1151 2840 1199 2879 lia
1233 2845 1329 2879 tunc
1377 2842 1513 2892 plures
1558 2844 1694 2892 utique
1725 2843 1890 2882 fuerunt
1921 2844 2116 2881 Vincentii

1155 2902 1270 2941 nobis
1302 2902 1419 2941 hodie
1451 2905 1583 2954 ignoti.
1614 2904 1672 2942 Ad
1704 2904 1946 2953 objectiones
1988 2903 2121 2943 Genu-

1153 2965 1313 3002 ensium
1347 2964 1451 3013 quod
1486 2966 1658 3013 attinet,
1689 2965 1877 3003 credibile
1907 2970 1993 3013 est,
2023 2976 2120 3015 quo-

1152 3026 1264 3065 sdam
1299 3027 1475 3066 Clericos
1505 3033 1692 3078 excerpta
1723 3027 1919 3077 quaedam
1945 3039 1993 3066 ex
2019 3027 2121 3078 Ope-

1152 3090 1261 3127 ribus
1292 3088 1534 3139 Augustini,
1567 3100 1587 3126 ιι
1621 3089 1829 3127 malevolis
1860 3093 1995 3128 astute
2025 3089 2118 3129 sub—

1146 3267 1223 3289 ustis
1249 3261 1382 3288 nostros
1407 3265 1443 3287 cx
1471 3256 1586 3287 iisdem
1609 3255 1776 3288 monenda
1794 3263 1869 3290 sunt
1889 3281 1897 3295 ‚
1923 3266 1959 3290 cn
1974 3262 2042 3301 jam
2067 3268 2120 3291 cx·

109 3313 166 3337 nes
189 3303 229 3336 de
245 3305 334 3336 veris
356 3304 518 3344 operibus
541 3306 592 3335 SS.
615 3305 754 3334 Patrum
777 3305 896 3335 Leonis
917 3306 1026 3343 Magni
1050 3311 1082 3338 et
1151 3309 1273 3346 cerpsit
1297 3306 1470 3338 Fabricius
1494 3309 1608 3336 noster
1631 3310 1655 3336 t.
1680 3307 1818 3339 iv.559.
1842 3309 1916 3341 540.

109 3355 262 3393 prosperi
292 3354 465 3393 Aquitani.
498 3355 601 3384 Paris.
642 3351 733 3383 1689.
757 3351 787 3383 4.
813 3355 905 3389 Quae
933 3361 1010 3385 vero
1041 3354 1080 3385 ad

1209 3357 1242 3394 a)
1266 3356 1346 3386 Male
1372 3358 1403 3386 L.
1432 3355 1531 3386 Ellies
1555 3354 1599 3385 du
1626 3357 1685 3386 Pin
1711 3357 1766 3388 bic
1794 3359 1967 3391 Genavam
1993 3361 2101 3398 ponii.
