2517 4009
965 220 1235 262 PAPIAS

106 298 282 337 Venetus
312 294 435 334 edidit
463 299 504 332 et
533 294 716 340 Andreae
746 296 860 336 Gritti
893 297 1060 335 Veneto·

103 372 189 400 rum
221 359 388 408 Principi
431 357 581 397 dicavit
625 358 801 398 libellum
827 359 876 397 de.
905 363 990 398 arte
1019 362 1059 395 et

103 423 254 461 theoria
307 421 654 459 transmutationis
717 421 935 460 metallicae
982 419 1057 459 sub

107 483 222 521 titulo
283 480 600 520 Voarchadumia
643 487 782 521 contra
825 481 1058 521 Alchimiam

103 544 288 585 distincta
317 542 369 583 ab
399 543 594 583 Alchimia
610 577 620 593 ,
647 549 684 584 et
702 544 848 597 Sophia
872 556 960 583 cum
986 543 1058 582 ad-

101 605 340 655 ditionibus,
364 606 704 658 proportionibus,
733 607 924 655 numeris,
954 611 992 646 et
1009 606 1059 656 fi-

96 670 214 722 yuris
243 669 474 723 opportunis
517 671 695 709 Venetiis
739 671 857 711 4530.
891 673 929 708 in
973 672 993 709 t
1024 675 1063 709 et

97 733 244 772 ibidem
272 734 387 772 4550.
420 734 456 770 iu
489 734 524 771 8.
552 734 675 772 Extat
704 735 823 772 etiam
853 735 889 770 in
924 732 1002 771 vol.
1030 733 1062 771 ΙΙ

101 795 258 834 Theatri
277 795 452 835 Chemici
470 795 562 833 editi
585 796 835 845 Argentorati
860 795 971 833 4643.
991 795 1025 832 8.
1042 794 1063 817 *

153 857 349 912 Onufrius
393 859 672 898 PANVINIUS.
703 859 832 910 Supra
865 860 902 896 in
942 859 1063 898 ONU-

101 922 232 961 FRIO.

152 983 328 1023 PAPIAS
356 984 652 1022 Grammaticus
690 996 765 1022 non
813 984 1063 1033 ineruditus,

97 1045 342 1086 Loinbardus
359 1047 502 1096 patria,
519 1047 688 1096 scriptor
707 1047 847 1085 Leaeici
871 1048 956 1085 sive
974 1044 1064 1084 Ele-

95 1108 304 1156 mentarii,
329 1110 351 1148 a
374 1120 452 1159 quo
477 1109 752 1148 Vocabulistae
780 1121 921 1148 nomen
959 1109 1061 1154 tulit,

95 1171 188 1210 editi
218 1172 391 1222 primum
419 1169 624 1209 Mediolani
655 1171 772 1210 4476.
804 1171 866 1210 fol.
884 1182 929 1209 ac
951 1171 1062 1209 dein-

95 1233 144 1272 de
169 1234 328 1283 saepius
351 1232 552 1278 Venetus,
585 1232 633 1270 de
657 1244 737 1282 quo
764 1244 842 1270 non
881 1238 1059 1283 repetam

93 1307 194 1347 quae
218 1295 298 1334 dixi
323 1294 388 1333 lib.
414 1293 478 1333 IV.
497 1294 593 1333 Bibl.
613 1296 774 1333 Latinae
789 1307 823 1334 c.
844 1295 879 1334 7.
899 1297 1059 1346 Papiam

91 1359 130 1396 in
165 1358 356 1409 glossario
386 1358 582 1396 Manuscr.
614 1357 752 1396 laudat
779 1357 954 1396 Geverh.
992 1359 1061 1397 El-

91 1421 363 1460 menhorstius
387 1421 489 1458 notis
513 1419 560 1457 ad
584 1420 806 1470 Epistolam
838 1422 1055 1470 Mansueti‚

89 1483 274 1534 Episcopi
303 1482 454 1522 Mediol.
486 1482 576 1521 Sed.
607 1494 709 1533 quae
733 1494 781 1522 ex
808 1483 871 1522 illo
911 1484 1057 1531 affert,

90 1547 129 1584 in
159 1546 276 1597 Papia
304 1545 409 1584 edito
437 1545 639 1596 leguntur.
669 1546 724 1584 De
755 1545 1057 1597 Aquicinctensi

89 1613 130 1647 et
143 1608 326 1648 Leidensi
347 1607 556 1647 Codicibns
578 1609 848 1660 Papiae-MSS.
869 1610 958 1648 vide
980 1609 1060 1649 Ou-

89 1671 229 1711 dinum
254 1676 282 1710 t.
307 1672 331 1711 2
355 1683 392 1723 p.
414 1672 504 1711 624.
528 1672 686 1711 Citatur
712 1673 851 1723 Papias
875 1674 996 1712 etiam
1036 1675 1059 1712 a

88 1734 240 1774 Joanne,
270 1735 447 1774 Gersone
479 1740 506 1774 t.
531 1737 544 1775 4
577 1736 678 1786 Opp.
693 1735 787 1774 edit.
807 1737 1056 1787 Dupinianae

89 1810 178 1849 pag.
203 1798 294 1837 2⁶23.
324 1802 365 1837 et
388 1810 409 1837 a
426 1800 612 1837 Boccacio
630 1799 696 1837 Ill.
713 1799 773 1838 43.
792 1799 945 1850 geneal.
964 1800 1059 1838 Deo-

90 1873 180 1901 rum
203 1866 324 1912 atque
348 1861 451 1900 alibi.
470 1862 514 1900 In
534 1862 677 1900 Lexico
693 1861 943 1901 eruditorum
962 1862 1058 1901 Ger—

90 1924 246 1963 manice
271 1924 431 1975 vulgato
458 1925 632 1975 Lipsiae,
657 1929 814 1975 praeter
839 1936 921 1962 rem
940 1924 1060 1964 tradi-

93 1991 159 2026 tur
180 1988 322 2037 Papiae
341 1987 574 2037 glossarium
601 1989 639 2025 in
657 1987 833 2026 Putschii
850 1988 1058 2027 Gramma-

94 2050 184 2088 ticis
212 2049 388 2101 reperiri.
418 2049 508 2089 Sed.
540 2055 702 2089 exstant
732 2051 768 2088 in
788 2050 865 2089 illis
886 2062 922 2101 p.
940 2051 1056 2090 4639.

90 2112 137 2151 ad
170 2113 285 2152 4666.
328 2111 615 2164 eaeplicationes
656 2116 844 2152 notarum
876 2117 1056 2152 veterum

91 2187 141 2214 ex
176 2176 316 2226 Papiae
357 2176 548 2227 glossario
588 2181 814 2226 excerptae.
855 2175 1056 2227 Epistolas

90 2239 111 2277 a
145 2238 363 2278 Trithemio
401 2243 645 2278 memoratas
685 2251 802 2278 nemo
844 2241 881 2278 iu
924 2240 1054 2278 lucem

89 2301 269 2352 protulit.

140 2364 361 2413 Chronicon
387 2365 503 2413 Regia
530 2363 811 2403 Monachorum
846 2364 1055 2403 Colonien—

90 2428 192 2466 sium
219 2427 258 2466 S.
293 2426 653 2465 PANTALEONIS.
683 2426 777 2464 Ord.
817 2427 965 2465 Bened.
1006 2427 1055 2465 ab

91 2488 196 2528 Orbe
235 2487 393 2527 condito
421 2492 511 2538 post
548 2489 722 2538 primum
763 2488 1054 2535 Collectorem,

92 2552 158 2601 qui
189 2555 367 2601 tempore
388 2551 581 2589 Ottonum
614 2550 774 2588 saeculo
799 2551 849 2588 X.
870 2552 1055 2600 scripsit,

92 2614 320 2652 continuata
346 2623 473 2663 usque
498 2611 546 2651 ad
570 2611 644 2650 An.
664 2612 778 2650 44624
805 2617 924 2662 atque
950 2612 1056 2651 edita

93 2677 191 2714 aJo.
222 2674 388 2726 Georgio
411 2674 588 2714 Eccardo
627 2678 722 2712 tom.
757 2676 770 2713 4
817 2675 1055 2724 scriptorum

94 2736 211 2776 medii
241 2738 326 2775 aevi
348 2748 434 2788 pag.
458 2736 650 2776 683-944.
670 2738 735 2787 qui
760 2738 879 2775 etiam
908 2738 1055 2774 versio-

94 2812 185 2839 nem
210 2805 387 2838 veterem
414 2799 691 2839 Germanicam
718 2798 898 2849 ejusdem
933 2799 1057 2838 Chro-

94 2863 187 2909 nlci‚
211 2862 260 2900 ab
285 2863 452 2901 Henrico
476 2861 642 2913 Aucupe
666 2873 795 2912 usquc
820 2861 866 2900 ad
892 2867 1054 2913 captum

94 2924 168 2964 An.
194 2925 233 2964 44
246 2925 311 2963 62.
334 2923 597 2963 Mediolanum
626 2923 836 2975 subjunxit.
861 2935 947 2975 pag.
965 2924 1058 2964 945.

98 2986 548 3026 ⁴006.GODEFR11)US
561 2986 777 3025 Monachus
787 2987 1057 3026 Pantaleonita

96 3050 346 3088 continuavit
372 3048 444 3086 hoc
469 3048 691 3088 Chronicon
722 3049 770 3087 ab
795 3048 840 3087 A.
872 3049 987 3088 4462.
1008 3049 1055 3088 ad

96 3111 142 3149 Α.
174 3111 290 3150 4237.
321 3110 368 3149 de
398 3121 475 3161 qua
505 3111 801 3149 continuatione
846 3111 1006 3161 vulgata
1036 3114 1057 3150 a

97 3173 268 3212 Frehero
283 3177 377 3212 tom.
405 3175 438 3213 4.
465 3174 645 3224 scriptor.
671 3185 802 3211 rerum
819 3173 953 3212 Germ.
977 3174 1057 3213 dixi

100 3245 220 3287 supra
249 3241 348 3275 tom.
375 3237 410 3275 3.
439 3248 523 3287 pag.
549 3236 611 3274 05.
651 3235 671 3257 ⁹⁶
695 3235 932 3274 Bibliotheca
979 3248 1058 3275 ma-

101 3297 191 3336 ioris
220 3299 411 3338 ecclesiae
438 3299 629 3337 Lucensis
660 3296 833 3336 codicem
861 3299 1054 3349 insignem

101 3364 234 3397 servat
252 3362 506 3400 Elementarii
531 3361 668 3410 Papiae
693 3359 1054 3406 membranaceum,

2019 221 2095 261 185

1134 304 1254 343 quem
1300 293 1390 331 olim
1433 292 1636 331 Ecclesiae
1683 292 1732 330 illi
1779 291 1881 330 dono
1926 292 2091 331 dederat

1135 355 1374 394 Guillelmus
1404 367 1452 394 ex
1483 357 1672 394 canonico
1718 356 1941 394 Primicerio
1973 357 2097 394 Luca-

1138 429 1213 456 nus
1243 419 1468 469 Episcopus
1496 419 1545 456 ab
1573 429 1678 456 anno
1708 419 1866 457 circiter
1896 416 2012 457 4475.
2043 418 2093 456 ab

1135 492 1180 518 eo
1213 481 1275 519 ubi
1309 480 1421 519 facile
1451 480 1595 526 credo,
1629 481 1688 519 vel
1735 481 1878 519 saltem
1911 481 1947 518 in
1979 492 2094 519 exor-

1136 543 1198 581 dio
1246 543 1399 582 Saeculi
1444 540 1532 580 ΧΠ.
1573 542 1834 593 descriptum.
1879 544 2098 593 Utramque

1136 607 1423 657 praefationem
1455 604 1602 642 contuli
1642 615 1733 643 cum
1769 605 1941 644 editione
1988 609 2101 644 vetu-

1137 669 1315 706 stissima
1338 666 1621 706 Mediolanensi
1647 678 1708 705 an.
1737 668 1839 706 4476
1871 673 1910 706 et
1940 669 2097 706 varian-

1136 735 1198 768 tes
1229 730 1347 768 hasce
1377 728 1539 767 deduxi.
1584 729 1626 766 ln
1671 728 1789 766 editis
1833 735 1919 767 est.-
1953 730 2099 782 Papias

1137 792 1289 832 dilectis
1315 790 1410 843 filiis
1439 789 1633 838 salutem,
1664 791 1768 841 quod
1814 792 1927 830 deest
1958 794 1994 830 in
2026 792 2099 831 Co-

1139 856 1238 894 dice.
1267 856 1325 894 En
1359 854 1510 904 reliqua
1543 854 1751 892 variantia.

1276 918 1383 958 Edit.
1792 916 1860 955 MS

1140 981 1234 1020 Filii
1266 980 1404 1032 utique
1443 991 1509 1018 ca·
1566 978 1645 1017 Fili
1668 983 1836 1030 uterque
1852 977 2100 1017 charissime.

1164 1044 1333 1083 rissimi'.

1136 1106 1380 1158 Disciplinae
1432 1104 1506 1144 ele-

1162 1174 1303 1208 menta.

1564 1104 1767 1154 Quaedam
1817 1104 2006 1143 elementa
2049 1103 2103 1142 ad

1586 1171 1722 1207 vestra
1759 1167 2007 1206 erudimenta
2044 1168 2102 1205 in-

1590 1231 1727 1270 venire
1753 1235 1822 1269 etc.

1563 1293 1861 1344 Doymatizante
1893 1292 2054 1343 spiritu.

1560 1355 1795 1407 Scripturas
1825 1354 2025 1394 selectum.

1555 1419 1683 1466 Quam
1713 1416 1962 1456 charitative.

1786 1481 1863 1519 MS.

1566 1544 1719 1581 Desunt
1763 1543 1860 1581 haec
1899 1544 2029 1580 omnia
2060 1548 2101 1580 et

1588 1618 1726 1645 eorum
1771 1606 1854 1644 loco
1887 1604 1982 1643 haec
2011 1604 2097 1655 lego

1585 1671 1622 1706 in
1669 1668 1829 1707 codice:
1876 1668 1960 1705 Iam
2003 1678 2096 1706 vero

1587 1729 1875 1783 definitionibus
1899 1735 1937 1769 et
1961 1742 2099 1770 secun—

1587 1793 1680 1832 dum
1703 1792 1865 1845 reyulas
1890 1793 2099 1832 notationi-

1591 1855 1691 1904 bus‚·
1720 1856 1918 1895 sententiis
1945 1867 2097 1908 quoque

1587 1923 1624 1959 et
1640 1918 1773 1958 multis
1790 1919 1829 1957 id
1839 1930 1963 1969 penus
1984 1929 2096 1969 supe—

1585 1981 1756 2021 radditis
1771 1981 1906 2028 altius.
1919 1981 2096 2034 apertius

1589 2044 1887 2084 elementarium
1949 2044 2095 2084 doctri-

1586 2120 1660 2147 nae
1698 2108 1986 2147 erudimentum
2029 2120 2094 2145 no-

1589 2171 1740 2210 minari
1747 2184 1796 2224 po
1803 2173 1907 2219 terit:
1916 2183 1984 2209 nec
1995 2170 2096 2209 enim

1578 2246 1712 2286 parva
1760 2234 1838 2272 erit
1881 2232 2094 2273 similitudo

1578 2297 1683 2335 sicut
1711 2295 1830 2335 illius.
1863 2299 1982 2335 Deest
2014 2302 2092 2334 tota

1583 2360 1765 2410 periocha
1810 2359 1858 2398 ab
1890 2360 1966 2398 illo.
2008 2360 2091 2396 Iam

1579 2433 1675 2460 vero
1718 2421 1764 2460 de
1809 2421 1927 2460 huius
1964 2432 2091 2471 usque

1586 2484 1632 2522 ad
1666 2483 1760 2522 illud
1793 2484 1877 2521 Iam
1908 2493 1999 2522 vero
2029 2482 2092 2521 de-

1578 2543 1838 2597 finitionibus.

1429 2608 1562 2648 Altera
1594 2608 1796 2658 praefatio.

1132 2673 1218 2711 Sua
1241 2672 1411 2723 propria
1446 2670 1499 2709 si-
1554 2671 1638 2710 Sua
1660 2669 1916 2722 proprietate.

1154 2733 1415 2785 qnificatione.

1133 2798 1210 2835 Per
1251 2796 1497 2849 aspiratione
1554 2796 1670 2834 Deest
1697 2805 1785 2833 cum
1814 2794 2031 2846 dipthonyo.

1133 2857 1487 2911 cumdiphtlionyo.

1118 2919 1503 2960 Prescribenturlsi-
1555 2918 1874 2958 Perscribentur.
1886 2921 1984 2959 Tum
1998 2921 2090 2959 sub-

1159 2984 1296 3024 dorus.
1585 2983 1691 3022 ditur
1713 2998 1719 3021 :
1748 2983 1842 3035 ipsis
1856 2994 1933 3034 pro
1954 2982 2090 3022 verbis

1583 3052 1658 3084 etc.
1689 3058 1791 3096 quae
1823 3047 1858 3083 in
1890 3045 2007 3084 editis
2038 3047 2090 3084 le-

1579 3114 1729 3160 guntur
1761 3110 1796 3145 in
1831 3108 1907 3146 line
1939 3109 2088 3159 praefa—

1582 3172 1713 3209 tionis.
1730 3171 1870 3210 Statim
1888 3183 1981 3210 vero
1998 3183 2089 3210 suc-

1580 3233 1728 3272 cedunt
1754 3235 1925 3272 nomina.

1558 3297 1689 3334 Deest.

1557 3358 1758 3397 Marciani.

1718 3440 1786 3476 {753

1136 1292 1298 1331 Dicente
1327 1292 1492 1344 scriptu,

1136 1355 1373 1407 scripturis.

1135 1417 1235 1456 Cum
1265 1416 1472 1454 charitate.

1261 1481 1368 1519 Edit.

1132 1543 1216 1580 Iam
1241 1553 1336 1581 vero
1360 1541 1407 1580 de
1436 1541 1506 1580 hu-

1161 1605 1223 1643 ius
1252 1605 1355 1644 artis
1385 1608 1453 1643 etc.

1135 3298 1332 3337 Horatius.

1134 3359 1349 3398 Martiales.
