<?xml version="1.0" encoding="UTF-8"?>
<!DOCTYPE html PUBLIC "-//W3C//DTD XHTML 1.0 Transitional//EN"
    "http://www.w3.org/TR/xhtml1/DTD/xhtml1-transitional.dtd">
<html xmlns="http://www.w3.org/1999/xhtml" xml:lang="en" lang="en">
 <head>
  <title>
</title>
<meta http-equiv="Content-Type" content="text/html;charset=utf-8" />
  <meta name='ocr-system' content='tesseract 3.04.00' />
  <meta name='ocr-capabilities' content='ocr_page ocr_carea ocr_par ocr_line ocrx_word'/>
</head>
<body>
  <div class='ocr_page' id='page_1' title='image "./bibliothecalatin05fabruoft/bibliothecalatin05fabruoft_0452.png"; bbox 0 0 2533 4009; ppageno 0'>
   <div class='ocr_carea' id='block_1_1' title="bbox 446 188 1431 3310">
    <p class='ocr_par' dir='ltr' id='par_1_1' title="bbox 461 188 539 227">
     <span class='ocr_line' id='line_1_1' title="bbox 461 188 539 227; baseline -0.013 0"><span class='ocrx_word' id='word_1_1' title='bbox 461 188 539 227; x_wconf 62' lang='lat' dir='ltr'>tw</span> 
     </span>
    </p>

    <p class='ocr_par' dir='ltr' id='par_1_2' title="bbox 446 250 1418 1454">
     <span class='ocr_line' id='line_1_2' title="bbox 511 250 1409 300; baseline -0.004 -3"><span class='ocrx_word' id='word_1_2' title='bbox 511 254 719 297; x_wconf 71' lang='lat' dir='ltr'>SANClUS</span> <span class='ocrx_word' id='word_1_3' title='bbox 738 254 874 293; x_wconf 71' lang='lat' dir='ltr'>Porta,</span> <span class='ocrx_word' id='word_1_4' title='bbox 903 250 1296 298; x_wconf 64' lang='lat' dir='ltr'>caesaraugustanus</span> <span class='ocrx_word' id='word_1_5' title='bbox 1315 283 1322 300; x_wconf 91' lang='lat'>‚</span> <span class='ocrx_word' id='word_1_6' title='bbox 1341 255 1409 293; x_wconf 91' lang='lat' dir='ltr'>ibi-</span> 
     </span>
     <span class='ocr_line' id='line_1_3' title="bbox 456 311 1406 364; baseline -0.004 -7"><span class='ocrx_word' id='word_1_7' title='bbox 456 319 545 357; x_wconf 83' lang='lat' dir='ltr'>dem</span> <span class='ocrx_word' id='word_1_8' title='bbox 572 315 788 355; x_wconf 78' lang='lat' dir='ltr'>monachus</span> <span class='ocrx_word' id='word_1_9' title='bbox 818 311 1099 349; x_wconf 85' lang='lat' dir='ltr'>Dominieanus</span> <span class='ocrx_word' id='word_1_10' title='bbox 1119 314 1158 347; x_wconf 79' lang='lat' dir='ltr'>et</span> <span class='ocrx_word' id='word_1_11' title='bbox 1180 312 1406 364; x_wconf 78' lang='lat' dir='ltr'>Professor,</span> 
     </span>
     <span class='ocr_line' id='line_1_4' title="bbox 456 369 1409 421; baseline -0.003 -4"><span class='ocrx_word' id='word_1_12' title='bbox 456 380 494 417; x_wconf 93' lang='lat' dir='ltr'>S.</span> <span class='ocrx_word' id='word_1_13' title='bbox 516 378 645 416; x_wconf 76' lang='lat' dir='ltr'>Palatii</span> <span class='ocrx_word' id='word_1_14' title='bbox 664 374 846 421; x_wconf 78' lang='lat' dir='ltr'>Magister</span> <span class='ocrx_word' id='word_1_15' title='bbox 862 381 883 408; x_wconf 88' lang='lat' dir='ltr'>a</span> <span class='ocrx_word' id='word_1_16' title='bbox 900 369 1112 408; x_wconf 87' lang='lat' dir='ltr'>Benedicto</span> <span class='ocrx_word' id='word_1_17' title='bbox 1127 371 1232 409; x_wconf 80' lang='lat' dir='ltr'>Xlll.</span> <span class='ocrx_word' id='word_1_18' title='bbox 1250 379 1409 414; x_wconf 80' lang='lat' dir='ltr'>creatus</span> 
     </span>
     <span class='ocr_line' id='line_1_5' title="bbox 454 431 1409 482; baseline -0.004 -5"><span class='ocrx_word' id='word_1_19' title='bbox 454 439 544 477; x_wconf 92' lang='lat' dir='ltr'>obiit</span> <span class='ocrx_word' id='word_1_20' title='bbox 571 448 603 474; x_wconf 87' lang='lat' dir='ltr'>a.</span> <span class='ocrx_word' id='word_1_21' title='bbox 635 434 748 472; x_wconf 63' lang='grc'>11129.</span> <span class='ocrx_word' id='word_1_22' title='bbox 786 431 885 480; x_wconf 87' lang='lat' dir='ltr'>Ejus</span> <span class='ocrx_word' id='word_1_23' title='bbox 923 434 1019 468; x_wconf 87' lang='lat' dir='ltr'>sunt</span> <span class='ocrx_word' id='word_1_24' title='bbox 1051 432 1085 468; x_wconf 87' lang='grc'>1.</span> <span class='ocrx_word' id='word_1_25' title='bbox 1125 431 1335 482; x_wconf 80' lang='lat' dir='ltr'>Divinum,</span> <span class='ocrx_word' id='word_1_26' title='bbox 1361 446 1409 474; x_wconf 89' lang='lat' dir='ltr'>ac</span> 
     </span>
     <span class='ocr_line' id='line_1_6' title="bbox 449 490 1408 550; baseline -0.001 -16"><span class='ocrx_word' id='word_1_27' title='bbox 449 496 613 550; x_wconf 79' lang='lat' dir='ltr'>proinde</span> <span class='ocrx_word' id='word_1_28' title='bbox 666 490 978 538; x_wconf 74' lang='lat' dir='ltr'><em>inaestimabile,</em></span> <span class='ocrx_word' id='word_1_29' title='bbox 1017 491 1087 530; x_wconf 81' lang='lat' dir='ltr'>sed</span> <span class='ocrx_word' id='word_1_30' title='bbox 1133 496 1172 530; x_wconf 88' lang='lat' dir='ltr'>et</span> <span class='ocrx_word' id='word_1_31' title='bbox 1210 494 1408 543; x_wconf 85' lang='lat' dir='ltr'>omnium,</span> 
     </span>
     <span class='ocr_line' id='line_1_7' title="bbox 452 551 1411 609; baseline -0.001 -13"><span class='ocrx_word' id='word_1_32' title='bbox 452 569 553 609; x_wconf 80' lang='lat' dir='ltr'>quae</span> <span class='ocrx_word' id='word_1_33' title='bbox 575 556 774 604; x_wconf 70' lang='lat' dir='ltr'>hucusque</span> <span class='ocrx_word' id='word_1_34' title='bbox 798 552 844 590; x_wconf 87' lang='lat' dir='ltr'>de</span> <span class='ocrx_word' id='word_1_35' title='bbox 872 551 1116 604; x_wconf 75' lang='lat' dir='ltr'>Clirislifera</span> <span class='ocrx_word' id='word_1_36' title='bbox 1141 554 1292 605; x_wconf 75' lang='lat' dir='ltr'>viryine</span> <span class='ocrx_word' id='word_1_37' title='bbox 1311 557 1411 595; x_wconf 86' lang='lat' dir='ltr'>scri-</span> 
     </span>
     <span class='ocr_line' id='line_1_8' title="bbox 446 613 1410 670; baseline 0.003 -16"><span class='ocrx_word' id='word_1_38' title='bbox 446 624 515 670; x_wconf 79' lang='lat' dir='ltr'>pta</span> <span class='ocrx_word' id='word_1_39' title='bbox 536 620 650 659; x_wconf 72' lang='lat' dir='ltr'>sunt.</span> <span class='ocrx_word' id='word_1_40' title='bbox 688 613 869 652; x_wconf 76' lang='lat' dir='ltr'>Mart&#39;ale.</span> <span class='ocrx_word' id='word_1_41' title='bbox 908 614 1110 653; x_wconf 79' lang='lat' dir='ltr'>Valentiae</span> <span class='ocrx_word' id='word_1_42' title='bbox 1140 615 1256 655; x_wconf 82' lang='grc'>1512.</span> <span class='ocrx_word' id='word_1_43' title='bbox 1288 619 1410 668; x_wconf 84' lang='lat' dir='ltr'>Lugd.</span> 
     </span>
     <span class='ocr_line' id='line_1_9' title="bbox 453 676 1412 725; baseline -0.004 -5"><span class='ocrx_word' id='word_1_44' title='bbox 453 680 551 720; x_wconf 67' lang='grc'>1515,</span> <span class='ocrx_word' id='word_1_45' title='bbox 596 678 703 716; x_wconf 74' lang='grc'>1517.</span> <span class='ocrx_word' id='word_1_46' title='bbox 731 677 765 714; x_wconf 68' lang='lat' dir='ltr'>li·</span> <span class='ocrx_word' id='word_1_47' title='bbox 793 677 828 714; x_wconf 88' lang='grc'>2.</span> <span class='ocrx_word' id='word_1_48' title='bbox 865 676 1122 725; x_wconf 75' lang='lat' dir='ltr'><em>sanctorale,</em></span> <span class='ocrx_word' id='word_1_49' title='bbox 1149 689 1220 716; x_wconf 81' lang='lat' dir='ltr'>seu</span> <span class='ocrx_word' id='word_1_50' title='bbox 1256 681 1412 718; x_wconf 87' lang='lat' dir='ltr'>Sermo-</span> 
     </span>
     <span class='ocr_line' id='line_1_10' title="bbox 452 737 1413 787; baseline 0.002 -9"><span class='ocrx_word' id='word_1_51' title='bbox 452 751 519 779; x_wconf 81' lang='lat' dir='ltr'>nes</span> <span class='ocrx_word' id='word_1_52' title='bbox 542 738 588 777; x_wconf 82' lang='lat' dir='ltr'>de</span> <span class='ocrx_word' id='word_1_53' title='bbox 611 737 780 777; x_wconf 82' lang='lat' dir='ltr'>Sanctis.</span> <span class='ocrx_word' id='word_1_54' title='bbox 806 738 1012 787; x_wconf 71' lang='lat' dir='ltr'>[lagenoae</span> <span class='ocrx_word' id='word_1_55' title='bbox 1039 740 1154 777; x_wconf 82' lang='grc'>1517.</span> <span class='ocrx_word' id='word_1_56' title='bbox 1182 740 1215 777; x_wconf 73' lang='grc'>4.</span> <span class='ocrx_word' id='word_1_57' title='bbox 1256 741 1413 779; x_wconf 86' lang='lat' dir='ltr'>Sermo-</span> 
     </span>
     <span class='ocr_line' id='line_1_11' title="bbox 450 798 1413 851; baseline 0.002 -13"><span class='ocrx_word' id='word_1_58' title='bbox 450 812 517 840; x_wconf 79' lang='lat' dir='ltr'>nes</span> <span class='ocrx_word' id='word_1_59' title='bbox 539 800 584 838; x_wconf 78' lang='lat' dir='ltr'>cle</span> <span class='ocrx_word' id='word_1_60' title='bbox 610 803 806 851; x_wconf 82' lang='lat' dir='ltr'>tempore,</span> <span class='ocrx_word' id='word_1_61' title='bbox 829 798 949 849; x_wconf 78' lang='lat' dir='ltr'>Lugd.</span> <span class='ocrx_word' id='word_1_62' title='bbox 980 799 1093 837; x_wconf 78' lang='grc'>1500.</span> <span class='ocrx_word' id='word_1_63' title='bbox 1111 801 1144 837; x_wconf 79' lang='lat'>4.</span> <span class='ocrx_word' id='word_1_64' title='bbox 1170 804 1205 837; x_wconf 86' lang='lat' dir='ltr'>et</span> <span class='ocrx_word' id='word_1_65' title='bbox 1232 801 1413 840; x_wconf 82' lang='lat' dir='ltr'>Introdu-</span> 
     </span>
     <span class='ocr_line' id='line_1_12' title="bbox 450 859 1414 902; baseline 0.002 -2"><span class='ocrx_word' id='word_1_66' title='bbox 450 862 593 900; x_wconf 80' lang='lat' dir='ltr'>ctiones</span> <span class='ocrx_word' id='word_1_67' title='bbox 617 859 902 899; x_wconf 81' lang='lat' dir='ltr'>sermocinales</span> <span class='ocrx_word' id='word_1_68' title='bbox 933 860 972 898; x_wconf 83' lang='lat' dir='ltr'>in</span> <span class='ocrx_word' id='word_1_69' title='bbox 1002 861 1209 899; x_wconf 82' lang='lat' dir='ltr'><em>Sermones</em></span> <span class='ocrx_word' id='word_1_70' title='bbox 1244 865 1326 900; x_wconf 88' lang='lat' dir='ltr'>tum</span> <span class='ocrx_word' id='word_1_71' title='bbox 1367 863 1414 902; x_wconf 81' lang='lat' dir='ltr'>de</span> 
     </span>
     <span class='ocr_line' id='line_1_13' title="bbox 452 920 1415 974; baseline 0.002 -13"><span class='ocrx_word' id='word_1_72' title='bbox 452 929 622 974; x_wconf 85' lang='lat' dir='ltr'>tempore</span> <span class='ocrx_word' id='word_1_73' title='bbox 643 953 653 970; x_wconf 89' lang='lat'><em>‚</em></span> <span class='ocrx_word' id='word_1_74' title='bbox 700 925 783 960; x_wconf 83' lang='lat' dir='ltr'>tum</span> <span class='ocrx_word' id='word_1_75' title='bbox 818 920 866 960; x_wconf 80' lang='lat' dir='ltr'>de</span> <span class='ocrx_word' id='word_1_76' title='bbox 907 921 1078 960; x_wconf 81' lang='lat' dir='ltr'>Sanctis.</span> <span class='ocrx_word' id='word_1_77' title='bbox 1134 923 1276 962; x_wconf 90' lang='lat' dir='ltr'>Omnia</span> <span class='ocrx_word' id='word_1_78' title='bbox 1317 924 1415 963; x_wconf 82' lang='lat' dir='ltr'>haec</span> 
     </span>
     <span class='ocr_line' id='line_1_14' title="bbox 449 983 1415 1035; baseline 0.002 -12"><span class='ocrx_word' id='word_1_79' title='bbox 449 986 575 1035; x_wconf 82' lang='lat' dir='ltr'>Opera</span> <span class='ocrx_word' id='word_1_80' title='bbox 617 983 860 1035; x_wconf 73' lang='lat' dir='ltr'>prodierunt.</span> <span class='ocrx_word' id='word_1_81' title='bbox 906 983 1028 1033; x_wconf 79' lang='lat' dir='ltr'>Lugd.</span> <span class='ocrx_word' id='word_1_82' title='bbox 1066 985 1179 1022; x_wconf 82' lang='grc'>1517.</span> <span class='ocrx_word' id='word_1_83' title='bbox 1228 985 1263 1022; x_wconf 78' lang='grc'>4.</span> <span class='ocrx_word' id='word_1_84' title='bbox 1307 984 1415 1025; x_wconf 86' lang='lat' dir='ltr'>Haec</span> 
     </span>
     <span class='ocr_line' id='line_1_15' title="bbox 450 1044 1415 1094; baseline 0.001 -9"><span class='ocrx_word' id='word_1_85' title='bbox 450 1046 647 1085; x_wconf 80' lang='lat' dir='ltr'>Antonius</span> <span class='ocrx_word' id='word_1_86' title='bbox 672 1047 708 1083; x_wconf 90' lang='lat' dir='ltr'>in</span> <span class='ocrx_word' id='word_1_87' title='bbox 732 1045 830 1083; x_wconf 91' lang='lat' dir='ltr'>Bibl.</span> <span class='ocrx_word' id='word_1_88' title='bbox 850 1046 1020 1094; x_wconf 83' lang='lat' dir='ltr'>Hispana</span> <span class='ocrx_word' id='word_1_89' title='bbox 1043 1046 1128 1082; x_wconf 81' lang='lat' dir='ltr'>Vet.</span> <span class='ocrx_word' id='word_1_90' title='bbox 1146 1044 1194 1083; x_wconf 90' lang='lat' dir='ltr'>H.</span> <span class='ocrx_word' id='word_1_91' title='bbox 1212 1047 1248 1085; x_wconf 90' lang='grc'>3.</span> <span class='ocrx_word' id='word_1_92' title='bbox 1267 1048 1415 1086; x_wconf 90' lang='grc'>0.108,</span> 
     </span>
     <span class='ocr_line' id='line_1_16' title="bbox 451 1106 1418 1158; baseline 0.001 -12"><span class='ocrx_word' id='word_1_93' title='bbox 451 1119 533 1158; x_wconf 85' lang='lat' dir='ltr'>seq.</span> <span class='ocrx_word' id='word_1_94' title='bbox 558 1107 670 1146; x_wconf 72' lang='lat' dir='ltr'>Adde</span> <span class='ocrx_word' id='word_1_95' title='bbox 695 1109 778 1147; x_wconf 81' lang='lat' dir='ltr'>Jac.</span> <span class='ocrx_word' id='word_1_96' title='bbox 807 1107 944 1152; x_wconf 73' lang='lat' dir='ltr'>Quotif</span> <span class='ocrx_word' id='word_1_97' title='bbox 960 1106 1008 1144; x_wconf 91' lang='lat' dir='ltr'>de</span> <span class='ocrx_word' id='word_1_98' title='bbox 1035 1107 1302 1156; x_wconf 87' lang='lat' dir='ltr'>Scriptoribus</span> <span class='ocrx_word' id='word_1_99' title='bbox 1321 1108 1418 1147; x_wconf 91' lang='lat' dir='ltr'>Ord.</span> 
     </span>
     <span class='ocr_line' id='line_1_17' title="bbox 451 1168 1415 1219; baseline 0.001 -11"><span class='ocrx_word' id='word_1_100' title='bbox 451 1170 772 1209; x_wconf 80' lang='lat' dir='ltr'>Praedicatorum</span> <span class='ocrx_word' id='word_1_101' title='bbox 813 1173 910 1206; x_wconf 91' lang='lat' dir='ltr'>tom.</span> <span class='ocrx_word' id='word_1_102' title='bbox 947 1169 974 1206; x_wconf 87' lang='lat'>1.</span> <span class='ocrx_word' id='word_1_103' title='bbox 1013 1180 1047 1219; x_wconf 94' lang='lat' dir='ltr'>p.</span> <span class='ocrx_word' id='word_1_104' title='bbox 1089 1169 1176 1207; x_wconf 88' lang='lat'>779.</span> <span class='ocrx_word' id='word_1_105' title='bbox 1209 1168 1415 1209; x_wconf 83' lang='lat' dir='ltr'>Altamura</span> 
     </span>
     <span class='ocr_line' id='line_1_18' title="bbox 453 1230 1416 1281; baseline 0.001 -12"><span class='ocrx_word' id='word_1_106' title='bbox 453 1242 537 1281; x_wconf 78' lang='lat' dir='ltr'>pag.</span> <span class='ocrx_word' id='word_1_107' title='bbox 566 1231 653 1269; x_wconf 89' lang='grc'>170.</span> <span class='ocrx_word' id='word_1_108' title='bbox 681 1230 937 1281; x_wconf 79' lang='lat' dir='ltr'>Hippolytum</span> <span class='ocrx_word' id='word_1_109' title='bbox 960 1231 1216 1269; x_wconf 85' lang='lat' dir='ltr'>Marraccium</span> <span class='ocrx_word' id='word_1_110' title='bbox 1244 1235 1349 1269; x_wconf 89' lang='lat' dir='ltr'>tomo</span> <span class='ocrx_word' id='word_1_111' title='bbox 1370 1232 1416 1270; x_wconf 88' lang='lat'>11.</span> 
     </span>
     <span class='ocr_line' id='line_1_19' title="bbox 455 1291 1415 1344; baseline 0.002 -14"><span class='ocrx_word' id='word_1_112' title='bbox 455 1304 543 1343; x_wconf 73' lang='lat' dir='ltr'>pag.</span> <span class='ocrx_word' id='word_1_113' title='bbox 568 1293 657 1331; x_wconf 76' lang='grc'>352.</span> <span class='ocrx_word' id='word_1_114' title='bbox 685 1292 791 1344; x_wconf 84' lang='lat' dir='ltr'>Opus</span> <span class='ocrx_word' id='word_1_115' title='bbox 815 1291 1162 1331; x_wconf 84' lang='lat' dir='ltr'>Concionatorium</span> <span class='ocrx_word' id='word_1_116' title='bbox 1178 1323 1187 1339; x_wconf 90' lang='lat'><em>,</em></span> <span class='ocrx_word' id='word_1_117' title='bbox 1210 1292 1313 1342; x_wconf 90' lang='lat' dir='ltr'>quod</span> <span class='ocrx_word' id='word_1_118' title='bbox 1344 1294 1415 1332; x_wconf 76' lang='lat' dir='ltr'>lla-</span> 
     </span>
     <span class='ocr_line' id='line_1_20' title="bbox 452 1353 1414 1404; baseline 0.001 -12"><span class='ocrx_word' id='word_1_119' title='bbox 452 1355 730 1401; x_wconf 65' lang='grc'>,0300301500</span> <span class='ocrx_word' id='word_1_120' title='bbox 773 1354 834 1392; x_wconf 83' lang='lat' dir='ltr'>fol.</span> <span class='ocrx_word' id='word_1_121' title='bbox 860 1353 1030 1404; x_wconf 88' lang='lat' dir='ltr'>prodiit⁷</span> <span class='ocrx_word' id='word_1_122' title='bbox 1068 1358 1302 1393; x_wconf 89' lang='lat' dir='ltr'>asservatus</span> <span class='ocrx_word' id='word_1_123' title='bbox 1342 1355 1414 1393; x_wconf 77' lang='lat' dir='ltr'>No-</span> 
     </span>
     <span class='ocr_line' id='line_1_21' title="bbox 454 1415 1027 1454; baseline -0.003 -1"><span class='ocrx_word' id='word_1_124' title='bbox 454 1415 625 1454; x_wconf 84' lang='lat' dir='ltr'>rdhusae</span> <span class='ocrx_word' id='word_1_125' title='bbox 651 1418 688 1453; x_wconf 92' lang='lat' dir='ltr'>in</span> <span class='ocrx_word' id='word_1_126' title='bbox 711 1416 808 1454; x_wconf 91' lang='lat' dir='ltr'>Bibl.</span> <span class='ocrx_word' id='word_1_127' title='bbox 834 1416 872 1453; x_wconf 88' lang='lat' dir='ltr'>S.</span> <span class='ocrx_word' id='word_1_128' title='bbox 895 1415 1027 1453; x_wconf 84' lang='lat' dir='ltr'><strong>Blasii.</strong></span> 
     </span>
    </p>

    <p class='ocr_par' dir='ltr' id='par_1_3' title="bbox 453 1475 1423 2006">
     <span class='ocr_line' id='line_1_22' title="bbox 507 1475 1416 1528; baseline 0.002 -13"><span class='ocrx_word' id='word_1_129' title='bbox 507 1478 721 1517; x_wconf 67' lang='lat' dir='ltr'>SANCIUS</span> <span class='ocrx_word' id='word_1_130' title='bbox 737 1476 783 1515; x_wconf 81' lang='lat' dir='ltr'>cle</span> <span class='ocrx_word' id='word_1_131' title='bbox 809 1475 892 1524; x_wconf 79' lang='lat' dir='ltr'>CII,</span> <span class='ocrx_word' id='word_1_132' title='bbox 912 1477 976 1514; x_wconf 90' lang='lat' dir='ltr'>vel</span> <span class='ocrx_word' id='word_1_133' title='bbox 996 1475 1078 1522; x_wconf 72' lang='lat' dir='ltr'>Uli,</span> <span class='ocrx_word' id='word_1_134' title='bbox 1095 1487 1115 1515; x_wconf 93' lang='lat' dir='ltr'>a</span> <span class='ocrx_word' id='word_1_135' title='bbox 1138 1479 1289 1528; x_wconf 87' lang='lat' dir='ltr'>patria,</span> <span class='ocrx_word' id='word_1_136' title='bbox 1312 1479 1416 1528; x_wconf 85' lang='lat' dir='ltr'>quod</span> 
     </span>
     <span class='ocr_line' id='line_1_23' title="bbox 453 1538 1417 1589; baseline 0.002 -13"><span class='ocrx_word' id='word_1_137' title='bbox 453 1544 514 1577; x_wconf 88' lang='lat' dir='ltr'>est</span> <span class='ocrx_word' id='word_1_138' title='bbox 539 1538 727 1589; x_wconf 88' lang='lat' dir='ltr'>oppidum</span> <span class='ocrx_word' id='word_1_139' title='bbox 754 1538 1001 1588; x_wconf 82' lang='lat' dir='ltr'>Aragoniae‚</span> <span class='ocrx_word' id='word_1_140' title='bbox 1034 1539 1085 1576; x_wconf 88' lang='lat' dir='ltr'>ita</span> <span class='ocrx_word' id='word_1_141' title='bbox 1124 1538 1281 1578; x_wconf 88' lang='lat' dir='ltr'>dictus:</span> <span class='ocrx_word' id='word_1_142' title='bbox 1325 1541 1417 1580; x_wconf 91' lang='lat' dir='ltr'>Car-</span> 
     </span>
     <span class='ocr_line' id='line_1_24' title="bbox 455 1599 1418 1648; baseline 0.001 -10"><span class='ocrx_word' id='word_1_143' title='bbox 455 1601 610 1648; x_wconf 80' lang='lat' dir='ltr'>melita,</span> <span class='ocrx_word' id='word_1_144' title='bbox 629 1601 834 1639; x_wconf 81' lang='lat' dir='ltr'>Avenione</span> <span class='ocrx_word' id='word_1_145' title='bbox 849 1599 924 1638; x_wconf 86' lang='lat' dir='ltr'>sub</span> <span class='ocrx_word' id='word_1_146' title='bbox 940 1601 1091 1638; x_wconf 82' lang='lat' dir='ltr'>Joanne</span> <span class='ocrx_word' id='word_1_147' title='bbox 1107 1601 1193 1638; x_wconf 86' lang='lat' dir='ltr'>Xll.</span> <span class='ocrx_word' id='word_1_148' title='bbox 1214 1601 1418 1640; x_wconf 87' lang='lat' dir='ltr'>Poeniten-</span> 
     </span>
     <span class='ocr_line' id='line_1_25' title="bbox 456 1661 1419 1712; baseline 0.001 -13"><span class='ocrx_word' id='word_1_149' title='bbox 456 1662 596 1700; x_wconf 88' lang='lat' dir='ltr'>tiarius</span> <span class='ocrx_word' id='word_1_150' title='bbox 619 1692 627 1710; x_wconf 84' lang='lat'>,</span> <span class='ocrx_word' id='word_1_151' title='bbox 653 1666 742 1711; x_wconf 87' lang='lat' dir='ltr'>post</span> <span class='ocrx_word' id='word_1_152' title='bbox 773 1661 1088 1699; x_wconf 52' lang='lat' dir='ltr'>lSibaracinensis</span> <span class='ocrx_word' id='word_1_153' title='bbox 1111 1663 1148 1698; x_wconf 90' lang='lat' dir='ltr'>in</span> <span class='ocrx_word' id='word_1_154' title='bbox 1168 1661 1360 1712; x_wconf 79' lang='lat' dir='ltr'>Aragonia</span> <span class='ocrx_word' id='word_1_155' title='bbox 1378 1667 1419 1700; x_wconf 90' lang='lat' dir='ltr'>et</span> 
     </span>
     <span class='ocr_line' id='line_1_26' title="bbox 455 1722 1415 1772; baseline 0.002 -12"><span class='ocrx_word' id='word_1_156' title='bbox 455 1722 615 1761; x_wconf 86' lang='lat' dir='ltr'>tandem</span> <span class='ocrx_word' id='word_1_157' title='bbox 677 1722 976 1772; x_wconf 77' lang='lat' dir='ltr'>Segobricensis</span> <span class='ocrx_word' id='word_1_158' title='bbox 1027 1722 1249 1772; x_wconf 85' lang='lat' dir='ltr'>Episcopus</span> <span class='ocrx_word' id='word_1_159' title='bbox 1265 1752 1275 1769; x_wconf 89' lang='lat'>‚</span> <span class='ocrx_word' id='word_1_160' title='bbox 1319 1724 1415 1762; x_wconf 88' lang='lat' dir='ltr'>obiit</span> 
     </span>
     <span class='ocr_line' id='line_1_27' title="bbox 456 1783 1420 1836; baseline 0.003 -15"><span class='ocrx_word' id='word_1_161' title='bbox 456 1784 662 1822; x_wconf 85' lang='lat' dir='ltr'>Avenione</span> <span class='ocrx_word' id='word_1_162' title='bbox 689 1784 803 1823; x_wconf 79' lang='grc'>1356.</span> <span class='ocrx_word' id='word_1_163' title='bbox 828 1784 996 1835; x_wconf 83' lang='lat' dir='ltr'>Scripsit</span> <span class='ocrx_word' id='word_1_164' title='bbox 1032 1783 1211 1823; x_wconf 86' lang='lat' dir='ltr'>Canones</span> <span class='ocrx_word' id='word_1_165' title='bbox 1230 1797 1306 1836; x_wconf 84' lang='lat' dir='ltr'>pro</span> <span class='ocrx_word' id='word_1_166' title='bbox 1335 1786 1420 1824; x_wconf 78' lang='lat' dir='ltr'>ani-</span> 
     </span>
     <span class='ocr_line' id='line_1_28' title="bbox 459 1845 1422 1897; baseline 0.004 -15"><span class='ocrx_word' id='word_1_167' title='bbox 459 1856 619 1883; x_wconf 84' lang='lat' dir='ltr'>marum</span> <span class='ocrx_word' id='word_1_168' title='bbox 640 1845 830 1896; x_wconf 77' lang='lat' dir='ltr'>reyimine</span> <span class='ocrx_word' id='word_1_169' title='bbox 855 1849 890 1883; x_wconf 85' lang='lat' dir='ltr'>et</span> <span class='ocrx_word' id='word_1_170' title='bbox 907 1848 1119 1897; x_wconf 85' lang='lat' dir='ltr'>pastorum</span> <span class='ocrx_word' id='word_1_171' title='bbox 1148 1845 1422 1897; x_wconf 77' lang='lat' dir='ltr'>spiritualium</span> 
     </span>
     <span class='ocr_line' id='line_1_29' title="bbox 458 1907 1423 1957; baseline 0.004 -14"><span class='ocrx_word' id='word_1_172' title='bbox 458 1917 572 1943; x_wconf 86' lang='lat' dir='ltr'>cura.</span> <span class='ocrx_word' id='word_1_173' title='bbox 591 1908 671 1945; x_wconf 64' lang='lat' dir='ltr'>Nic.</span> <span class='ocrx_word' id='word_1_174' title='bbox 690 1907 888 1945; x_wconf 74' lang='lat' dir='ltr'>Antonius</span> <span class='ocrx_word' id='word_1_175' title='bbox 905 1907 1001 1945; x_wconf 91' lang='lat' dir='ltr'>Bibl.</span> <span class='ocrx_word' id='word_1_176' title='bbox 1018 1907 1188 1957; x_wconf 82' lang='lat' dir='ltr'>Hispana</span> <span class='ocrx_word' id='word_1_177' title='bbox 1208 1908 1290 1945; x_wconf 88' lang='lat' dir='ltr'>Vet.</span> <span class='ocrx_word' id='word_1_178' title='bbox 1306 1909 1423 1947; x_wconf 76' lang='grc' dir='ltr'>1Χ.Ιι.</span> 
     </span>
     <span class='ocr_line' id='line_1_30' title="bbox 462 1968 614 2006; baseline 0 0"><span class='ocrx_word' id='word_1_179' title='bbox 462 1980 498 2006; x_wconf 90' lang='lat' dir='ltr'>n.</span> <span class='ocrx_word' id='word_1_180' title='bbox 523 1968 614 2006; x_wconf 63' lang='grc'>2174.</span> 
     </span>
    </p>

    <p class='ocr_par' dir='ltr' id='par_1_4' title="bbox 462 2027 1428 2635">
     <span class='ocr_line' id='line_1_31' title="bbox 515 2027 1425 2078; baseline 0 -11"><span class='ocrx_word' id='word_1_181' title='bbox 515 2027 739 2068; x_wconf 68' lang='lat' dir='ltr'>SANCTES</span> <span class='ocrx_word' id='word_1_182' title='bbox 754 2028 800 2068; x_wconf 85' lang='lat' dir='ltr'>de</span> <span class='ocrx_word' id='word_1_183' title='bbox 820 2028 1037 2077; x_wconf 80' lang='lat' dir='ltr'>Arduinis‚</span> <span class='ocrx_word' id='word_1_184' title='bbox 1058 2031 1303 2068; x_wconf 73' lang='lat' dir='ltr'>pisaurensis</span> <span class='ocrx_word' id='word_1_185' title='bbox 1324 2031 1425 2078; x_wconf 78' lang='lat' dir='ltr'>,Me-</span> 
     </span>
     <span class='ocr_line' id='line_1_32' title="bbox 463 2090 1425 2142; baseline 0 -14"><span class='ocrx_word' id='word_1_186' title='bbox 463 2090 576 2129; x_wconf 87' lang='lat' dir='ltr'>dicus</span> <span class='ocrx_word' id='word_1_187' title='bbox 598 2090 701 2141; x_wconf 85' lang='lat' dir='ltr'>apud</span> <span class='ocrx_word' id='word_1_188' title='bbox 729 2091 902 2129; x_wconf 82' lang='lat' dir='ltr'>Venetos</span> <span class='ocrx_word' id='word_1_189' title='bbox 929 2093 965 2129; x_wconf 91' lang='lat' dir='ltr'>in</span> <span class='ocrx_word' id='word_1_190' title='bbox 989 2103 1147 2130; x_wconf 88' lang='lat' dir='ltr'>summo</span> <span class='ocrx_word' id='word_1_191' title='bbox 1169 2093 1293 2142; x_wconf 88' lang='lat' dir='ltr'>pretio</span> <span class='ocrx_word' id='word_1_192' title='bbox 1318 2091 1425 2130; x_wconf 86' lang='lat' dir='ltr'>habi-</span> 
     </span>
     <span class='ocr_line' id='line_1_33' title="bbox 462 2151 1423 2203; baseline 0 -13"><span class='ocrx_word' id='word_1_193' title='bbox 462 2157 529 2191; x_wconf 89' lang='lat' dir='ltr'>tus</span> <span class='ocrx_word' id='word_1_194' title='bbox 553 2156 653 2191; x_wconf 91' lang='lat' dir='ltr'>circa</span> <span class='ocrx_word' id='word_1_195' title='bbox 680 2165 713 2191; x_wconf 87' lang='lat' dir='ltr'>a.</span> <span class='ocrx_word' id='word_1_196' title='bbox 736 2153 849 2192; x_wconf 68' lang='grc'>1430.</span> <span class='ocrx_word' id='word_1_197' title='bbox 872 2154 1039 2203; x_wconf 79' lang='lat' dir='ltr'>Scripsit</span> <span class='ocrx_word' id='word_1_198' title='bbox 1057 2152 1103 2191; x_wconf 78' lang='lat' dir='ltr'>cle</span> <span class='ocrx_word' id='word_1_199' title='bbox 1116 2151 1423 2203; x_wconf 79' lang='lat' dir='ltr'>prolificatione,</span> 
     </span>
     <span class='ocr_line' id='line_1_34' title="bbox 464 2213 1427 2261; baseline 0.001 -11"><span class='ocrx_word' id='word_1_200' title='bbox 464 2218 511 2252; x_wconf 83' lang='lat' dir='ltr'>(le</span> <span class='ocrx_word' id='word_1_201' title='bbox 540 2213 718 2261; x_wconf 75' lang='lat' dir='ltr'>venenis,</span> <span class='ocrx_word' id='word_1_202' title='bbox 741 2213 787 2252; x_wconf 79' lang='lat' dir='ltr'>(le</span> <span class='ocrx_word' id='word_1_203' title='bbox 808 2214 1059 2261; x_wconf 80' lang='lat' dir='ltr'>adoratione,</span> <span class='ocrx_word' id='word_1_204' title='bbox 1086 2213 1132 2252; x_wconf 80' lang='lat' dir='ltr'>cle</span> <span class='ocrx_word' id='word_1_205' title='bbox 1156 2213 1337 2252; x_wconf 86' lang='lat' dir='ltr'>omnibus</span> <span class='ocrx_word' id='word_1_206' title='bbox 1357 2225 1427 2251; x_wconf 88' lang='lat' dir='ltr'>na-</span> 
     </span>
     <span class='ocr_line' id='line_1_35' title="bbox 464 2273 1425 2326; baseline 0.002 -14"><span class='ocrx_word' id='word_1_207' title='bbox 464 2273 665 2313; x_wconf 82' lang='lat' dir='ltr'>turalibus</span> <span class='ocrx_word' id='word_1_208' title='bbox 700 2280 735 2313; x_wconf 83' lang='lat' dir='ltr'>et</span> <span class='ocrx_word' id='word_1_209' title='bbox 763 2274 1066 2326; x_wconf 62' lang='lat' dir='ltr'>Artificialibus.</span> <span class='ocrx_word' id='word_1_210' title='bbox 1103 2276 1348 2315; x_wconf 82' lang='lat' dir='ltr'>Trithemius</span> <span class='ocrx_word' id='word_1_211' title='bbox 1377 2275 1425 2314; x_wconf 88' lang='lat' dir='ltr'>de</span> 
     </span>
     <span class='ocr_line' id='line_1_36' title="bbox 465 2337 1427 2388; baseline 0 -14"><span class='ocrx_word' id='word_1_212' title='bbox 465 2338 645 2386; x_wconf 80' lang='lat' dir='ltr'>scriptor.</span> <span class='ocrx_word' id='word_1_213' title='bbox 696 2337 849 2375; x_wconf 88' lang='lat' dir='ltr'>Eccles.</span> <span class='ocrx_word' id='word_1_214' title='bbox 890 2348 926 2375; x_wconf 91' lang='lat' dir='ltr'>c.</span> <span class='ocrx_word' id='word_1_215' title='bbox 962 2338 1052 2376; x_wconf 87' lang='lat'>776.</span> <span class='ocrx_word' id='word_1_216' title='bbox 1111 2337 1427 2388; x_wconf 83' lang='lat' dir='ltr'>Symphorianus</span> 
     </span>
     <span class='ocr_line' id='line_1_37' title="bbox 462 2398 1428 2449; baseline 0.001 -13"><span class='ocrx_word' id='word_1_217' title='bbox 462 2398 726 2448; x_wconf 82' lang='lat' dir='ltr'>Champerius</span> <span class='ocrx_word' id='word_1_218' title='bbox 746 2399 795 2437; x_wconf 88' lang='lat' dir='ltr'>de</span> <span class='ocrx_word' id='word_1_219' title='bbox 820 2400 1080 2449; x_wconf 84' lang='lat' dir='ltr'>scriptoribus</span> <span class='ocrx_word' id='word_1_220' title='bbox 1104 2399 1277 2438; x_wconf 80' lang='lat' dir='ltr'>Medicis.</span> <span class='ocrx_word' id='word_1_221' title='bbox 1314 2399 1428 2437; x_wconf 74' lang='lat' dir='ltr'>Liber</span> 
     </span>
     <span class='ocr_line' id='line_1_38' title="bbox 463 2460 1428 2512; baseline 0.001 -14"><span class='ocrx_word' id='word_1_222' title='bbox 463 2460 508 2498; x_wconf 84' lang='lat' dir='ltr'>de</span> <span class='ocrx_word' id='word_1_223' title='bbox 531 2460 689 2499; x_wconf 84' lang='lat' dir='ltr'>venenis</span> <span class='ocrx_word' id='word_1_224' title='bbox 715 2460 860 2512; x_wconf 87' lang='lat' dir='ltr'>prodiit</span> <span class='ocrx_word' id='word_1_225' title='bbox 884 2461 1023 2499; x_wconf 89' lang='lat' dir='ltr'>Venet.</span> <span class='ocrx_word' id='word_1_226' title='bbox 1051 2462 1165 2500; x_wconf 78' lang='grc'>1492.</span> <span class='ocrx_word' id='word_1_227' title='bbox 1207 2461 1270 2499; x_wconf 82' lang='lat' dir='ltr'>sol.</span> <span class='ocrx_word' id='word_1_228' title='bbox 1293 2465 1333 2499; x_wconf 86' lang='lat' dir='ltr'>et</span> <span class='ocrx_word' id='word_1_229' title='bbox 1356 2462 1428 2499; x_wconf 83' lang='lat' dir='ltr'>Ba-</span> 
     </span>
     <span class='ocr_line' id='line_1_39' title="bbox 464 2522 1428 2572; baseline -0.001 -13"><span class='ocrx_word' id='word_1_230' title='bbox 464 2522 523 2560; x_wconf 88' lang='lat' dir='ltr'>sil.</span> <span class='ocrx_word' id='word_1_231' title='bbox 545 2523 657 2561; x_wconf 77' lang='grc'>1562.</span> <span class='ocrx_word' id='word_1_232' title='bbox 680 2523 742 2561; x_wconf 82' lang='lat' dir='ltr'>fol.</span> <span class='ocrx_word' id='word_1_233' title='bbox 760 2534 808 2561; x_wconf 82' lang='lat' dir='ltr'>ex</span> <span class='ocrx_word' id='word_1_234' title='bbox 827 2524 1086 2572; x_wconf 80' lang='lat' dir='ltr'>castigatione</span> <span class='ocrx_word' id='word_1_235' title='bbox 1105 2523 1280 2561; x_wconf 87' lang='lat' dir='ltr'>Thomae</span> <span class='ocrx_word' id='word_1_236' title='bbox 1298 2523 1428 2560; x_wconf 80' lang='lat' dir='ltr'>Zwin-</span> 
     </span>
     <span class='ocr_line' id='line_1_40' title="bbox 463 2583 1384 2635; baseline -0.002 -12"><span class='ocrx_word' id='word_1_237' title='bbox 463 2585 557 2635; x_wconf 79' lang='lat' dir='ltr'>geri.</span> <span class='ocrx_word' id='word_1_238' title='bbox 580 2583 676 2623; x_wconf 85' lang='lat' dir='ltr'>Vide</span> <span class='ocrx_word' id='word_1_239' title='bbox 703 2584 938 2624; x_wconf 87' lang='lat' dir='ltr'>Lindenium</span> <span class='ocrx_word' id='word_1_240' title='bbox 967 2589 1204 2624; x_wconf 86' lang='lat' dir='ltr'>renovatum</span> <span class='ocrx_word' id='word_1_241' title='bbox 1232 2596 1270 2634; x_wconf 90' lang='lat' dir='ltr'>p.</span> <span class='ocrx_word' id='word_1_242' title='bbox 1294 2584 1384 2622; x_wconf 89' lang='lat'><strong>960.</strong></span> 
     </span>
    </p>

    <p class='ocr_par' dir='ltr' id='par_1_5' title="bbox 465 2643 1431 3128">
     <span class='ocr_line' id='line_1_41' title="bbox 522 2643 1430 2695; baseline -0.002 -10"><span class='ocrx_word' id='word_1_243' title='bbox 522 2646 749 2685; x_wconf 64' lang='lat' dir='ltr'>SANCTES</span> <span class='ocrx_word' id='word_1_244' title='bbox 767 2646 813 2684; x_wconf 87' lang='lat' dir='ltr'>de</span> <span class='ocrx_word' id='word_1_245' title='bbox 834 2643 1061 2695; x_wconf 81' lang='lat' dir='ltr'>Valoribus,</span> <span class='ocrx_word' id='word_1_246' title='bbox 1080 2648 1297 2686; x_wconf 88' lang='lat' dir='ltr'>Perusinus</span> <span class='ocrx_word' id='word_1_247' title='bbox 1316 2674 1324 2693; x_wconf 87' lang='lat'>,</span> <span class='ocrx_word' id='word_1_248' title='bbox 1341 2645 1430 2684; x_wconf 87' lang='lat' dir='ltr'>Val-</span> 
     </span>
     <span class='ocr_line' id='line_1_42' title="bbox 466 2708 1427 2747; baseline -0.002 -1"><span class='ocrx_word' id='word_1_249' title='bbox 466 2709 513 2746; x_wconf 87' lang='lat' dir='ltr'>lis</span> <span class='ocrx_word' id='word_1_250' title='bbox 531 2709 741 2747; x_wconf 83' lang='lat' dir='ltr'>umbrosae</span> <span class='ocrx_word' id='word_1_251' title='bbox 758 2710 975 2747; x_wconf 80' lang='lat' dir='ltr'>Monachus</span> <span class='ocrx_word' id='word_1_252' title='bbox 993 2714 1031 2747; x_wconf 81' lang='lat' dir='ltr'>et</span> <span class='ocrx_word' id='word_1_253' title='bbox 1049 2709 1182 2747; x_wconf 82' lang='lat' dir='ltr'>Abbas</span> <span class='ocrx_word' id='word_1_254' title='bbox 1200 2708 1427 2747; x_wconf 85' lang='lat' dir='ltr'>monasterii</span> 
     </span>
     <span class='ocr_line' id='line_1_43' title="bbox 465 2769 1429 2820; baseline -0.003 -11"><span class='ocrx_word' id='word_1_255' title='bbox 465 2771 505 2809; x_wconf 91' lang='lat' dir='ltr'>S.</span> <span class='ocrx_word' id='word_1_256' title='bbox 533 2771 751 2820; x_wconf 67' lang='lat' dir='ltr'>lleparatae</span> <span class='ocrx_word' id='word_1_257' title='bbox 783 2771 832 2808; x_wconf 85' lang='lat' dir='ltr'>de</span> <span class='ocrx_word' id='word_1_258' title='bbox 872 2770 1091 2816; x_wconf 80' lang='lat' dir='ltr'>Marradio,</span> <span class='ocrx_word' id='word_1_259' title='bbox 1116 2771 1219 2808; x_wconf 87' lang='lat' dir='ltr'>circa</span> <span class='ocrx_word' id='word_1_260' title='bbox 1253 2781 1285 2808; x_wconf 94' lang='grc'>3.</span> <span class='ocrx_word' id='word_1_261' title='bbox 1312 2769 1429 2808; x_wconf 83' lang='grc'>1506.</span> 
     </span>
     <span class='ocr_line' id='line_1_44' title="bbox 465 2829 1431 2881; baseline -0.003 -10"><span class='ocrx_word' id='word_1_262' title='bbox 465 2832 587 2871; x_wconf 78' lang='lat' dir='ltr'>edidit</span> <span class='ocrx_word' id='word_1_263' title='bbox 613 2833 735 2871; x_wconf 80' lang='lat' dir='ltr'>Vitam</span> <span class='ocrx_word' id='word_1_264' title='bbox 754 2834 793 2870; x_wconf 94' lang='lat' dir='ltr'>S.</span> <span class='ocrx_word' id='word_1_265' title='bbox 811 2832 976 2870; x_wconf 82' lang='lat' dir='ltr'>Joannis</span> <span class='ocrx_word' id='word_1_266' title='bbox 997 2830 1206 2869; x_wconf 83' lang='lat' dir='ltr'>Gualberli</span> <span class='ocrx_word' id='word_1_267' title='bbox 1221 2863 1228 2880; x_wconf 50' lang='grc' dir='ltr'>,Ι</span> <span class='ocrx_word' id='word_1_268' title='bbox 1246 2829 1431 2881; x_wconf 69' lang='lat' dir='ltr'>Pereqri-</span> 
     </span>
     <span class='ocr_line' id='line_1_45' title="bbox 466 2892 1431 2942; baseline -0.002 -11"><span class='ocrx_word' id='word_1_269' title='bbox 466 2893 659 2931; x_wconf 82' lang='lat' dir='ltr'>nationem</span> <span class='ocrx_word' id='word_1_270' title='bbox 697 2893 801 2932; x_wconf 84' lang='lat' dir='ltr'>Vitae</span> <span class='ocrx_word' id='word_1_271' title='bbox 825 2894 1046 2942; x_wconf 73' lang='lat' dir='ltr'>humanae,</span> <span class='ocrx_word' id='word_1_272' title='bbox 1078 2897 1118 2930; x_wconf 79' lang='lat' dir='ltr'>et</span> <span class='ocrx_word' id='word_1_273' title='bbox 1160 2893 1233 2931; x_wconf 88' lang='lat' dir='ltr'>alia</span> <span class='ocrx_word' id='word_1_274' title='bbox 1275 2892 1431 2930; x_wconf 70' lang='lat' dir='ltr'>miscel-</span> 
     </span>
     <span class='ocr_line' id='line_1_46' title="bbox 468 2953 1430 3005; baseline -0.003 -13"><span class='ocrx_word' id='word_1_275' title='bbox 468 2955 576 2993; x_wconf 78' lang='lat' dir='ltr'>lanea</span> <span class='ocrx_word' id='word_1_276' title='bbox 594 2987 603 3003; x_wconf 88' lang='lat'><strong><em>,</em></strong></span> <span class='ocrx_word' id='word_1_277' title='bbox 632 2959 673 2993; x_wconf 87' lang='lat' dir='ltr'>ut</span> <span class='ocrx_word' id='word_1_278' title='bbox 698 2960 860 3005; x_wconf 85' lang='lat' dir='ltr'>apparet</span> <span class='ocrx_word' id='word_1_279' title='bbox 886 2966 934 2992; x_wconf 80' lang='lat' dir='ltr'>ex</span> <span class='ocrx_word' id='word_1_280' title='bbox 968 2953 1054 3004; x_wconf 84' lang='lat' dir='ltr'>ejus</span> <span class='ocrx_word' id='word_1_281' title='bbox 1092 2954 1288 3004; x_wconf 83' lang='lat' dir='ltr'>operibus.</span> <span class='ocrx_word' id='word_1_282' title='bbox 1328 2954 1430 2991; x_wconf 84' lang='lat' dir='ltr'>llaec</span> 
     </span>
     <span class='ocr_line' id='line_1_47' title="bbox 470 3016 1427 3066; baseline -0.001 -14"><span class='ocrx_word' id='word_1_283' title='bbox 470 3017 688 3055; x_wconf 65' lang='lat' dir='ltr'>venantius</span> <span class='ocrx_word' id='word_1_284' title='bbox 737 3018 847 3055; x_wconf 90' lang='lat' dir='ltr'>Simii</span> <span class='ocrx_word' id='word_1_285' title='bbox 884 3017 919 3054; x_wconf 90' lang='lat' dir='ltr'>in</span> <span class='ocrx_word' id='word_1_286' title='bbox 961 3017 1144 3066; x_wconf 79' lang='lat' dir='ltr'>Catalogo</span> <span class='ocrx_word' id='word_1_287' title='bbox 1192 3016 1427 3065; x_wconf 88' lang='lat' dir='ltr'>scriptorum</span> 
     </span>
     <span class='ocr_line' id='line_1_48' title="bbox 473 3077 1110 3128; baseline 0.002 -14"><span class='ocrx_word' id='word_1_288' title='bbox 473 3078 592 3115; x_wconf 66' lang='lat' dir='ltr'>Vallis</span> <span class='ocrx_word' id='word_1_289' title='bbox 614 3079 822 3116; x_wconf 79' lang='lat' dir='ltr'>umbrosae</span> <span class='ocrx_word' id='word_1_290' title='bbox 847 3090 882 3128; x_wconf 88' lang='lat' dir='ltr'>p.</span> <span class='ocrx_word' id='word_1_291' title='bbox 903 3077 994 3117; x_wconf 92' lang='grc'>271.</span> <span class='ocrx_word' id='word_1_292' title='bbox 1020 3078 1110 3116; x_wconf 88' lang='grc'>272.</span> 
     </span>
    </p>

    <p class='ocr_par' dir='ltr' id='par_1_6' title="bbox 476 3139 1428 3310">
     <span class='ocr_line' id='line_1_49' title="bbox 527 3139 1428 3189; baseline -0.001 -14"><span class='ocrx_word' id='word_1_293' title='bbox 527 3139 770 3178; x_wconf 71' lang='lat' dir='ltr'>SANCTIUS</span> <span class='ocrx_word' id='word_1_294' title='bbox 800 3140 1000 3189; x_wconf 82' lang='lat' dir='ltr'>Mulierii‚</span> <span class='ocrx_word' id='word_1_295' title='bbox 1025 3139 1164 3178; x_wconf 87' lang='lat' dir='ltr'>Gallus</span> <span class='ocrx_word' id='word_1_296' title='bbox 1185 3139 1401 3178; x_wconf 80' lang='lat' dir='ltr'>Occitanus</span> <span class='ocrx_word' id='word_1_297' title='bbox 1418 3166 1428 3183; x_wconf 86' lang='lat'><em>‚</em></span> 
     </span>
     <span class='ocr_line' id='line_1_50' title="bbox 478 3196 1428 3240; baseline 0 -6"><span class='ocrx_word' id='word_1_298' title='bbox 478 3197 572 3236; x_wconf 90' lang='lat' dir='ltr'>Ord.</span> <span class='ocrx_word' id='word_1_299' title='bbox 605 3201 925 3240; x_wconf 78' lang='lat' dir='ltr'>Praedicatorum</span> <span class='ocrx_word' id='word_1_300' title='bbox 971 3205 1199 3240; x_wconf 83' lang='lat' dir='ltr'>conventus</span> <span class='ocrx_word' id='word_1_301' title='bbox 1245 3196 1428 3238; x_wconf 84' lang='lat' dir='ltr'>Tolosani</span> 
     </span>
     <span class='ocr_line' id='line_1_51' title="bbox 476 3258 1427 3310; baseline 0 -14"><span class='ocrx_word' id='word_1_302' title='bbox 476 3258 687 3309; x_wconf 78' lang='lat' dir='ltr'>alumnus,</span> <span class='ocrx_word' id='word_1_303' title='bbox 716 3262 898 3310; x_wconf 82' lang='lat' dir='ltr'>ejusdem</span> <span class='ocrx_word' id='word_1_304' title='bbox 933 3263 1174 3302; x_wconf 83' lang='lat' dir='ltr'>Academiae</span> <span class='ocrx_word' id='word_1_305' title='bbox 1221 3262 1258 3301; x_wconf 93' lang='lat' dir='ltr'>S.</span> <span class='ocrx_word' id='word_1_306' title='bbox 1302 3260 1427 3298; x_wconf 88' lang='lat' dir='ltr'>Theo-</span> 
     </span>
    </p>
   </div>
   <div class='ocr_carea' id='block_1_2' title="bbox 1193 176 1700 236">
    <p class='ocr_par' dir='ltr' id='par_1_7' title="bbox 1193 176 1700 236">
     <span class='ocr_line' id='line_1_52' title="bbox 1193 176 1700 236; baseline -0.008 -17"><span class='ocrx_word' id='word_1_307' title='bbox 1193 176 1700 236; x_wconf 64' lang='lat' dir='ltr'><strong>SAYONAROLA</strong></span> 
     </span>
    </p>
   </div>
   <div class='ocr_carea' id='block_1_3' title="bbox 1480 245 2437 782">
    <p class='ocr_par' dir='ltr' id='par_1_8' title="bbox 1480 245 2437 782">
     <span class='ocr_line' id='line_1_53' title="bbox 1483 245 2424 297; baseline -0.003 -11"><span class='ocrx_word' id='word_1_308' title='bbox 1483 247 1605 297; x_wconf 82' lang='lat' dir='ltr'>logiae</span> <span class='ocrx_word' id='word_1_309' title='bbox 1634 247 1818 296; x_wconf 82' lang='lat' dir='ltr'>Magister</span> <span class='ocrx_word' id='word_1_310' title='bbox 1847 250 1887 284; x_wconf 87' lang='lat' dir='ltr'>et</span> <span class='ocrx_word' id='word_1_311' title='bbox 1932 247 2098 286; x_wconf 82' lang='lat' dir='ltr'>Scholae</span> <span class='ocrx_word' id='word_1_312' title='bbox 2141 246 2179 285; x_wconf 88' lang='lat' dir='ltr'>S.</span> <span class='ocrx_word' id='word_1_313' title='bbox 2227 245 2424 296; x_wconf 82' lang='lat' dir='ltr'>Stephani</span> 
     </span>
     <span class='ocr_line' id='line_1_54' title="bbox 1481 306 2427 358; baseline -0.001 -12"><span class='ocrx_word' id='word_1_314' title='bbox 1481 309 1636 358; x_wconf 84' lang='lat' dir='ltr'>Regens</span> <span class='ocrx_word' id='word_1_315' title='bbox 1659 308 1762 345; x_wconf 91' lang='lat' dir='ltr'>circa</span> <span class='ocrx_word' id='word_1_316' title='bbox 1786 317 1820 346; x_wconf 91' lang='lat' dir='ltr'>a.</span> <span class='ocrx_word' id='word_1_317' title='bbox 1846 308 1960 346; x_wconf 86' lang='grc'>1388.</span> <span class='ocrx_word' id='word_1_318' title='bbox 1986 312 2074 358; x_wconf 91' lang='lat' dir='ltr'>post</span> <span class='ocrx_word' id='word_1_319' title='bbox 2098 307 2321 357; x_wconf 86' lang='lat' dir='ltr'>Episcopus</span> <span class='ocrx_word' id='word_1_320' title='bbox 2337 306 2427 346; x_wconf 88' lang='lat' dir='ltr'>Ole-</span> 
     </span>
     <span class='ocr_line' id='line_1_55' title="bbox 1481 366 2433 407; baseline -0.001 -1"><span class='ocrx_word' id='word_1_321' title='bbox 1481 369 1662 406; x_wconf 88' lang='lat' dir='ltr'>ronensis</span> <span class='ocrx_word' id='word_1_322' title='bbox 1690 367 1738 406; x_wconf 93' lang='lat' dir='ltr'>ab</span> <span class='ocrx_word' id='word_1_323' title='bbox 1762 378 1795 405; x_wconf 89' lang='lat' dir='ltr'>a.</span> <span class='ocrx_word' id='word_1_324' title='bbox 1813 366 1926 405; x_wconf 64' lang='lat' dir='ltr'>moe.</span> <span class='ocrx_word' id='word_1_325' title='bbox 1944 368 2123 407; x_wconf 81' lang='lat' dir='ltr'>interfuit</span> <span class='ocrx_word' id='word_1_326' title='bbox 2140 368 2311 406; x_wconf 79' lang='lat' dir='ltr'>Concilio</span> <span class='ocrx_word' id='word_1_327' title='bbox 2329 367 2433 407; x_wconf 90' lang='lat' dir='ltr'>Con-</span> 
     </span>
     <span class='ocr_line' id='line_1_56' title="bbox 1480 428 2429 478; baseline -0.001 -12"><span class='ocrx_word' id='word_1_328' title='bbox 1480 428 1719 472; x_wconf 78' lang='lat' dir='ltr'>stantiensi‚</span> <span class='ocrx_word' id='word_1_329' title='bbox 1747 428 1842 466; x_wconf 82' lang='lat' dir='ltr'>obiit</span> <span class='ocrx_word' id='word_1_330' title='bbox 1872 433 1959 477; x_wconf 92' lang='lat' dir='ltr'>post</span> <span class='ocrx_word' id='word_1_331' title='bbox 1987 440 2021 467; x_wconf 90' lang='lat' dir='ltr'>a.</span> <span class='ocrx_word' id='word_1_332' title='bbox 2056 428 2168 467; x_wconf 63' lang='lat' dir='ltr'>lfflO.</span> <span class='ocrx_word' id='word_1_333' title='bbox 2196 428 2364 478; x_wconf 88' lang='lat' dir='ltr'>Scripsit</span> <span class='ocrx_word' id='word_1_334' title='bbox 2387 437 2429 466; x_wconf 74' lang='lat' dir='ltr'>in</span> 
     </span>
     <span class='ocr_line' id='line_1_57' title="bbox 1482 486 2435 539; baseline 0 -13"><span class='ocrx_word' id='word_1_335' title='bbox 1482 491 1655 539; x_wconf 81' lang='lat' dir='ltr'>quatuor</span> <span class='ocrx_word' id='word_1_336' title='bbox 1685 486 1806 526; x_wconf 84' lang='lat' dir='ltr'>libros</span> <span class='ocrx_word' id='word_1_337' title='bbox 1835 488 2138 527; x_wconf 80' lang='lat' dir='ltr'>Sententiarum.</span> <span class='ocrx_word' id='word_1_338' title='bbox 2176 489 2258 528; x_wconf 72' lang='grc'>130.</span> <span class='ocrx_word' id='word_1_339' title='bbox 2295 487 2435 534; x_wconf 71' lang='lat' dir='ltr'>Quetil&#39;</span> 
     </span>
     <span class='ocr_line' id='line_1_58' title="bbox 1482 548 2334 601; baseline -0.001 -13"><span class='ocrx_word' id='word_1_340' title='bbox 1482 549 1530 588; x_wconf 90' lang='lat' dir='ltr'>de</span> <span class='ocrx_word' id='word_1_341' title='bbox 1560 549 1746 600; x_wconf 88' lang='lat' dir='ltr'>Scriptor.</span> <span class='ocrx_word' id='word_1_342' title='bbox 1777 548 1870 588; x_wconf 93' lang='lat' dir='ltr'>Ord.</span> <span class='ocrx_word' id='word_1_343' title='bbox 1902 549 2037 588; x_wconf 84' lang='lat' dir='ltr'>Praed.</span> <span class='ocrx_word' id='word_1_344' title='bbox 2067 555 2096 589; x_wconf 91' lang='lat' dir='ltr'>t.</span> <span class='ocrx_word' id='word_1_345' title='bbox 2127 551 2141 589; x_wconf 87' lang='lat'><em>1</em></span> <span class='ocrx_word' id='word_1_346' title='bbox 2172 562 2207 601; x_wconf 87' lang='lat' dir='ltr'>p.</span> <span class='ocrx_word' id='word_1_347' title='bbox 2241 549 2334 589; x_wconf 81' lang='lat'>758.</span> 
     </span>
     <span class='ocr_line' id='line_1_59' title="bbox 1535 608 2434 651; baseline 0.001 -3"><span class='ocrx_word' id='word_1_348' title='bbox 1535 609 1749 649; x_wconf 75' lang='lat' dir='ltr'>Monachus</span> <span class='ocrx_word' id='word_1_349' title='bbox 1778 608 2212 651; x_wconf 82' lang='lat' dir='ltr'>SANDIONYSIANUS</span> <span class='ocrx_word' id='word_1_350' title='bbox 2241 612 2280 650; x_wconf 89' lang='lat' dir='ltr'>in</span> <span class='ocrx_word' id='word_1_351' title='bbox 2311 611 2434 650; x_wconf 90' lang='lat' dir='ltr'>Gallia</span> 
     </span>
     <span class='ocr_line' id='line_1_60' title="bbox 1483 668 2429 722; baseline 0.001 -13"><span class='ocrx_word' id='word_1_352' title='bbox 1483 672 1643 722; x_wconf 89' lang='lat' dir='ltr'>scripsit</span> <span class='ocrx_word' id='word_1_353' title='bbox 1676 671 1800 709; x_wconf 76' lang='lat' dir='ltr'>Vitam</span> <span class='ocrx_word' id='word_1_354' title='bbox 1824 668 2042 720; x_wconf 73' lang='lat' dir='ltr'>Dayoberti</span> <span class='ocrx_word' id='word_1_355' title='bbox 2058 670 2090 708; x_wconf 92' lang='grc' dir='ltr'>Ι.</span> <span class='ocrx_word' id='word_1_356' title='bbox 2113 671 2261 711; x_wconf 86' lang='lat' dir='ltr'>Galliae</span> <span class='ocrx_word' id='word_1_357' title='bbox 2285 673 2429 722; x_wconf 76' lang='lat' dir='ltr'>Regis.</span> 
     </span>
     <span class='ocr_line' id='line_1_61' title="bbox 1484 730 2437 782; baseline 0 -11"><span class='ocrx_word' id='word_1_358' title='bbox 1484 733 1553 771; x_wconf 82' lang='lat' dir='ltr'>sed</span> <span class='ocrx_word' id='word_1_359' title='bbox 1587 734 1618 770; x_wconf 88' lang='lat' dir='ltr'>is</span> <span class='ocrx_word' id='word_1_360' title='bbox 1645 736 1776 771; x_wconf 88' lang='lat' dir='ltr'>aetate</span> <span class='ocrx_word' id='word_1_361' title='bbox 1807 731 1941 782; x_wconf 88' lang='lat' dir='ltr'>paullo</span> <span class='ocrx_word' id='word_1_362' title='bbox 1984 731 2058 770; x_wconf 87' lang='lat' dir='ltr'>fuit</span> <span class='ocrx_word' id='word_1_363' title='bbox 2093 730 2256 782; x_wconf 89' lang='lat' dir='ltr'>junior,</span> <span class='ocrx_word' id='word_1_364' title='bbox 2300 737 2345 772; x_wconf 93' lang='lat' dir='ltr'>ut</span> <span class='ocrx_word' id='word_1_365' title='bbox 2386 743 2437 778; x_wconf 79' lang='lat' dir='ltr'>ex</span> 
     </span>
    </p>
   </div>
   <div class='ocr_carea' id='block_1_4' title="bbox 1485 789 2533 848">
    <p class='ocr_par' dir='ltr' id='par_1_9' title="bbox 1485 789 2533 848">
     <span class='ocr_line' id='line_1_62' title="bbox 1485 789 2533 848; baseline -0.002 -17"><span class='ocrx_word' id='word_1_366' title='bbox 1485 805 1518 831; x_wconf 91' lang='lat' dir='ltr'>c.</span> <span class='ocrx_word' id='word_1_367' title='bbox 1546 794 1607 832; x_wconf 74' lang='lat'>43.</span> <span class='ocrx_word' id='word_1_368' title='bbox 1639 797 1824 839; x_wconf 87' lang='lat' dir='ltr'>constat,</span> <span class='ocrx_word' id='word_1_369' title='bbox 1856 791 1922 831; x_wconf 93' lang='lat' dir='ltr'>ubi</span> <span class='ocrx_word' id='word_1_370' title='bbox 1953 791 2124 843; x_wconf 84' lang='lat' dir='ltr'>diploma</span> <span class='ocrx_word' id='word_1_371' title='bbox 2169 794 2212 831; x_wconf 88' lang='lat' dir='ltr'>B.</span> <span class='ocrx_word' id='word_1_372' title='bbox 2255 793 2434 833; x_wconf 74' lang='lat' dir='ltr'>Audoeni</span> <span class='ocrx_word' id='word_1_373' title='bbox 2508 789 2533 848; x_wconf 54' lang='lat'>&#39;3</span> 
     </span>
    </p>
   </div>
   <div class='ocr_carea' id='block_1_5' title="bbox 1486 853 2442 1394">
    <p class='ocr_par' dir='ltr' id='par_1_10' title="bbox 1486 853 2442 1274">
     <span class='ocr_line' id='line_1_63' title="bbox 1486 853 2426 905; baseline -0.001 -12"><span class='ocrx_word' id='word_1_374' title='bbox 1486 853 1670 893; x_wconf 85' lang='lat' dir='ltr'>chartam</span> <span class='ocrx_word' id='word_1_375' title='bbox 1698 853 2021 905; x_wconf 77' lang='lat' dir='ltr'>antiquissimam</span> <span class='ocrx_word' id='word_1_376' title='bbox 2050 857 2198 902; x_wconf 88' lang='lat' dir='ltr'>vocat,</span> <span class='ocrx_word' id='word_1_377' title='bbox 2239 855 2335 894; x_wconf 87' lang='lat' dir='ltr'>item</span> <span class='ocrx_word' id='word_1_378' title='bbox 2378 866 2426 892; x_wconf 82' lang='lat' dir='ltr'>ex</span> 
     </span>
     <span class='ocr_line' id='line_1_64' title="bbox 1487 914 2438 966; baseline 0.002 -12"><span class='ocrx_word' id='word_1_379' title='bbox 1487 927 1521 955; x_wconf 91' lang='lat' dir='ltr'>c.</span> <span class='ocrx_word' id='word_1_380' title='bbox 1549 917 1585 954; x_wconf 80' lang='lat' dir='ltr'>(i.</span> <span class='ocrx_word' id='word_1_381' title='bbox 1619 917 1679 955; x_wconf 91' lang='grc'>12.</span> <span class='ocrx_word' id='word_1_382' title='bbox 1711 916 1771 955; x_wconf 89' lang='grc'>13.</span> <span class='ocrx_word' id='word_1_383' title='bbox 1804 916 1865 954; x_wconf 83' lang='grc'>15.</span> <span class='ocrx_word' id='word_1_384' title='bbox 1902 916 1966 955; x_wconf 91' lang='grc'>16.</span> <span class='ocrx_word' id='word_1_385' title='bbox 1996 914 2061 955; x_wconf 93' lang='lat' dir='ltr'>ubi</span> <span class='ocrx_word' id='word_1_386' title='bbox 2092 914 2326 966; x_wconf 78' lang='lat' dir='ltr'>Fredegario</span> <span class='ocrx_word' id='word_1_387' title='bbox 2350 927 2438 956; x_wconf 85' lang='lat' dir='ltr'>sae-</span> 
     </span>
     <span class='ocr_line' id='line_1_65' title="bbox 1487 976 2439 1028; baseline 0.002 -14"><span class='ocrx_word' id='word_1_388' title='bbox 1487 978 1576 1028; x_wconf 90' lang='lat' dir='ltr'>pius</span> <span class='ocrx_word' id='word_1_389' title='bbox 1607 988 1705 1016; x_wconf 89' lang='lat' dir='ltr'>usus</span> <span class='ocrx_word' id='word_1_390' title='bbox 1733 988 1823 1015; x_wconf 88' lang='lat' dir='ltr'>esse</span> <span class='ocrx_word' id='word_1_391' title='bbox 1854 976 2184 1027; x_wconf 83' lang='lat' dir='ltr'>deprehenditur.</span> <span class='ocrx_word' id='word_1_392' title='bbox 2212 976 2358 1016; x_wconf 84' lang='lat' dir='ltr'>Editus</span> <span class='ocrx_word' id='word_1_393' title='bbox 2376 983 2439 1016; x_wconf 88' lang='lat' dir='ltr'>est</span> 
     </span>
     <span class='ocr_line' id='line_1_66' title="bbox 1488 1037 2437 1091; baseline 0 -14"><span class='ocrx_word' id='word_1_394' title='bbox 1488 1041 1659 1091; x_wconf 90' lang='lat' dir='ltr'>primum</span> <span class='ocrx_word' id='word_1_395' title='bbox 1689 1039 1738 1077; x_wconf 87' lang='lat' dir='ltr'>ab</span> <span class='ocrx_word' id='word_1_396' title='bbox 1766 1037 1890 1077; x_wconf 90' lang='lat' dir='ltr'>Andr.</span> <span class='ocrx_word' id='word_1_397' title='bbox 1920 1038 1975 1078; x_wconf 92' lang='lat' dir='ltr'>du</span> <span class='ocrx_word' id='word_1_398' title='bbox 2003 1038 2164 1077; x_wconf 85' lang='lat' dir='ltr'>Chesne</span> <span class='ocrx_word' id='word_1_399' title='bbox 2188 1038 2263 1077; x_wconf 89' lang='lat' dir='ltr'>sub</span> <span class='ocrx_word' id='word_1_400' title='bbox 2283 1038 2437 1077; x_wconf 89' lang='lat' dir='ltr'>initium</span> 
     </span>
     <span class='ocr_line' id='line_1_67' title="bbox 1488 1099 2438 1150; baseline -0.001 -11"><span class='ocrx_word' id='word_1_401' title='bbox 1488 1105 1581 1139; x_wconf 87' lang='lat' dir='ltr'>tom.</span> <span class='ocrx_word' id='word_1_402' title='bbox 1614 1102 1642 1139; x_wconf 93' lang='lat'>1.</span> <span class='ocrx_word' id='word_1_403' title='bbox 1671 1100 1918 1150; x_wconf 83' lang='lat' dir='ltr'>Scriptorum</span> <span class='ocrx_word' id='word_1_404' title='bbox 1950 1101 2256 1148; x_wconf 89' lang='lat' dir='ltr'>Francicorum‚</span> <span class='ocrx_word' id='word_1_405' title='bbox 2293 1099 2438 1139; x_wconf 86' lang='lat' dir='ltr'>deinde</span> 
     </span>
     <span class='ocr_line' id='line_1_68' title="bbox 1488 1161 2442 1202; baseline -0.002 0"><span class='ocrx_word' id='word_1_406' title='bbox 1488 1175 1537 1202; x_wconf 83' lang='lat' dir='ltr'>ex</span> <span class='ocrx_word' id='word_1_407' title='bbox 1567 1162 1712 1202; x_wconf 84' lang='lat' dir='ltr'>Codice</span> <span class='ocrx_word' id='word_1_408' title='bbox 1735 1163 1898 1201; x_wconf 89' lang='lat' dir='ltr'>Jenensi</span> <span class='ocrx_word' id='word_1_409' title='bbox 1927 1173 1949 1201; x_wconf 91' lang='grc'>3</span> <span class='ocrx_word' id='word_1_410' title='bbox 1977 1164 2093 1201; x_wconf 87' lang='grc' dir='ltr'>Βο10.</span> <span class='ocrx_word' id='word_1_411' title='bbox 2115 1161 2304 1201; x_wconf 82' lang='lat' dir='ltr'>Gotthelf.</span> <span class='ocrx_word' id='word_1_412' title='bbox 2328 1162 2442 1201; x_wconf 88' lang='lat' dir='ltr'>Stru-</span> 
     </span>
     <span class='ocr_line' id='line_1_69' title="bbox 1490 1222 2442 1274; baseline -0.002 -11"><span class='ocrx_word' id='word_1_413' title='bbox 1490 1226 1553 1263; x_wconf 87' lang='lat' dir='ltr'>vio</span> <span class='ocrx_word' id='word_1_414' title='bbox 1582 1226 1620 1262; x_wconf 91' lang='lat' dir='ltr'>in</span> <span class='ocrx_word' id='word_1_415' title='bbox 1641 1225 1749 1264; x_wconf 80' lang='lat' dir='ltr'>Actis</span> <span class='ocrx_word' id='word_1_416' title='bbox 1766 1224 1956 1263; x_wconf 82' lang='lat' dir='ltr'>literariis</span> <span class='ocrx_word' id='word_1_417' title='bbox 1973 1223 2056 1262; x_wconf 95' lang='lat' dir='ltr'>Vol.</span> <span class='ocrx_word' id='word_1_418' title='bbox 2078 1224 2113 1263; x_wconf 90' lang='grc'>1.</span> <span class='ocrx_word' id='word_1_419' title='bbox 2131 1223 2246 1262; x_wconf 85' lang='lat' dir='ltr'>Fasc.</span> <span class='ocrx_word' id='word_1_420' title='bbox 2266 1223 2296 1262; x_wconf 93' lang='lat'>1.</span> <span class='ocrx_word' id='word_1_421' title='bbox 2319 1235 2357 1274; x_wconf 94' lang='lat' dir='ltr'>p.</span> <span class='ocrx_word' id='word_1_422' title='bbox 2375 1222 2442 1262; x_wconf 56' lang='lat'>115.</span> 
     </span>
    </p>

    <p class='ocr_par' dir='ltr' id='par_1_11' title="bbox 1490 1283 2442 1394">
     <span class='ocr_line' id='line_1_70' title="bbox 1545 1283 2442 1334; baseline -0.004 -8"><span class='ocrx_word' id='word_1_423' title='bbox 1545 1285 1770 1326; x_wconf 82' lang='lat' dir='ltr'>Clzronicon</span> <span class='ocrx_word' id='word_1_424' title='bbox 1797 1283 2147 1325; x_wconf 82' lang='lat' dir='ltr'>SANPETRlNUM</span> <span class='ocrx_word' id='word_1_425' title='bbox 2164 1313 2173 1334; x_wconf 91' lang='lat'><strong><em>‚</em></strong></span> <span class='ocrx_word' id='word_1_426' title='bbox 2193 1295 2215 1324; x_wconf 86' lang='lat' dir='ltr'>a</span> <span class='ocrx_word' id='word_1_427' title='bbox 2237 1284 2442 1324; x_wconf 90' lang='lat' dir='ltr'>monachis</span> 
     </span>
     <span class='ocr_line' id='line_1_71' title="bbox 1490 1346 2440 1394; baseline -0.002 -8"><span class='ocrx_word' id='word_1_428' title='bbox 1490 1348 1643 1387; x_wconf 87' lang='lat' dir='ltr'>scilicet</span> <span class='ocrx_word' id='word_1_429' title='bbox 1673 1347 1712 1386; x_wconf 86' lang='lat' dir='ltr'>S.</span> <span class='ocrx_word' id='word_1_430' title='bbox 1758 1347 1861 1386; x_wconf 87' lang='lat' dir='ltr'>Petri</span> <span class='ocrx_word' id='word_1_431' title='bbox 1907 1346 2148 1385; x_wconf 81' lang='lat' dir='ltr'>Erfortensis</span> <span class='ocrx_word' id='word_1_432' title='bbox 2188 1346 2440 1394; x_wconf 87' lang='lat' dir='ltr'>confectum,</span> 
     </span>
    </p>
   </div>
   <div class='ocr_carea' id='block_1_6' title="bbox 1490 1407 2501 1448">
    <p class='ocr_par' dir='ltr' id='par_1_12' title="bbox 1490 1407 2501 1448">
     <span class='ocr_line' id='line_1_72' title="bbox 1490 1407 2501 1448; baseline -0.005 0"><span class='ocrx_word' id='word_1_433' title='bbox 1490 1409 1539 1448; x_wconf 89' lang='lat' dir='ltr'>ab</span> <span class='ocrx_word' id='word_1_434' title='bbox 1568 1420 1589 1448; x_wconf 93' lang='lat' dir='ltr'>a</span> <span class='ocrx_word' id='word_1_435' title='bbox 1621 1407 1861 1448; x_wconf 81' lang='grc'>1036-1355.</span> <span class='ocrx_word' id='word_1_436' title='bbox 1892 1407 2016 1447; x_wconf 87' lang='lat' dir='ltr'>edidit</span> <span class='ocrx_word' id='word_1_437' title='bbox 2044 1407 2301 1448; x_wconf 83' lang='lat' dir='ltr'>Menckenius</span> <span class='ocrx_word' id='word_1_438' title='bbox 2345 1411 2441 1446; x_wconf 92' lang='lat' dir='ltr'>tom.</span> <span class='ocrx_word' id='word_1_439' title='bbox 2495 1439 2501 1442; x_wconf 84' lang='lat'>.</span> 
     </span>
    </p>
   </div>
   <div class='ocr_carea' id='block_1_7' title="bbox 1491 1469 2509 3294">
    <p class='ocr_par' dir='ltr' id='par_1_13' title="bbox 1491 1469 2447 1705">
     <span class='ocr_line' id='line_1_73' title="bbox 1491 1469 2441 1521; baseline -0.002 -12"><span class='ocrx_word' id='word_1_440' title='bbox 1491 1471 1557 1510; x_wconf 85' lang='lat'>111.</span> <span class='ocrx_word' id='word_1_441' title='bbox 1581 1471 1827 1521; x_wconf 88' lang='lat' dir='ltr'>Scriptorum</span> <span class='ocrx_word' id='word_1_442' title='bbox 1846 1469 2174 1509; x_wconf 88' lang='lat' dir='ltr'>Germanicorum</span> <span class='ocrx_word' id='word_1_443' title='bbox 2192 1481 2229 1521; x_wconf 90' lang='lat' dir='ltr'>p.</span> <span class='ocrx_word' id='word_1_444' title='bbox 2245 1469 2337 1509; x_wconf 91' lang='grc'>201.</span> <span class='ocrx_word' id='word_1_445' title='bbox 2357 1480 2441 1520; x_wconf 89' lang='lat' dir='ltr'>seq.</span> 
     </span>
     <span class='ocr_line' id='line_1_74' title="bbox 1492 1531 2447 1583; baseline -0.001 -12"><span class='ocrx_word' id='word_1_446' title='bbox 1492 1534 1587 1571; x_wconf 87' lang='lat' dir='ltr'>Pars</span> <span class='ocrx_word' id='word_1_447' title='bbox 1614 1533 1719 1583; x_wconf 87' lang='lat' dir='ltr'>prior</span> <span class='ocrx_word' id='word_1_448' title='bbox 1747 1531 1797 1570; x_wconf 89' lang='lat' dir='ltr'>ad</span> <span class='ocrx_word' id='word_1_449' title='bbox 1828 1531 2032 1569; x_wconf 82' lang='lat' dir='ltr'>historiam</span> <span class='ocrx_word' id='word_1_450' title='bbox 2074 1531 2208 1581; x_wconf 86' lang='lat' dir='ltr'>pot-ius</span> <span class='ocrx_word' id='word_1_451' title='bbox 2237 1531 2447 1570; x_wconf 84' lang='lat' dir='ltr'>universa—</span> 
     </span>
     <span class='ocr_line' id='line_1_75' title="bbox 1491 1592 2447 1644; baseline -0.005 -11"><span class='ocrx_word' id='word_1_452' title='bbox 1491 1594 1569 1633; x_wconf 87' lang='lat' dir='ltr'>lem</span> <span class='ocrx_word' id='word_1_453' title='bbox 1599 1598 1781 1644; x_wconf 85' lang='lat' dir='ltr'>spectat,</span> <span class='ocrx_word' id='word_1_454' title='bbox 1810 1593 2004 1644; x_wconf 89' lang='lat' dir='ltr'>posterior</span> <span class='ocrx_word' id='word_1_455' title='bbox 2033 1592 2273 1642; x_wconf 86' lang='lat' dir='ltr'>Thuringica</span> <span class='ocrx_word' id='word_1_456' title='bbox 2297 1592 2447 1642; x_wconf 85' lang='lat' dir='ltr'>praeci-</span> 
     </span>
     <span class='ocr_line' id='line_1_76' title="bbox 1492 1654 1772 1705; baseline -0.007 -11"><span class='ocrx_word' id='word_1_457' title='bbox 1492 1666 1569 1705; x_wconf 88' lang='lat' dir='ltr'>pue</span> <span class='ocrx_word' id='word_1_458' title='bbox 1598 1654 1772 1693; x_wconf 83' lang='lat' dir='ltr'>exhibet.</span> 
     </span>
    </p>

    <p class='ocr_par' dir='ltr' id='par_1_14' title="bbox 1493 1711 2452 2011">
     <span class='ocr_line' id='line_1_77' title="bbox 1545 1711 2448 1765; baseline -0.006 -10"><span class='ocrx_word' id='word_1_459' title='bbox 1545 1715 1695 1755; x_wconf 85' lang='lat' dir='ltr'>Eodem</span> <span class='ocrx_word' id='word_1_460' title='bbox 1728 1716 1888 1753; x_wconf 85' lang='lat' dir='ltr'>nomine</span> <span class='ocrx_word' id='word_1_461' title='bbox 1918 1713 2160 1765; x_wconf 88' lang='lat' dir='ltr'>quibusdam</span> <span class='ocrx_word' id='word_1_462' title='bbox 2194 1714 2305 1753; x_wconf 85' lang='lat' dir='ltr'>venit</span> <span class='ocrx_word' id='word_1_463' title='bbox 2322 1711 2448 1753; x_wconf 80' lang='lat' dir='ltr'>Chro-</span> 
     </span>
     <span class='ocr_line' id='line_1_78' title="bbox 1493 1774 2450 1827; baseline -0.003 -12"><span class='ocrx_word' id='word_1_464' title='bbox 1493 1776 1608 1816; x_wconf 86' lang='lat' dir='ltr'>nicon</span> <span class='ocrx_word' id='word_1_465' title='bbox 1638 1777 1777 1817; x_wconf 87' lang='lat' dir='ltr'>Montis</span> <span class='ocrx_word' id='word_1_466' title='bbox 1805 1775 1969 1823; x_wconf 80' lang='lat' dir='ltr'>Sereni,</span> <span class='ocrx_word' id='word_1_467' title='bbox 1999 1777 2090 1827; x_wconf 90' lang='lat' dir='ltr'>quia</span> <span class='ocrx_word' id='word_1_468' title='bbox 2122 1774 2218 1815; x_wconf 93' lang='lat' dir='ltr'>illud</span> <span class='ocrx_word' id='word_1_469' title='bbox 2250 1779 2450 1813; x_wconf 86' lang='lat' dir='ltr'>monaste-</span> 
     </span>
     <span class='ocr_line' id='line_1_79' title="bbox 1495 1835 2452 1887; baseline -0.003 -10"><span class='ocrx_word' id='word_1_470' title='bbox 1495 1839 1596 1878; x_wconf 90' lang='lat' dir='ltr'>rium</span> <span class='ocrx_word' id='word_1_471' title='bbox 1628 1840 1667 1878; x_wconf 92' lang='lat' dir='ltr'>S.</span> <span class='ocrx_word' id='word_1_472' title='bbox 1696 1840 1811 1877; x_wconf 89' lang='lat' dir='ltr'>Petro</span> <span class='ocrx_word' id='word_1_473' title='bbox 1839 1837 2065 1877; x_wconf 86' lang='lat' dir='ltr'>dedicatum</span> <span class='ocrx_word' id='word_1_474' title='bbox 2098 1837 2186 1877; x_wconf 83' lang='lat' dir='ltr'>fuit.-</span> <span class='ocrx_word' id='word_1_475' title='bbox 2211 1835 2260 1875; x_wconf 85' lang='lat' dir='ltr'>de</span> <span class='ocrx_word' id='word_1_476' title='bbox 2280 1846 2359 1887; x_wconf 93' lang='lat' dir='ltr'>quo</span> <span class='ocrx_word' id='word_1_477' title='bbox 2382 1845 2452 1874; x_wconf 89' lang='lat' dir='ltr'>su-</span> 
     </span>
     <span class='ocr_line' id='line_1_80' title="bbox 1504 1897 2451 1952; baseline -0.002 -14"><span class='ocrx_word' id='word_1_478' title='bbox 1504 1912 1572 1952; x_wconf 88' lang='lat' dir='ltr'>pra</span> <span class='ocrx_word' id='word_1_479' title='bbox 1602 1905 1735 1940; x_wconf 86' lang='lat' dir='ltr'>actum</span> <span class='ocrx_word' id='word_1_480' title='bbox 1766 1905 1829 1939; x_wconf 86' lang='lat' dir='ltr'>est</span> <span class='ocrx_word' id='word_1_481' title='bbox 1857 1904 1964 1939; x_wconf 87' lang='lat' dir='ltr'>tomo</span> <span class='ocrx_word' id='word_1_482' title='bbox 1995 1899 2116 1939; x_wconf 88' lang='lat' dir='ltr'>1.sub</span> <span class='ocrx_word' id='word_1_483' title='bbox 2133 1897 2321 1940; x_wconf 85' lang='lat' dir='ltr'>Conrado</span> <span class='ocrx_word' id='word_1_484' title='bbox 2346 1897 2451 1937; x_wconf 85' lang='lat' dir='ltr'>Lau·</span> 
     </span>
     <span class='ocr_line' id='line_1_81' title="bbox 1500 1959 1731 2011; baseline -0.004 -12"><span class='ocrx_word' id='word_1_485' title='bbox 1500 1959 1731 2011; x_wconf 71' lang='lat' dir='ltr'>teberyensi.</span> 
     </span>
    </p>

    <p class='ocr_par' dir='ltr' id='par_1_15' title="bbox 1497 2020 2453 2372">
     <span class='ocr_line' id='line_1_82' title="bbox 1551 2020 2452 2069; baseline -0.003 -8"><span class='ocrx_word' id='word_1_486' title='bbox 1551 2024 1720 2061; x_wconf 85' lang='lat' dir='ltr'>Joannes</span> <span class='ocrx_word' id='word_1_487' title='bbox 1745 2021 1918 2061; x_wconf 85' lang='lat' dir='ltr'>Lucilius</span> <span class='ocrx_word' id='word_1_488' title='bbox 1935 2021 2270 2069; x_wconf 86' lang='lat' dir='ltr'>SANTRITTER‚</span> <span class='ocrx_word' id='word_1_489' title='bbox 2287 2020 2452 2059; x_wconf 81' lang='lat' dir='ltr'>Germa-</span> 
     </span>
     <span class='ocr_line' id='line_1_83' title="bbox 1500 2081 2453 2133; baseline -0.005 -9"><span class='ocrx_word' id='word_1_490' title='bbox 1500 2095 1601 2132; x_wconf 89' lang='lat' dir='ltr'>nus,</span> <span class='ocrx_word' id='word_1_491' title='bbox 1626 2085 1675 2123; x_wconf 90' lang='lat' dir='ltr'>de</span> <span class='ocrx_word' id='word_1_492' title='bbox 1700 2086 1823 2123; x_wconf 81' lang='lat' dir='ltr'>Fonte</span> <span class='ocrx_word' id='word_1_493' title='bbox 1851 2084 2025 2131; x_wconf 85' lang='lat' dir='ltr'>Salutis,</span> <span class='ocrx_word' id='word_1_494' title='bbox 2056 2083 2176 2133; x_wconf 82' lang='lat' dir='ltr'>vulgo</span> <span class='ocrx_word' id='word_1_495' title='bbox 2197 2082 2330 2121; x_wconf 88' lang='lat' dir='ltr'>dictus</span> <span class='ocrx_word' id='word_1_496' title='bbox 2350 2081 2453 2120; x_wconf 85' lang='lat' dir='ltr'>Heil-</span> 
     </span>
     <span class='ocr_line' id='line_1_84' title="bbox 1499 2139 2449 2195; baseline -0.005 -10"><span class='ocrx_word' id='word_1_497' title='bbox 1499 2146 1767 2193; x_wconf 79' lang='lat' dir='ltr'>brunnensis,</span> <span class='ocrx_word' id='word_1_498' title='bbox 1798 2144 1881 2183; x_wconf 86' lang='lat' dir='ltr'>edit</span> <span class='ocrx_word' id='word_1_499' title='bbox 1915 2142 2086 2183; x_wconf 85' lang='lat' dir='ltr'>Tabulas</span> <span class='ocrx_word' id='word_1_500' title='bbox 2113 2142 2384 2195; x_wconf 80' lang='lat' dir='ltr'>Alphonsinas</span> <span class='ocrx_word' id='word_1_501' title='bbox 2408 2139 2449 2180; x_wconf 76' lang='lat' dir='ltr'>in</span> 
     </span>
     <span class='ocr_line' id='line_1_85' title="bbox 1497 2203 2450 2260; baseline -0.005 -14"><span class='ocrx_word' id='word_1_502' title='bbox 1497 2206 1733 2260; x_wconf 79' lang='lat' dir='ltr'>facillimum</span> <span class='ocrx_word' id='word_1_503' title='bbox 1764 2205 1941 2245; x_wconf 86' lang='lat' dir='ltr'>ordinem</span> <span class='ocrx_word' id='word_1_504' title='bbox 1957 2205 2156 2253; x_wconf 85' lang='lat' dir='ltr'>redactas,</span> <span class='ocrx_word' id='word_1_505' title='bbox 2172 2205 2311 2244; x_wconf 86' lang='lat' dir='ltr'>Venet.</span> <span class='ocrx_word' id='word_1_506' title='bbox 2333 2203 2450 2243; x_wconf 73' lang='lat'><strong>⁴492.</strong></span> 
     </span>
     <span class='ocr_line' id='line_1_86' title="bbox 1503 2263 2452 2318; baseline -0.007 -9"><span class='ocrx_word' id='word_1_507' title='bbox 1503 2271 1537 2309; x_wconf 78' lang='lat'>4.</span> <span class='ocrx_word' id='word_1_508' title='bbox 1568 2271 1636 2309; x_wconf 87' lang='lat' dir='ltr'>Nic</span> <span class='ocrx_word' id='word_1_509' title='bbox 1664 2268 1864 2308; x_wconf 86' lang='lat' dir='ltr'>Antonius</span> <span class='ocrx_word' id='word_1_510' title='bbox 1893 2268 1991 2307; x_wconf 87' lang='lat' dir='ltr'>Bibl.</span> <span class='ocrx_word' id='word_1_511' title='bbox 2021 2269 2191 2318; x_wconf 83' lang='lat' dir='ltr'>Hispana</span> <span class='ocrx_word' id='word_1_512' title='bbox 2222 2266 2309 2304; x_wconf 90' lang='lat' dir='ltr'>Vet.</span> <span class='ocrx_word' id='word_1_513' title='bbox 2351 2263 2452 2304; x_wconf 90' lang='lat' dir='ltr'>Vlll.</span> 
     </span>
     <span class='ocr_line' id='line_1_87' title="bbox 1502 2331 1730 2372; baseline -0.013 -1"><span class='ocrx_word' id='word_1_514' title='bbox 1502 2334 1539 2372; x_wconf 79' lang='grc'>5.</span> <span class='ocrx_word' id='word_1_515' title='bbox 1569 2343 1606 2370; x_wconf 83' lang='lat' dir='ltr'>n.</span> <span class='ocrx_word' id='word_1_516' title='bbox 1638 2331 1730 2369; x_wconf 71' lang='lat'>202.</span> 
     </span>
    </p>

    <p class='ocr_par' dir='ltr' id='par_1_16' title="bbox 1501 2387 2509 2751">
     <span class='ocr_line' id='line_1_88' title="bbox 1557 2387 2456 2439; baseline -0.009 -5"><span class='ocrx_word' id='word_1_517' title='bbox 1557 2393 1778 2434; x_wconf 80' lang='lat' dir='ltr'>Chronicon</span> <span class='ocrx_word' id='word_1_518' title='bbox 1806 2388 2232 2438; x_wconf 83' lang='lat' dir='ltr'>SAVIGNIACENSE,</span> <span class='ocrx_word' id='word_1_519' title='bbox 2251 2387 2356 2439; x_wconf 89' lang='lat' dir='ltr'>quod</span> <span class='ocrx_word' id='word_1_520' title='bbox 2375 2397 2456 2426; x_wconf 90' lang='lat' dir='ltr'>mo-</span> 
     </span>
     <span class='ocr_line' id='line_1_89' title="bbox 1501 2448 2455 2494; baseline -0.007 0"><span class='ocrx_word' id='word_1_521' title='bbox 1501 2456 1720 2494; x_wconf 87' lang='lat' dir='ltr'>nasterium</span> <span class='ocrx_word' id='word_1_522' title='bbox 1752 2455 1789 2491; x_wconf 88' lang='lat' dir='ltr'>in</span> <span class='ocrx_word' id='word_1_523' title='bbox 1821 2453 1985 2491; x_wconf 90' lang='lat' dir='ltr'>minoris</span> <span class='ocrx_word' id='word_1_524' title='bbox 2014 2451 2240 2490; x_wconf 85' lang='lat' dir='ltr'>Britanniae</span> <span class='ocrx_word' id='word_1_525' title='bbox 2282 2453 2322 2488; x_wconf 90' lang='lat' dir='ltr'>et</span> <span class='ocrx_word' id='word_1_526' title='bbox 2361 2448 2455 2488; x_wconf 87' lang='lat' dir='ltr'>Nor-</span> 
     </span>
     <span class='ocr_line' id='line_1_90' title="bbox 1503 2510 2455 2561; baseline -0.007 -6"><span class='ocrx_word' id='word_1_527' title='bbox 1503 2517 1685 2556; x_wconf 85' lang='lat' dir='ltr'>manniae</span> <span class='ocrx_word' id='word_1_528' title='bbox 1714 2515 1860 2553; x_wconf 82' lang='lat' dir='ltr'>finibus</span> <span class='ocrx_word' id='word_1_529' title='bbox 1889 2515 2010 2552; x_wconf 91' lang='lat' dir='ltr'>situm</span> <span class='ocrx_word' id='word_1_530' title='bbox 2041 2516 2131 2561; x_wconf 80' lang='lat' dir='ltr'>est,</span> <span class='ocrx_word' id='word_1_531' title='bbox 2155 2510 2388 2551; x_wconf 75' lang='grc'>3113.1112.</span> <span class='ocrx_word' id='word_1_532' title='bbox 2407 2510 2455 2548; x_wconf 87' lang='lat' dir='ltr'>ad</span> 
     </span>
     <span class='ocr_line' id='line_1_91' title="bbox 1504 2571 2459 2625; baseline -0.008 -8"><span class='ocrx_word' id='word_1_533' title='bbox 1504 2578 1619 2618; x_wconf 85' lang='grc'>1300.</span> <span class='ocrx_word' id='word_1_534' title='bbox 1650 2588 1714 2616; x_wconf 84' lang='lat' dir='ltr'>res</span> <span class='ocrx_word' id='word_1_535' title='bbox 1743 2576 1914 2615; x_wconf 87' lang='lat' dir='ltr'>Gallicas</span> <span class='ocrx_word' id='word_1_536' title='bbox 1944 2574 2249 2625; x_wconf 85' lang='lat' dir='ltr'>complectitur,</span> <span class='ocrx_word' id='word_1_537' title='bbox 2293 2577 2334 2611; x_wconf 89' lang='lat' dir='ltr'>et</span> <span class='ocrx_word' id='word_1_538' title='bbox 2376 2571 2459 2610; x_wconf 87' lang='lat' dir='ltr'>edi-</span> 
     </span>
     <span class='ocr_line' id='line_1_92' title="bbox 1503 2632 2457 2679; baseline -0.009 0"><span class='ocrx_word' id='word_1_539' title='bbox 1503 2644 1589 2679; x_wconf 90' lang='lat' dir='ltr'>tum</span> <span class='ocrx_word' id='word_1_540' title='bbox 1619 2643 1683 2678; x_wconf 91' lang='lat' dir='ltr'>est</span> <span class='ocrx_word' id='word_1_541' title='bbox 1711 2650 1732 2677; x_wconf 87' lang='lat' dir='ltr'>a</span> <span class='ocrx_word' id='word_1_542' title='bbox 1763 2637 1923 2676; x_wconf 89' lang='lat' dir='ltr'>Baluzio</span> <span class='ocrx_word' id='word_1_543' title='bbox 1956 2640 2065 2674; x_wconf 90' lang='lat' dir='ltr'>tomo</span> <span class='ocrx_word' id='word_1_544' title='bbox 2098 2635 2144 2673; x_wconf 88' lang='lat'>11.</span> <span class='ocrx_word' id='word_1_545' title='bbox 2189 2632 2457 2674; x_wconf 79' lang='lat' dir='ltr'>Miscellaneo—</span> 
     </span>
     <span class='ocr_line' id='line_1_93' title="bbox 1504 2699 2509 2751; baseline -0.008 -12"><span class='ocrx_word' id='word_1_546' title='bbox 1504 2712 1592 2740; x_wconf 92' lang='lat' dir='ltr'>rum</span> <span class='ocrx_word' id='word_1_547' title='bbox 1624 2712 1710 2751; x_wconf 85' lang='lat' dir='ltr'>pag.</span> <span class='ocrx_word' id='word_1_548' title='bbox 1743 2699 1834 2737; x_wconf 87' lang='grc'>310.</span> <span class='ocrx_word' id='word_1_549' title='bbox 2507 2712 2509 2715; x_wconf 87' lang='grc'><em>·</em></span> 
     </span>
    </p>

    <p class='ocr_par' dir='ltr' id='par_1_17' title="bbox 1503 2753 2461 3178">
     <span class='ocr_line' id='line_1_94' title="bbox 1560 2753 2458 2808; baseline -0.01 -7"><span class='ocrx_word' id='word_1_550' title='bbox 1560 2759 1867 2801; x_wconf 84' lang='lat' dir='ltr'>SASCOLINUS</span> <span class='ocrx_word' id='word_1_551' title='bbox 1893 2759 1985 2808; x_wconf 85' lang='lat'><em>(309</em></span> <span class='ocrx_word' id='word_1_552' title='bbox 2007 2755 2209 2797; x_wconf 83' lang='lat' dir='ltr'>Sassolini</span> <span class='ocrx_word' id='word_1_553' title='bbox 2228 2753 2394 2795; x_wconf 86' lang='lat' dir='ltr'>Antonio</span> <span class='ocrx_word' id='word_1_554' title='bbox 2419 2754 2458 2793; x_wconf 89' lang='lat' dir='ltr'><strong>V.</strong></span> 
     </span>
     <span class='ocr_line' id='line_1_95' title="bbox 1506 2815 2455 2873; baseline -0.009 -11"><span class='ocrx_word' id='word_1_555' title='bbox 1506 2823 1631 2873; x_wconf 69' lang='lat' dir='ltr'>Neyri</span> <span class='ocrx_word' id='word_1_556' title='bbox 1647 2822 1782 2861; x_wconf 85' lang='lat' dir='ltr'>Scritt.</span> <span class='ocrx_word' id='word_1_557' title='bbox 1804 2821 1911 2859; x_wconf 90' lang='lat' dir='ltr'>Fior.</span> <span class='ocrx_word' id='word_1_558' title='bbox 1931 2832 1965 2871; x_wconf 90' lang='lat' dir='ltr'>p.</span> <span class='ocrx_word' id='word_1_559' title='bbox 1983 2819 2060 2867; x_wconf 87' lang='grc'>69.)</span> <span class='ocrx_word' id='word_1_560' title='bbox 2078 2818 2343 2864; x_wconf 66' lang='lat' dir='ltr'>Florentium,</span> <span class='ocrx_word' id='word_1_561' title='bbox 2361 2815 2455 2854; x_wconf 84' lang='lat' dir='ltr'>Ord.</span> 
     </span>
     <span class='ocr_line' id='line_1_96' title="bbox 1505 2879 2459 2932; baseline -0.008 -9"><span class='ocrx_word' id='word_1_562' title='bbox 1505 2887 1595 2924; x_wconf 91' lang='lat' dir='ltr'>Min.</span> <span class='ocrx_word' id='word_1_563' title='bbox 1626 2885 1804 2922; x_wconf 86' lang='lat' dir='ltr'>Minister</span> <span class='ocrx_word' id='word_1_564' title='bbox 1842 2880 2063 2932; x_wconf 85' lang='lat' dir='ltr'>generalis,</span> <span class='ocrx_word' id='word_1_565' title='bbox 2105 2883 2195 2930; x_wconf 87' lang='lat' dir='ltr'>post</span> <span class='ocrx_word' id='word_1_566' title='bbox 2238 2879 2459 2928; x_wconf 83' lang='lat' dir='ltr'>Episcopus</span> 
     </span>
     <span class='ocr_line' id='line_1_97' title="bbox 1505 2938 2460 2988; baseline -0.012 -2"><span class='ocrx_word' id='word_1_567' title='bbox 1505 2947 1744 2986; x_wconf 79' lang='lat' dir='ltr'>Minerbinae</span> <span class='ocrx_word' id='word_1_568' title='bbox 1763 2946 1799 2982; x_wconf 91' lang='lat' dir='ltr'>in</span> <span class='ocrx_word' id='word_1_569' title='bbox 1823 2944 2014 2988; x_wconf 88' lang='lat' dir='ltr'>Calabria,</span> <span class='ocrx_word' id='word_1_570' title='bbox 2031 2953 2063 2981; x_wconf 90' lang='lat' dir='ltr'>a.</span> <span class='ocrx_word' id='word_1_571' title='bbox 2083 2942 2200 2981; x_wconf 80' lang='grc'>1519.</span> <span class='ocrx_word' id='word_1_572' title='bbox 2216 2939 2339 2979; x_wconf 88' lang='lat' dir='ltr'>edidit</span> <span class='ocrx_word' id='word_1_573' title='bbox 2357 2938 2460 2978; x_wconf 84' lang='lat' dir='ltr'>Con-</span> 
     </span>
     <span class='ocr_line' id='line_1_98' title="bbox 1504 3000 2461 3053; baseline -0.009 -7"><span class='ocrx_word' id='word_1_574' title='bbox 1504 3008 1690 3047; x_wconf 83' lang='lat' dir='ltr'>scientiae</span> <span class='ocrx_word' id='word_1_575' title='bbox 1716 3004 2003 3044; x_wconf 85' lang='lat' dir='ltr'>illuminacula.</span> <span class='ocrx_word' id='word_1_576' title='bbox 2022 3003 2273 3053; x_wconf 85' lang='lat' dir='ltr'>Waddingus</span> <span class='ocrx_word' id='word_1_577' title='bbox 2299 3000 2350 3040; x_wconf 88' lang='lat' dir='ltr'>de</span> <span class='ocrx_word' id='word_1_578' title='bbox 2365 3001 2461 3039; x_wconf 89' lang='lat' dir='ltr'>scri-</span> 
     </span>
     <span class='ocr_line' id='line_1_99' title="bbox 1505 3060 2458 3121; baseline -0.01 -13"><span class='ocrx_word' id='word_1_579' title='bbox 1505 3076 1547 3121; x_wconf 82' lang='lat' dir='ltr'>pt.</span> <span class='ocrx_word' id='word_1_580' title='bbox 1582 3069 1675 3110; x_wconf 90' lang='lat' dir='ltr'>Ord.</span> <span class='ocrx_word' id='word_1_581' title='bbox 1704 3071 1840 3108; x_wconf 86' lang='lat' dir='ltr'>Minor.</span> <span class='ocrx_word' id='word_1_582' title='bbox 1871 3079 1957 3118; x_wconf 82' lang='lat' dir='ltr'>pag.</span> <span class='ocrx_word' id='word_1_583' title='bbox 1988 3066 2080 3105; x_wconf 78' lang='grc'>314.</span> <span class='ocrx_word' id='word_1_584' title='bbox 2109 3063 2248 3102; x_wconf 90' lang='lat' dir='ltr'>Willot</span> <span class='ocrx_word' id='word_1_585' title='bbox 2277 3060 2458 3101; x_wconf 84' lang='lat' dir='ltr'>Athenae</span> 
     </span>
     <span class='ocr_line' id='line_1_100' title="bbox 1503 3126 2139 3178; baseline -0.009 -8"><span class='ocrx_word' id='word_1_586' title='bbox 1503 3132 1670 3170; x_wconf 89' lang='lat' dir='ltr'>sodalitii</span> <span class='ocrx_word' id='word_1_587' title='bbox 1701 3129 1949 3169; x_wconf 88' lang='lat' dir='ltr'>Franciscani</span> <span class='ocrx_word' id='word_1_588' title='bbox 1981 3140 2016 3178; x_wconf 87' lang='lat' dir='ltr'>p.</span> <span class='ocrx_word' id='word_1_589' title='bbox 2049 3126 2139 3166; x_wconf 87' lang='grc'>322.</span> 
     </span>
    </p>

    <p class='ocr_par' dir='ltr' id='par_1_18' title="bbox 1506 3183 2463 3294">
     <span class='ocr_line' id='line_1_101' title="bbox 1558 3183 2463 3244; baseline -0.014 -12"><span class='ocrx_word' id='word_1_590' title='bbox 1558 3193 1578 3215; x_wconf 76' lang='lat'><em>*</em></span> <span class='ocrx_word' id='word_1_591' title='bbox 1598 3193 1864 3244; x_wconf 75' lang='lat' dir='ltr'>Hieronymus</span> <span class='ocrx_word' id='word_1_592' title='bbox 1886 3186 2219 3229; x_wconf 85' lang='lat' dir='ltr'>SAVONAROLA</span> <span class='ocrx_word' id='word_1_593' title='bbox 2239 3183 2463 3224; x_wconf 83' lang='lat' dir='ltr'>Ferrarien-</span> 
     </span>
     <span class='ocr_line' id='line_1_102' title="bbox 1506 3244 2462 3294; baseline -0.016 1"><span class='ocrx_word' id='word_1_594' title='bbox 1506 3257 1560 3294; x_wconf 80' lang='lat' dir='ltr'>sis</span> <span class='ocrx_word' id='word_1_595' title='bbox 1578 3255 1669 3294; x_wconf 90' lang='lat' dir='ltr'>Ord.</span> <span class='ocrx_word' id='word_1_596' title='bbox 1690 3254 2008 3293; x_wconf 75' lang='lat' dir='ltr'>Praedicatorum</span> <span class='ocrx_word' id='word_1_597' title='bbox 2034 3251 2072 3288; x_wconf 89' lang='lat' dir='ltr'>in</span> <span class='ocrx_word' id='word_1_598' title='bbox 2093 3246 2280 3288; x_wconf 86' lang='lat' dir='ltr'>coenobio</span> <span class='ocrx_word' id='word_1_599' title='bbox 2302 3244 2343 3283; x_wconf 89' lang='lat' dir='ltr'>S.</span> <span class='ocrx_word' id='word_1_600' title='bbox 2364 3244 2462 3282; x_wconf 89' lang='lat' dir='ltr'>Mar-</span> 
     </span>
    </p>
   </div>
  </div>
 </body>
</html>
