2533 4009
468 231 543 270 510

465 300 672 350 primarius
693 296 759 332 suit
784 321 789 327 .
811 292 885 327 vir·
903 290 1045 338 ingenii
1066 287 1209 324 festivi.
1225 283 1417 322 Arbor-em

464 363 653 399 actionum
677 368 696 393 a
726 356 781 390 Jo.
808 351 996 388 Bossiano
1021 347 1283 396 excogitatam
1315 346 1419 383 locu-

465 421 627 471 phstavit
658 429 664 452 :
711 413 871 461 scripsit
915 415 1115 460 practerea
1168 406 1421 455 Quaestz'ones

462 477 710 520 sabbatinus.
734 475 937 512 Summam
968 481 1088 521 super
1116 470 1188 507 Jus
1217 469 1343 515 civile,
1373 469 1418 508 de

462 538 597 578 libellis
618 540 654 574 et
667 537 762 573 Jure
781 531 996 579 szonico,
1014 531 1233 570 secundum
1252 532 1418 569 formam

462 605 497 638 in
524 602 692 643 Romana
715 597 830 634 Curia
856 595 1147 644 frequentatam
1167 607 1173 630 :
1195 593 1256 631 liic
1279 592 1420 646 prodiit

459 660 578 710 Lugd.
622 657 724 708 apud
769 655 971 694 matthiam
1016 655 1260 693 Bonhomme
1305 655 1418 693 1538.

459 720 699 761 l‘ancirollus
729 718 777 756 de
806 718 923 756 claris
956 719 1105 767 Legum
1137 717 1420 766 interpretibus

465 785 507 821 ll.
531 782 591 820 28.
615 783 731 820 Bern.
751 779 799 817 de
820 779 1067 818 Montfaucon
1090 778 1186 816 Bibl.
1210 776 1420 816 Bibliothe-

458 855 592 883 carum
619 841 724 881 MSS.
746 853 783 892 p.
805 841 922 880 1085.
947 839 1061 879 1380.
1086 839 1199 877 1287.
1224 839 1312 877 221.
1332 840 1422 876 Pos-

459 906 624 943 sevinus
649 909 754 941 toino
780 903 824 940 11.
864 903 1090 952 Apparatus
1120 912 1155 950 p.
1187 900 1278 939 350.
1310 900 1418 938 Idem

457 966 600 1004 dicitur
641 962 887 1016 Odofredus,
924 962 973 1000 de
1013 973 1091 1011 quo
1130 965 1265 999 noster
1301 971 1420 1010 supra

458 1034 550 1065 tom.
578 1028 620 1065 V.
647 1037 734 1076 pag.
759 1026 845 1062 469.
868 1024 1009 1062 Felleri
1036 1022 1158 1062 Catal.
1184 1022 1288 1061 MSS.
1323 1022 1419 1060 Bibl.

466 1089 662 1127 Paullinae
689 1098 772 1137 pag.
797 1086 887 1124 226.
913 1086 1003 1123 211.

510 1147 786 1188 ROFFRIDUS
805 1177 812 1193 7
832 1147 964 1185 Abbas
982 1146 1214 1184 Casinensis
1229 1149 1269 1183 et
1288 1145 1423 1183 Cardi—

459 1213 558 1250 nalis
578 1223 611 1249 3.
639 1210 753 1249 1189.
780 1207 899 1258 eujus
927 1207 1103 1258 Epistola
1143 1207 1189 1245 ad
1229 1209 1420 1244 Joanncm

454 1274 502 1311 de
526 1273 689 1312 Salerno
707 1270 838 1309 Presb.
870 1268 1122 1307 Cardinalem
1165 1268 1342 1318 Angelus
1371 1267 1420 1305 de

455 1336 562 1375 Nuce
586 1333 707 1372 edidit
733 1334 769 1370 in
811 1335 946 1370 annot.
985 1330 1033 1369 ad
1071 1331 1198 1368 Vitam
1239 1330 1422 1368 S.Bcne-

458 1397 552 1434 dicti
573 1407 606 1434 c.
639 1396 702 1434 18.

512 1456 775 1500 ROGERIUS„
800 1453 1074 1493 Abelli'mensis
1105 1454 1351 1504 Episcopus,
1374 1453 1422 1491 ab

465 1530 569 1558 anno
619 1518 741 1557 1219.
792 1517 950 1567 scripsit
1002 1515 1103 1553 Acca
1151 1513 1423 1553 translacionis

468 1584 691 1632 martyrum
716 1577 1036 1625 .›lbell1'nens1'um,
1069 1587 1170 1626 quac
1199 1581 1360 1614 exstant
1385 1577 1421 1612 in

462 1643 573 1680 Actis
614 1641 850 1679 Sanctorum
893 1643 987 1676 tom.
1031 1638 1073 1677 11.
1111 1638 1220 1676 Febr.
1255 1649 1289 1687 p.
1332 1636 1423 1675 7612.

464 1704 652 1755 Ughcllus
677 1708 781 1741 tomo
807 1702 904 1739 Vlll.
928 1714 962 1751 p.
987 1701 1073 1739 494.

523 1763 805 1811 ROGERIUS,
849 1764 954 1801 Prior
993 1762 1031 1800 S.
1073 1761 1252 1800 Abrahae
1278 1789 1285 1807 ,
1323 1761 1425 1797 circa

463 1839 499 1866 a.
522 1827 636 1866 1170.
666 1826 832 1876 Scripsit
856 1822 1074 1875 Epistolam
1108 1822 1155 1861 ad
1192 1821 1425 1860 Gaufridurn

471 1887 723 1937 Subpriorcm
749 1917 756 1933 ,
795 1890 883 1936 post
922 1887 1095 1923 Priorem
1153 1888 1188 1921 et
1233 1882 1425 1920 Abbatcm

466 1949 503 1986 S.
526 1948 664 1986 Annae
700 1948 920 1985 Monasterii
957 1945 1238 1995 Baugeziensis
1264 1945 1300 1981 in
1326 1942 1428 1980 Neu-

478 2011 587 2058 stria,
605 2020 723 2060 quam
750 2008 872 2047 habes
891 2006 993 2057 apud
1015 2008 1189 2045 Martcne
1209 2010 1249 2043 et
1268 2002 1427 2043 Dur-and

469 2072 585 2109 Thes.
611 2081 714 2108 novo
739 2068 1031 2108 Anecdotorum
1057 2072 1151 2105 tom.
1183 2068 1208 2105 1.
1227 2078 1262 2116 p.
1289 2066 1376 2104 518.

521 2131 754 2171 ROGERUS
774 2128 964 2176 Albanus,
986 2130 1152 2179 Angius‚
1171 2128 1292 2178 patria
1314 2128 1427 2165 Hart-

465 2193 684 2239 foi-diensis,
706 2203 754 2230 cx
779 2190 920 2241 oppido
941 2190 981 2228 S.
1024 2190 1162 2228 Albani
1201 2187 1393 2226 oriundus
1413 2217 1422 2233 ,

461 2254 610 2292 ordinis
633 2252 886 2292 Carmelitani
912 2251 1131 2289 monachus
1148 2249 1423 2297 Londinensis,

463 2317 565 2354 circa
585 2314 748 2353 31150.
758 2310 1215 2363 ReliquitCompendium
1227 2309 1424 2350 Historia-

462 2388 553 2414 rum
577 2374 730 2414 Bibliae
754 2378 792 2413 et
823 2373 1057 2424 Proyenz'em
1082 2373 1233 2422 Reyum
1264 2371 1422 2410 Britan-

463 2438 550 2476 niae
581 2438 748 2476 Balaeus
764 2436 929 2475 Centur.
945 2436 1032 2474 Xll.
1047 2435 1110 2473 71,
1129 2435 1262 2473 Piteus
1279 2445 1312 2472 c.
1331 2434 1420 2471 840.

516 2499 747 2539 ROGERUS
769 2498 902 2538 Abbas
923 2499 964 2535 B.
986 2498 1140 2535 Evurtii
1161 2494 1422 2534 Aurelianen-

462 2562 537 2609 sis,
562 2563 663 2599 circa
694 2572 729 2599 3.
766 2560 878 2600 1150.
917 2558 1082 2608 Scripsit
1119 2556 1333 2608 Epistolam
1371 2555 1420 2595 ad

464 2623 679 2662 monachos
705 2623 742 2662 S.
775 2622 983 2660 Audoneni
1009 2620 1350 2669 Rothomagcnsis,
1371 2617 1419 2656 de

464 2686 691 2722 inventione
703 2684 907 2723 B.Evurtii
927 2693 1029 2732 quae
1045 2685 1154 2719 extat
1171 2681 1419 2730 ep.Martene

462 2745 669 2785 ctDurand
690 2745 806 2784 Thes.
826 2755 928 2782 novo
946 2742 1216 2781 Anedotorum
1236 2746 1262 2779 t.
1286 2742 1310 2779 Ι.
1329 2741 1418 2779 413.

517 2806 779 2852 ΒΟΟΕΒΙΗΞ,
798 2806 1022 2855 Episcopus
1046 2804 1216 2853 primum
1238 2802 1422 2841 Aurelia-

465 2868 595 2906 nensis
620 2873 660 2905 et
684 2866 1005 2912 Lemovicensis,
1032 2869 1119 2914 post
1149 2864 1422 2914 Archiepisco-

465 2940 538 2978 pus
559 2927 830 2975 matricensis,
850 2931 1031 2964 mortuus
1050 2936 1085 2962 3.
1108 2925 1220 2964 1367.
1240 2926 1422 2963 Aureliae

464 2991 534 3027 Jus
554 2992 786 3029 canonicum
806 2994 846 3027 et
862 2988 978 3026 civile
1010 2987 1170 3033 docuit,
1191 2991 1231 3024 ct
1264 2988 1423 3024 Tracta-

472 3055 554 3088 tum
581 3051 626 3089 (le
646 3049 876 3090 fictionibus
901 3049 1071 3098 scripsit,
1095 3049 1161 3097 qui
1186 3059 1234 3086 an
1268 3049 1420 3097 uspiam

469 3116 590 3159 extet,
613 3124 687 3150 non
709 3114 831 3151 habeo
848 3115 1109 3161 compertum.
1130 3109 1225 3148 Vide
1243 3110 1338 3148 Acta
1355 3109 1422 3147 SS.

469 3177 561 3209 tom.
587 3175 612 3210 l.
640 3176 763 3212 Martii
789 3187 824 3224 p.
855 3176 943 3213 119.
971 3173 1033 3211 ubi
1058 3174 1138 3209 vita
1177 3174 1265 3221 cJ'us
1306 3182 1423 3221 expo-

472 3233 585 3267 nitur.
609 3233 717 3271 Adde
747 3235 911 3273 Galliam
947 3234 1212 3272 Christianam
1247 3238 1352 3271 tomo
1375 3230 1422 3269 11.

470 3302 555 3338 pac.
580 3294 620 3329 81
654 3296 738 3331 332.

1290 212 1633 253 ROGERUS

1541 283 1794 324 ROGERIUS
1839 287 1967 335 Baco,
2019 288 2108 326 vide
2152 299 2271 338 supra
2304 289 2367 328 lib.
2401 291 2445 329 ΙΙ.

1494 356 1578 394 pag.
1612 344 1701 383 430.

1545 405 1781 446 ROGERUS
1812 407 1957 457 Blalce,
1987 411 2079 450 vide
2109 412 2207 450 infra
2238 411 2414 463 Niyelus.

1545 467 1796 507 ROGERlUS
1841 468 2126 521 Calcaym'nus,
2172 474 2457 522 Florentinus,

1492 527 1950 580 Ord.Praedicatorum‚
1980 532 2124 572 domus
2153 535 2190 573 S.
2220 536 2361 576 Mariae
2391 546 2460 574 no-

1494 591 1621 629 vellae
1665 591 1808 630 ibidem
1854 591 2070 641 alumnus,
2113 601 2203 645 post
2245 597 2460 648 Inquisitor-

1496 653 1532 689 in
1564 653 1705 691 Tuscia
1736 648 1898 691 tandem
1928 663 1962 691 a.
1988 653 2103 693 ⁴240.
2134 657 2356 708 Episcopus
2384 657 2459 697 Ca-

1495 715 1690 761 strensis,
1718 713 1813 752 obiit
1855 725 1890 752 3.
1935 714 2049 753 1290.
2095 716 2293 757 Laurentii
2330 719 2457 766 Galli,

1493 775 1642 813 ordinis
1671 774 1879 824 ejusdem,
1909 776 2116 814 Summam
2154 778 2341 828 Reqiam,
2371 780 2457 818 sive

1495 838 1637 875 librum
1683 836 1732 875 de
1775 836 1994 876 virtutibus
2037 842 2078 876 et
2119 838 2247 888 vitiis,
2275 851 2297 879 e
2326 841 2458 892 lingua

1493 898 1642 938 Gallica
1687 899 1724 936 in
1758 899 1935 937 italicam
1979 900 2209 947 convertit,
2239 905 2280 938 et
2308 903 2461 952 proprie

1492 961 1539 999 ad
1571 961 1674 999 hanc
1702 960 1985 998 Bibliothecam
2034 970 2109 998 non
2155 962 2355 1011 pertinet,
2385 965 2459 1001 nisi

1496 1023 1700 1061 possevini
1745 1031 1858 1059 error
1899 1022 1956 1059 sic
2000 1024 2242 1069 annotetur,
2272 1024 2339 1072 qui
2368 1025 2463 1062 titu-

1497 1085 1578 1122 lum
1611 1083 1807 1121 versionis
1839 1084 1890 1121 ita
1921 1083 2055 1132 ponit:
2083 1082 2252 1122 Eversio
2275 1083 2464 1123 vitiorum

1496 1149 1533 1183 et
1561 1143 1815 1196 consequulio
1840 1143 2047 1182 virtutum.
2076 1143 2173 1182 Vide
2209 1145 2292 1184 Jac.
2316 1145 2463 1192 Quetif.

1495 1206 1543 1245 de
1573 1206 1840 1256 scriptoribus
1870 1206 1961 1245 Ord.
2010 1204 2356 1246 Dominicanorum
2389 1212 2417 1245 t.
2451 1209 2461 1246 Ι

1495 1280 1531 1318 p.
1549 1269 1639 1307 388.
1658 1268 1869 1306 Pocciantii
1889 1268 2018 1307 Catal.
2036 1267 2282 1318 Scriptorum
2305 1269 2466 1308 Floren-

1496 1332 1670 1369 tinorum
1703 1330 1850 1379 p.459.
1881 1328 2030 1368 Julium
2061 1330 2224 1379 Nigrum
2254 1329 2304 1368 de
2335 1330 2465 1382 Scrip-

1494 1398 1566 1431 tor.
1584 1392 1821 1430 Florentinis
1851 1402 1888 1441 p.
1911 1390 1998 1428 487.
2026 1389 2230 1430 Altamura
2249 1391 2350 1441 ρ29,
2373 1393 2463 1440 (299

1495 1453 1692 1493 Finescbi.
1709 1454 1821 1491 Mem.
1840 1451 1883 1490 di
1904 1453 1944 1491 S.
1968 1452 2026 1491 M.
2049 1451 2213 1492 Novella
2233 1454 2307 1491 Fir.
2332 1453 2462 1502 1790.)

1548 1516 1806 1556 ROGERIUS
1840 1515 1967 1554 Casae
1998 1525 2119 1553 novae
2147 1513 2188 1553 in
2217 1525 2336 1566 reyno
2365 1516 2468 1555 Nea-

1492 1576 1666 1629 politano
1687 1575 1917 1623 Monachus,
1937 1578 2038 1614 vixit
2054 1577 2160 1615 circa
2177 1587 2329 1616 annum
2352 1577 2466 1616 1230.

1497 1639 1595 1688 Ejus
1624 1643 1687 1677 est
1734 1638 1818 1676 Vita
1857 1639 1899 1676 B.
1939 1636 2103 1675 Placidi.
2148 1637 2388 1676 Rhodiensis
2415 1649 2465 1675 ex

1497 1712 1590 1751 agro
1619 1699 1893 1747 Amiternino,
1925 1694 2097 1749 primum
2128 1700 2344 1747 eremitae,
2375 1703 2465 1749 post

1500 1761 1679 1799 monachi
1711 1761 1925 1808 Ocrcnsis,
1956 1760 2108 1798 ordinis
2151 1760 2433 1799 cisterciensis
2458 1789 2465 1807 ,

1498 1823 1562 1872 qui
1590 1821 1726 1859 codem
1754 1822 1888 1859 seculo
1913 1822 2024 1861 vixit.
2050 1822 2170 1859 Extat
2193 1819 2297 1871 apud
2322 1821 2466 1872 Ughel-

1500 1884 1580 1922 lum
1608 1883 1742 1921 ltaliae
1773 1884 1916 1936 Sacrae
1946 1886 2052 1921 tomo
2082 1883 2145 1920 Vl.
2176 1893 2215 1932 p.
2243 1881 2336 1922 722.

1553 1945 1785 1983 ROGERUS
1818 1943 2118 1992 cicestriensis,
2159 1944 2263 1984 male
2304 1944 2468 1995 quibus-

1501 2006 1591 2044 dam
1626 2005 1876 2051 Cescrensis,
1906 2005 2001 2043 Ord.
2031 2005 2076 2043 S.·
2100 2004 2302 2044 Benedicti
2332 2016 2466 2044 mona·
2531 2019 2533 2026 ¹

1500 2068 1602 2106 chus
1633 2067 1995 2105 Westmonasterii.
2013 2067 2184 2116 Scripsit
2212 2065 2462 2118 Polycratica

1500 2133 1743 2180 temporum,
1781 2128 1818 2166 h.
1861 2140 1895 2166 e·
1941 2127 2146 2166 historiam
2205 2127 2254 2166 ab
2311 2129 2462 2178 origine
2531 2137 2533 2179 f

1501 2190 1636 2230 mundi
1670 2201 1798 2240 usque
1827 2189 1875 2228 ad
1905 2201 1941 2228 3.
1984 2188 2097 2228 1314.
2140 2188 2291 2227 'Deinde
2320 2188 2465 2238 adjecit
2532 2185 2533 2231 ξ

1497 2252 1819 2291 Additamentum
1857 2251 1964 2289 XXV.
2003 2260 2225 2296 annorum,
2255 2259 2385 2299 usque
2413 2250 2461 2288 ad

1496 2326 1528 2352 a.
1563 2314 1679 2353 1339.
1712 2313 1883 2351 Balaeus
1912 2314 2076 2351 Centur.
2108 2312 2153 2350 V.
2199 2309 2260 2349 48.
2308 2311 2464 2349 pitseus

1496 2387 1529 2413 c.
1561 2376 1651 2414 511.
1694 2375 1766 2413 Alii
1813 2372 2026 2413 Robertum
2073 2376 2247 2420 vocant,
2277 2376 2322 2411 ut
2351 2376 2463 2410 notat
2492 2418 2494 2422 ι

1495 2437 1661 2475 Vossius
1706 2436 1755 2474 de
1799 2436 1945 2474 Histor.
2003 2434 2153 2473 Latinis
2197 2445 2233 2484 p.
2279 2433 2367 2472 516.
2397 2432 2461 2471 alii

1495 2496 1763 2545 Richardum,
1795 2501 1840 2536 ut
1871 2500 2008 2535 monet
2045 2494 2230 2534 Oudinus
2260 2499 2366 2533 tomo
2396 2495 2459 2533 111.

1495 2571 1717 2611 perperam.

1547 2621 1804 2669 ROGERUS,
1836 2621 1945 2659 Prior
1971 2617 2241 2659 cistere-ensis.
2260 2616 2462 2670 Epz'stolae

1494 2682 1581 2732 ejus
1610 2686 1713 2720 duae
1742 2686 1884 2721 extant
1907 2681 2009 2731 apud
2027 2679 2292 2718 Bertrandum
2313 2681 2461 2719 Tissier

1496 2745 1533 2782 in
1565 2743 1663 2782 Bibl.
1692 2745 1854 2783 Petrum
1900 2741 2228 2782 Cisterciensium
2266 2746 2362 2779 tom.
2393 2741 2460 2779 lli.

1494 2817 1581 2856 pag.
1612 2805 1702 2843 259.
1735 2806 1826 2844 261.

1547 2866 1782 2904 ROGERUS
1804 2863 2107 2907 Cisterciensis.
2136 2864 2357 2903 monachus
2381 2863 2459 2903 An-

1495 2927 1609 2978 glus,
1632 2928 1670 2965 in
1695 2927 1883 2965 coenobio
1902 2925 2084 2964 Fordano
2103 2955 2111 2972 ,
2127 2925 2270 2965 claruit
2285 2936 2320 2964 a.
2343 2925 2457 2964 1181.

1498 2993 1537 3026 ct
1567 2989 1726 3038 scripsit
1752 2986 2018 3026 Revelaciones
2039 2989 2079 3027 S.
2101 2984 2365 3035 Elisabechae‚
2381 2986 2459 3024 Ab-

1497 3050 1668 3087 batissae
1713 3049 2105 3100 Schoenaugicnsis,
2147 3049 2214 3098 qui
2245 3048 2344 3087 liber
2371 3058 2456 3097 pro-

1496 3110 1568 3148 diit
1598 3112 1635 3148 in
1671 3111 1752 3149 Jac.
1796 3110 1906 3148 Fabri
1954 3111 2067 3148 Libro
2106 3111 2224 3148 trium
2272 3108 2453 3147 Virorum

1496 3176 1536 3208 ct
1582 3173 1704 3210 trium
1745 3171 2018 3222 Spiritualium
2065 3172 2291 3222 virginum,
2332 3168 2450 3207 Paris.

1502 3234 1612 3270 1513.
1648 3233 1703 3271 De
1727 3232 1907 3271 undecim
1931 3231 2106 3270 millibus
2119 3231 2323 3281 ‘viminum
2345 3226 2454 3267 Colo-

1493 3292 1579 3331 niae
1604 3294 1850 3339 occisarum.
1874 3292 2102 3331 line-omium
2131 3293 2272 3329 Bealac
2298 3288 2450 3327 Mariae
