2517 4009
972 171 1247 209 SYLLANUS

2032 175 2106 211 511

111 238 329 286 abreptum
359 237 539 276 testatur
570 237 715 276 Petrus
745 240 943 278 Friderici
974 251 1071 279 mox
1145 244 1235 279 nico
1267 242 1666 290 Reicherspergensi
1691 272 1700 289 ,
1743 243 1784 281 et
1814 244 1909 281 inde
1952 244 1995 280 111
2035 245 2116 282 Lu-

104 299 310 338 citandus.
342 301 432 347 Ego
462 310 658 348 auguror,
680 302 859 339 fortasse
885 303 1064 349 patriam

107 362 200 408 eJus
229 363 357 400 fuisse
391 362 589 410 Siqeuam
611 363 819 400 Comitum
846 365 1067 402 Nassovio-

103 433 194 460 rum
228 425 387 462 urbem.
421 425 617 471 Scripsit:

214 487 249 523 l.
287 486 519 524 Chrouieou
547 488 770 534 Peli-ense,
802 490 890 525 sive
921 499 1065 525 mona-

105 548 223 584 sterii
250 548 437 595 laudati,
468 551 663 586 volumen
707 550 811 587 satis
854 553 1036 597 spissum
1055 579 1065 597 ,

107 612 216 657 quod
251 621 318 648 res
347 612 631 649 Erfordienses
661 614 978 661 complectitur,
1013 615 1063 650 ad

103 673 213 719 quod
241 673 301 709 Jo.
332 675 431 711 Mar.
468 675 664 712 Gudenus
705 686 815 722 saepe
857 676 1063 722 provocat.

103 735 310 772 Ineditum
338 737 404 772 est
432 736 512 773 huc
543 747 688 784 usque,
710 747 783 774 nec
812 739 934 774 facile
965 739 1061 775 ede—

102 798 184 834 tur.
215 798 583 836 continuationem
614 801 728 836 illius
760 800 991 837 elaboravit
1020 802 1062 836 P.

100 859 248 896 Petrus
277 859 501 907 Friderici,
539 862 727 908 eJusdem
769 862 934 899 Ordinis
978 873 1065 900 mo-

105 921 278 958 nachus.

210 985 248 1020 2.
276 984 638 1024 Oorltiuuatiouem
652 987 864 1024 lamberti
880 987 1066 1036 Soafua-

40 1086 47 1090 ,
105 1048 355 1097 buryeusis,
386 1051 435 1086 de
467 1060 549 1096 qua
577 1050 792 1088 Fabricius
823 1051 966 1088 noster
997 1061 1066 1088 su-

107 1123 183 1159 pra
211 1112 313 1149 tom.
345 1113 414 1149 IV.
445 1124 484 1160 p.
515 1112 606 1150 700.
637 1114 679 1150 et
707 1114 808 1150 tom.
838 1115 887 1149 V.
915 1125 952 1160 p.
973 1114 1065 1151 389.

105 1174 238 1218 Quum
271 1174 368 1211 ante
392 1175 534 1211 noster
554 1175 796 1220 incognitus
816 1175 960 1221 fuerit,
982 1175 1067 1211 Gu—

47 1246 52 1247 ’
104 1237 235 1272 denus
264 1238 308 1272 in
338 1236 653 1282 Programmate
687 1237 851 1282 publico
891 1247 915 1272 a
946 1236 1064 1272 1681.

102 1299 273 1337 exarato
302 1299 486 1345 primum
514 1299 606 1344 ejus
648 1298 905 1335 mentionem
937 1300 1035 1336 fecit
1054 1327 1064 1345 ,

101 1362 224 1408 idque
253 1371 305 1398 ex
334 1360 628 1408 Manuscriptis
658 1361 859 1408 Coenobii,
890 1363 945 1398 ad
976 1372 1066 1408 quae

106 1423 315 1470 provocat.

211 1485 249 1522 3.
280 1486 341 1522 Jo.
373 1485 526 1522 Christ.
558 1486 644 1523 Neu
683 1488 725 1523 in
766 1486 976 1524 mantissa
1016 1487 1068 1523 ad

102 1547 276 1585 Wheari
307 1548 548 1585 relect10nes
577 1549 782 1587 hiemales
811 1550 947 1586 eidem
984 1549 1064 1586 tri-

101 1609 193 1647 buit
204 1608 398 1647 Mouaelii
410 1609 944 1658 ErfurteusisHistoriam
960 1612 1068 1649 Lau-

103 1674 379 1721 clqraviorum
399 1673 661 1722 Tliuriuyiae
683 1685 706 1711 a
719 1675 894 1712 Pistorio
915 1675 1016 1712 tom.
1036 1675 1066 1710 1.

103 1745 144 1782 p.
166 1735 260 1772 908.
281 1735 454 1782 editam,
477 1738 583 1783 quod
605 1738 648 1773 in
671 1739 806 1775 medio
829 1739 1065 1785 relinquen-

101 1797 199 1833 dum
229 1797 307 1834 est.
337 1798 517 1835 Videtur
546 1801 660 1836 enim
691 1800 760 1836 hic
791 1802 929 1846 potius
973 1810 1066 1837 mo-

99 1859 255 1896 nachus
285 1860 741 1899 Reinhardsbornensis
772 1863 917 1900 fuisse.

155 1922 260 1958 Vide
280 1922 586 1960 Motschmanni
600 1925 832 1962 Erforsliam
852 1926 1065 1963 literatam

103 1983 271 2021 Collect.
303 1984 333 2020 I.
365 1995 404 2031 p.
436 1985 502 2022 38.
531 1987 573 2022 et
602 1988 645 2022 in
673 1988 884 2034 Supplem.
909 1999 948 2034 p.
972 1988 1063 2025 974.

155 2048 429 2085 SYLLANUS
460 2050 508 2087 cle
536 2050 703 2098 Nimis,
726 2052 939 2089 Medicinae
964 2053 1063 2089 Pro-

101 2111 233 2148 fessor
247 2112 478 2149 Ticinensis
499 2113 608 2149 circa
627 2124 782 2150 annum
799 2115 916 2151 1398.
941 2115 983 2151 et
1002 2116 1063 2151 Jo.

102 2174 287 2212 Galeatio
298 2176 545 2213 Vicecomiti
565 2178 688 2214 valde
709 2178 874 2224 charus,
897 2180 1064 2226 scripsit

103 2237 151 2274 cle
181 2238 393 2276 medicina
414 2240 632 2286 practica,
662 2241 808 2277 Venet.
843 2240 959 2278 1518.
994 2242 1062 2279 fol.

103 2299 233 2336 Arisii
261 2300 463 2337 Cremona
492 2301 659 2338 literata
687 2303 788 2340 tom.
821 2304 851 2339 I.
886 2315 926 2350 p.
968 2305 1060 2342 247.

161 2361 500 2409 SYMMACHUS,
530 2365 658 2410 Papa,
686 2366 854 2403 natione
886 2367 1064 2412 Sardus,

104 2426 261 2464 electus
290 2438 326 2464 a.
358 2429 450 2465 498.
482 2430 672 2465 mortuus
702 2441 739 2466 a.
771 2432 863 2468 514.
893 2434 1064 2480 Episto-

106 2491 170 2528 lae
210 2489 498 2538 quaedam‘ad
526 2493 730 2531 Aeonium
764 2495 790 2530 f.
834 2495 1064 2533 Caesarium

105 2553 274 2590 exstant
304 2555 412 2600 apud
441 2555 662 2591 Baronium
694 2557 745 2592 ad
787 2567 941 2593 annum
972 2560 1066 2596 499.

105 2623 146 2650 n.
177 2614 243 2650 36.
274 2615 340 2652 37.
371 2615 413 2652 et
443 2617 484 2652 in
513 2617 750 2663 Appendice
777 2619 879 2655 tomi
902 2620 992 2656 VII.
1015 2623 1068 2658 ad

107 2685 263 2712 annum
293 2676 387 2715 502.
418 2687 532 2714 num.
574 2678 639 2715 37.
681 2680 733 2716 ad
775 2690 928 2718 annum
972 2683 1065 2720 514.

107 2748 147 2774 n.
177 2740 215 2775 4.
245 2739 530 2788 Apoloqetieus
563 2744 766 2780 adversus
795 2745 1069 2785 Anastasium

108 2800 430 2850 Imperatorem,
462 2805 515 2841 ad
545 2815 699 2842 annum
730 2806 822 2843 503.
854 2818 894 2843 n.
928 2809 1068 2846 18-30.

109 2865 303 2912 Epistola
331 2867 385 2904 ad
413 2868 639 2915 Episcopos
673 2868 861 2916 Galliae,
901 2872 951 2907 ad
993 2882 1068 2909 an—

107 2937 207 2963 num
238 2926 331 2964 513.
362 2940 402 2965 n.
437 2929 501 2966 46.
531 2930 574 2966 et
603 2932 646 2967 in
676 2932 737 2967 Jo.
770 2942 794 2968 a
818 2932 942 2968 Bosco
963 2933 1067 2971 Bibl.

109 2990 364 3028 Floriacensi
391 2992 505 3028 tomo
536 2992 607 3029 III.
640 3004 734 3040 pag.
779 2995 844 3032 33.
876 2997 1070 3042 Epistola

109 3051 163 3088 acl
190 3051 360 3089 Avitum
381 3052 494 3089 edita
513 3053 578 3090 est
599 3064 623 3090 a
644 3054 846 3091 Dacherio
871 3056 970 3092 tom.
995 3057 1066 3093 111.

111 3112 341 3158 Spicilegii,
372 3123 470 3160 pag.
501 3114 593 3152 307.
635 3115 903 3165 Confirmatio
941 3119 1069 3157 Theo-

109 3175 204 3213 dori
233 3176 375 3223 Epise.
406 3177 714 3216 laureacensis
754 3190 790 3215 a.
833 3181 925 3216 499.
968 3182 1067 3219 data

108 3236 222 3274 edita
250 3237 317 3274 est
344 3249 368 3275 a
398 3238 522 3286 Gasp.
554 3240 750 3277 Bruschio
780 3242 829 3279 de
862 3243 1067 3280 Laui-eaeo

107 3298 150 3336 ct
179 3298 350 3336 Patavio
380 3311 418 3347 p.
451 3302 515 3338 48.
546 3312 569 3338 a
599 3302 790 3340 Gcwoldo
821 3315 915 3341 cum
937 3306 1067 3343 Chro—

1142 305 1316 351 dewigii
1349 305 1498 352 Script.
1528 306 1917 354 Bambergensibus
1938 306 2039 343 tom.
2063 307 2113 343 II.

1140 377 1237 413 pag.
1268 366 1362 404 352.
1395 370 1611 416 Epistolae
1641 371 1696 407 acl
1730 369 1946 408 Liberium
1967 371 2117 408 Patri-

1136 428 1249 465 cium
1275 430 1312 466 et
1335 430 1619 470 Laurentium
1640 432 2016 480 Mediolanensem,
2042 443 2116 470 nec

1135 501 1217 528 11011
1248 493 1428 530 Decreta
1457 494 1587 539 illius,
1627 495 1669 530 in
1698 495 1897 532 Conciliis
1918 497 2115 533 Harduini

1137 553 1237 589 tom.
1270 554 1320 589 ll.
1352 563 1386 600 p.
1418 554 1512 592 955.
1535 556 1616 603 Apo
1632 558 1833 604 loqetieus
1863 559 1916 596 acl
1937 559 2114 596 Anasta-

1136 617 1250 653 sium
1279 615 1600 664 Imperatorem
1628 620 1670 655 in
1692 620 2054 668 Micropresbytico
2074 623 2117 658 et

1140 680 1411 717 Bibliothecis
1429 682 1506 716 PP.
1521 682 1738 720 Parisinis:
1759 685 1871 721 idem
1891 694 1984 721 cum
2007 687 2114 733 Epi-

1138 744 1246 781 stola
1272 744 1326 781 acl
1346 745 1585 782 Ecclesiam
1605 748 1650 784 iu
1671 747 1871 795 Illyrico,
1892 750 2115 787 Dardania

1145 807 1185 843 et
1214 807 1363 852 Dacia,
1394 808 1438 843 in
1467 807 1891 856 Orthodoxographis
1926 811 2112 857 Grynaei.

1142 868 1259 905 Adde
1290 869 1390 906 Lud.
1421 869 1562 907 Jacobi
1591 881 1612 907 a
1646 872 1684 907 S.
1708 873 1851 909 Carolo
1877 873 1980 910 Bibl.
2002 875 2109 910 Pon-

1141 930 1319 968 tificiam
1351 942 1390 978 p.
1422 932 1515 970 216.
1550 933 1714 970 Oldoini
1749 936 1998 972 Athenaeum
2032 938 2112 973 Ro—

1142 1003 1312 1030 manum
1345 1005 1382 1040 p.
1415 994 1513 1031 623.
1545 996 1826 1034 Trithemium
1854 999 1904 1035 de
1928 999 2113 1046 Scripto—

1138 1058 1253 1094 ribus
1283 1058 1439 1095 Eccles.
1470 1069 1504 1095 c.
1538 1060 1630 1097 195.

1195 1120 1240 1163 Q.
1263 1121 1534 1158 AURELIUS
1555 1123 1894 1171 SYMMACHUS,
1907 1126 1982 1162 Vir
1997 1126 2105 1163 Con-

1143 1185 1295 1220 sularis
1326 1184 1368 1220 et
1397 1185 1622 1222 Praefectus
1651 1187 1775 1224 Urbis
1793 1216 1803 1234 ,
1835 1189 1883 1224 de
1918 1198 1996 1235 quo
2026 1192 2113 1236 ple-

1141 1256 1263 1292 raque
1291 1247 1378 1292 jam
1409 1249 1609 1295 occupata
1638 1251 1736 1287 sunt
1762 1261 1787 1287 a
1806 1252 1945 1290 Celeb.
1969 1254 2110 1290 nostro

1140 1307 1327 1345 Fabricio
1358 1309 1461 1346 Bibl.
1494 1310 1585 1346 Lat.
1620 1311 1692 1348 III.
1727 1313 1790 1349 14.
1831 1314 2111 1360 Symmachus

1141 1372 1310 1417 quidam
1348 1372 1644 1411 Historiarum
1692 1376 1821 1414 libros
1862 1378 2021 1424 edidit,
2061 1388 2112 1415 ex

1141 1443 1317 1479 quorum
1346 1434 1490 1480 quinto
1520 1435 1759 1473 Jornandes
1792 1439 1834 1475 in
1860 1439 2017 1476 Geticis
2048 1442 2112 1476 lu—

1139 1495 1354 1531 culentum
1385 1497 1522 1533 adfert
1558 1498 1848 1544 fragmentum
1889 1502 1939 1538 de
1980 1504 2112 1539 Maxi—

1143 1558 1254 1593 mino
1285 1557 1389 1604 Imp.
1420 1559 1602 1597 Dubium
1635 1571 1760 1608 vero,
1807 1573 1861 1599 an
1892 1564 1948 1600 sit
1986 1565 2113 1612 hujus

1141 1619 1403 1667 Symmachi,
1426 1632 1479 1658 an
1503 1633 1598 1659 vero
1622 1624 1775 1670 Patris,
1797 1626 1867 1672 qui
1881 1627 2112 1674 Epiqram-

1140 1683 1256 1720 mata
1276 1684 1322 1720 iu
1334 1685 1610 1730 praestantes
1630 1687 1699 1724 sui
1724 1688 1859 1725 seculi
1881 1689 1995 1726 viros
2015 1698 2112 1726 con—

1139 1744 1272 1791 didit,
1303 1746 1350 1781 ut
1378 1755 1430 1782 ex
1459 1747 1560 1793 eJ'us
1594 1749 1646 1784 ad
1675 1749 1809 1785 filium
1841 1750 2031 1797 Epistola
2071 1754 2113 1788 et

1140 1807 1219 1843 filii
1248 1817 1467 1855 responso,
1499 1810 1569 1847 lib.
1603 1809 1633 1845 Ι.
1668 1811 1802 1857 Epist.
1835 1812 1873 1849 2.
1905 1812 1946 1848 et
1976 1813 2014 1848 3.
2045 1823 2113 1849 co-

1139 1870 1371 1915 gnoscitur.
1414 1873 1590 1908 Vossius
1639 1873 1688 1910 de
1737 1875 1896 1911 Histor.
1946 1876 2108 1912 Latinis

1141 1941 1237 1979 pag.
1271 1933 1363 1971 724.
1395 1934 1537 1980 Prosp.
1566 1936 1770 1972 Mandosii
1791 1936 1896 1974 Bibl.
1920 1938 2107 1974 Romana

1132 1996 1248 2033 Ceut.
1280 1997 1331 2032 II.
1364 1998 1430 2034 21.
1460 1998 1528 2035 22.

1199 2061 1530 2098 SYMPHOSIUS
1558 2064 1828 2102 Amalarius:
1859 2064 1954 2100 vide
1985 2074 2107 2112 supra

1138 2121 1251 2159 tomo
1281 2123 1312 2159 I.
1342 2134 1441 2171 pag.
1473 2122 1539 2161 73.

1195 2184 1486 2222 SYMPOSIUS
1517 2186 1643 2223 Poeta
1673 2189 1801 2235 vulgo
1841 2188 2039 2235 habitus,
2070 2191 2112 2225 et

1137 2248 1385 2295 Aenigmata
1414 2249 1497 2294 ipsi
1528 2250 1752 2296 adscripta.
1781 2252 1935 2287 Verum
1967 2253 2109 2289 nostro

1137 2309 1324 2355 tempore
1355 2310 1430 2345 Vir
1461 2310 1803 2358 Celeberrimus,
1835 2312 2110 2359 Christopho-

1138 2382 1209 2409 rus
1239 2372 1460 2418 Augustus
1489 2375 1784 2422 Heumannus,
1814 2386 1907 2412 cum
1938 2378 2104 2413 Hanno—

1140 2444 1247 2471 verae
1281 2434 1400 2473 1722.
1432 2437 1469 2472 8.
1502 2446 1653 2473 novam
1687 2439 1852 2475 illorum
1875 2440 2108 2486 Aenigma-

1138 2496 1230 2532 tum
1260 2498 1487 2534 editionem
1519 2501 1735 2546 proderet,
1777 2501 1819 2536 in
1855 2502 2101 2547 praefatione

1141 2557 1373 2596 luculenter
1403 2560 1603 2607 ostendit,
1636 2563 1896 2608 Aenigmata
1926 2564 1998 2600 illa
2028 2564 2107 2600 La—

1141 2620 1361 2667 ctantium,
1394 2622 1636 2659 Ciceronem
1663 2625 1782 2661 illum
1807 2624 2107 2671 Christianum,

1142 2683 1352 2720 auctorem
1403 2693 1643 2730 agnoscere.
1688 2688 1952 2732 Argumenta
1998 2689 2107 2734 apud

1141 2745 1279 2791 ipsum
1322 2745 1554 2782 videantur.
1602 2747 1661 2784 lbi
1704 2757 1863 2795 quoque
1910 2749 2102 2785 notitiam

1143 2807 1374 2844 editionum
1395 2808 1662 2855 habeS,circa
1684 2820 1810 2856 quam
1832 2811 1937 2848 nihil
1960 2812 2106 2851 habeo,

1141 2870 1248 2916 quod
1277 2879 1483 2917 moneam,
1506 2872 1788 2919 praeterquam
1819 2875 1924 2920 quod
1955 2874 2104 2909 editio—

1143 2941 1217 2968 nes
1248 2933 1394 2978 primae
1425 2934 1622 2971 Paris-ina·
1662 2946 1698 2971 a.
1744 2936 1859 2973 1533.
1901 2938 1944 2973 et
1989 2936 2105 2973 1537.

1142 3005 1194 3031 ex
1224 2995 1455 3032 Maittairio
1480 2997 1568 3042 jam
1599 2998 1909 3035 confirmentur.

1199 3056 1384 3101 SYRUS,
1406 3059 1500 3094 vide
1524 3068 1650 3104 supra
1672 3061 1918 3098 ‚ildebaldus
1938 3062 2050 3098 tomo
2075 3062 2101 3097 1,

1144 3129 1180 3165 p.
1223 3119 1289 3155 51.
1325 3121 1420 3157 Vita
1461 3122 1518 3158 ibi
1550 3124 1778 3160 memorata
1811 3126 1930 3161 extat
1971 3126 2100 3162 etiam

1144 3182 1250 3226 apud
1279 3183 1560 3220 Mabillouium
1595 3186 1738 3223 seculo
1763 3188 1808 3222 V.
1834 3188 2099 3225 Bcnoilictiuo

1145 3253 1239 3289 pag.
1272 3243 1363 3280 786.
