2517 4009
865 232 1260 272 ltUPER'rUs

65 319 166 360 quae
195 307 371 346 omnium
405 305 528 355 prima
559 307 649 345 est,
681 303 716 351 b)
748 307 835 354 post
865 314 926 354 ap.
956 302 1029 342 Ar-

2 389 4 394 ·
65 367 227 407 noldum
250 366 456 406 Birckman
474 393 486 409 ,
510 364 625 403 4533.
642 365 754 404 4566.
775 364 892 404 4577.
911 365 1026 404 4598.

66 435 107 469 et
131 430 247 469 4602.
271 433 311 467 et
337 428 455 466 Paris.
480 427 593 465 4638.
618 427 680 464 fol.
704 427 779 464 vol.
804 427 841 465 2.
867 426 956 464 Mihi
980 425 1028 464 ad

65 501 210 531 manus
231 494 294 529 est
318 488 547 538 Mogontina
578 489 780 527 sumtibus
811 488 1029 526 Hermanni

65 553 172 602 Mylii
196 550 447 590 Birekmanni
472 549 587 588 4634.
606 549 668 588 fol.
685 549 842 588 duobus
861 549 1031 587 volumi-

69 614 188 653 nibus
217 611 528 660 edita,qu0rum
555 622 764 650 recensum
789 621 894 649 nunc
916 609 1028 648 dabo.

252 686 255 688 ·
452 674 574 711 Tomo
606 673 634 710 Ι.

116 736 173 774 De
195 732 381 787 operibus
415 734 456 772 S.
489 733 693 772 Trinitatis
733 732 832 771 libri
852 732 938 770 XII.
964 731 1030 780 qui

63 797 386 848 complectuntur
414 795 734 833 Commentarios
762 796 800 831 in
825 795 1035 832 Pentateu-

63 858 200 906 chum‚
221 858 342 896 libros
363 856 574 895 historicos
599 857 685 894 Vet.
711 857 819 894 Test.
843 855 1037 897 Psalmos‚

55 918 289 970 ,Prophetas
319 917 515 968 majores,
541 921 712 966 quatuor
735 916 1032 967 Evangelistas,

63 986 106 1019 et
135 980 184 1019 de
214 981 412 1032 Operibus
443 979 601 1031 Spirtus
632 980 669 1019 S.
703 979 825 1017 libros
865 980 932 1018 IX.
964 979 1039 1017 Co-

62 1044 140 1082 lon.
162 1043 277 1082 4525.
302 1042 451 1081 Lovan.
480 1041 595 1081 4554.
622 1042 647 1080 f.
664 1041 767 1091 apud
797 1042 1034 1079 Sassenum.

117 1103 441 1145 Commentarius
464 1104 506 1142 in
538 1104 624 1141 XII.
658 1102 877 1154 Prophetas
912 1102 1035 1140 mino—

8 1215 9 1218 *
61 1176 155 1213 res,
185 1178 272 1217 pag.
301 1166 394 1204 703.
443 1166 478 1202 in
510 1176 581 1203 sex
627 1165 868 1214 posteriores
903 1162 1036 1201 editus

40 1228 192 1266 ,suerat
231 1228 402 1277 primum
448 1226 685 1275 Noribergae
731 1224 835 1274 apud
880 1225 936 1261 Jo.
968 1225 1037 1262 Pe-

64 1293 219 1327 traeum
240 1316 251 1333 ,
279 1287 397 1326 4524.
429 1287 466 1323 8.
496 1287 563 1335 qui
594 1284 732 1323 eodem
765 1296 870 1323 anno
896 1295 1035 1322 mense

61 1349 225 1389 Octobri
255 1349 408 1388 comm.
441 1349 478 1385 in
510 1348 650 1385 Jonam
682 1351 723 1384 et
753 1346 945 1384 Micheam
969 1345 1036 1384 ad-

64 1410 196 1449 didit:
219 1421 310 1450 cum
342 1413 516 1460 quatuor
545 1409 698 1459 priores
731 1408 908 1445 nancisci
939 1411 1036 1445 tunc

0 1514 1 1517 ,
67 1483 144 1511 non
173 1475 322 1523 posset.
354 1471 518 1509 Lovanii
552 1471 668 1508 4554.
699 1480 760 1520 ap.
807 1469 1035 1507 servatium

69 1534 303 1574 Sassenum.

120 1596 169 1633 In
193 1594 363 1636 Cantica
386 1593 646 1635 Canticorum
676 1592 723 1632 de
763 1592 1038 1631 incarnatione

67 1657 253 1705 Domini,
278 1669 316 1707 p.
336 1656 449 1695 4054.
473 1656 608 1695 Colon.
625 1655 740 1695 4540.
765 1655 827 1693 fol.
862 1659 903 1693 et
933 1654 1037 1705 apud

0 1701 1 1723 ³
68 1717 291 1758 Arnoldum
322 1717 530 1757 Birckman
563 1719 681 1757 4554.
711 1717 777 1755 fol.

120 1780 338 1821 comment.
362 1778 403 1818 in
425 1777 510 1817 Job.
545 1783 632 1818 tum
670 1780 845 1829 primum
877 1778 1036 1824 editus⁷

67 1853 154 1894 pag·
185 1841 301 1881 4406.
330 1840 373 1878 in
395 1839 692 1888 Ecclesiasten,
724 1851 760 1890 p.
793 1840 908 1878 4497.

457 1903 578 1940 Tomo
607 1901 642 1939 ΙΙ

121 1966 177 2004 De
196 1963 331 2016 ylo-ria
355 1967 394 2002 et
415 1962 563 2002 honore
583 1960 679 2000 Filii
698 1961 866 2001 hominis
883 1991 891 2010 ,
915 1972 1038 2014 super

68 2025 316 2066 Matthaeum
333 2038 403 2077 ‚.p.
438 2027 470 2064 4.

121 2088 177 2126 De
187 2086 486 2140 ylorificatione)
500 2085 706 2125 Trinitatis
723 2099 734 2134 ‚·
757 2089 796 2124 et
812 2084 859 2124 de
877 2097 1038 2138 proces-

68 2150 174 2189 sione
196 2149 375 2200 Spiritus
397 2149 436 2188 S.
463 2147 562 2187 libri
582 2149 648 2187 IX.
675 2160 710 2198 p.
738 2148 826 2187 437.
848 2147 1040 2186 Praemit-

70 2213 169 2249 titur
198 2210 378 2261 hymnus
400 2210 448 2249 ad
480 2211 673 2261 Spiritum
703 2209 741 2247 S.
775 2209 922 2247 Prodiit
945 2219 1037 2247 cum

68 2272 330 2324 praecedente
373 2272 538 2310 seorsim
570 2271 706 2311 Colon.
734 2282 796 2322 ap.
824 2270 885 2309 Jo.
912 2269 1039 2308 Soter.

72 2334 187 2374 4533.
219 2334 320 2372 4540
351 2337 391 2371 et
420 2334 528 2372 Paris
559 2334 675 2373 4545.

128 2396 176 2433 In
199 2394 462 2446 Evanyelium
486 2394 651 2433 Joannis
671 2393 768 2433 libri
779 2395 833 2433 XI
839 2395 876 2432 V.
894 2405 931 2444 p.
947 2393 1039 2433 247.

72 2457 204 2498 Norib.
237 2457 354 2496 4526.
385 2457 421 2494 8.
453 2455 592 2494 Colon.
624 2456 742 2494 4544.
770 2456 893 2493 Paris.
923 2455 1040 2493 4545.

126 2521 172 2558 In
194 2517 464 2570 Apocalypsin
483 2516 647 2555 Joannis
675 2514 779 2554 libri
791 2516 876 2554 XII.
896 2527 932 2566 p.
950 2516 1039 2554 498.

72 2581 179 2622 Editi
215 2584 311 2620 sunt
347 2580 517 2618 seorsim
552 2578 726 2618 Norimb.
766 2577 880 2616 4526.
905 2576 1038 2615 Colon.

129 2704 186 2743 De
208 2703 380 2744 victoria
397 2701 516 2742 verbi
540 2701 611 2741 Dei
638 2699 732 2739 libri
746 2699 852 2738 XIII.
883 2710 918 2749 p.
951 2698 1040 2736 626.

79 2766 313 2806 Prodierunt
355 2776 426 2816 per
468 2764 561 2802 Ant.
592 2764 713 2812 Sorg,
744 2762 874 2799 civem
905 2759 1040 2809 Augu-

75 2830 294 2873 stensem‚l
308 2828 399 2866 487.
412 2828 436 2865 f.
454 2825 628 2864 Norimb.
647 2826 660 2863 4
673 2823 760 2862 523.
773 2822 907 2861 Colon.
925 2822 939 2858 4
952 2821 1041 2858 540.

74 2893 220 2939 Loyan.
250 2889 353 2941 apud
388 2888 614 2928 Servatium
646 2886 869 2924 Sussenum
902 2881 1016 2920 4554.

129 2954 185 2992 De
221 2951 368 2991 divinis
405 2948 544 3003 officiis
578 2959 654 2999 per
689 2944 788 2984 anni
821 2941 1040 2990 circulum,

77 3013 173 3054 libri
198 3014 283 3052 XII.
320 3023 407 3063 pag.
452 3010 543 3049 750.
588 3008 693 3059 quod
737 3007 879 3057 Opus,
911 3004 1042 3043 CuVCO

79 3079 211 3123 teste,
242 3072 405 3124 quidam
438 3071 666 3118 Walramo,
697 3067 874 3107 Anselmi
904 3066 1042 3112 amico,

79 3138 288 3182 tribuunt,
319 3144 453 3172 errore
483 3133 581 3171 satis
624 3131 848 3170 manifesto.
877 3129 971 3167 Nam
1003 3129 1040 3165 in

79 3198 326 3250 praefatione
356 3195 407 3234 ad
436 3195 643 3234 Cunonem
675 3194 914 3243 Episcopum
938 3191 1042 3229 Rati-

132 3339 166 3379 b)
190 3340 261 3372 vid,
283 3338 423 3370 nocheri
439 3335 633 3374 catalogum
659 3333 742 3365 Bibl.
758 3333 1044 3370 lleilsbrunensis,

1992 232 2070 277 ⁷⁴33

1105 309 1345 343 sbonensem
1371 303 1520 343 directa
1538 305 1740 354 Rupertus
1769 304 1900 343 omnia
1926 304 2072 354 scripta

1106 377 1126 404 a
1159 377 1203 404 se
1236 366 1312 405 hue
1345 378 1472 416 usque
1503 365 1608 403 edita
1657 370 1844 413 enarrat,
1875 365 2075 415 simulque

1105 428 1245 476 addit,
1276 427 1394 478 cujus
1425 438 1549 467 suasu
1595 433 1665 466 aut
1709 427 1869 466 hortatu
1892 426 2072 477 ‘singula

1104 491 1305 529 elaborata
1334 491 1443 528 sint:
1479 500 1581 539 quae
1613 489 1765 539 singula
1797 488 1846 526 de
1870 488 2074 527 Walramo

1106 553 1270 590 minime
1317 553 1496 589 omnium
1547 551 1694 589 valent.
1749 550 1874 589 Adest
1917 560 2076 599 quoque

1106 612 1240 650 Codex
1301 611 1561 650 authenticus
1617 612 1771 650 Cunoni
1831 622 1851 650 a
1903 612 2076 660 Ruperto

1106 673 1401 710 transmissuus
1448 683 1538 710 cum
1597 673 1766 721 imagine
1830 673 2041 722 utriusque
2067 702 2073 718 ,

1107 745 1226 784 quem
1268 733 1458 771 describit
1505 733 1573 770 Vir
1615 733 1716 771 Clar.
1749 733 1975 772 Ber-nardus
2004 735 2077 772 Pez

1108 795 1267 833 dissert.
1314 795 1514 844 isagogica
1560 794 1608 832 ad
1640 800 1792 833 tomum
1825 795 1850 832 l.
1882 795 2074 834 Thesauri

1109 856 1406 895 Anecdotorum
1438 856 1649 894 novissimi
1676 868 1711 905 p.
1736 856 1798 893 39.
1816 856 1958 894 Prodiit
1976 857 2078 894 inter

1111 920 1208 958 alios
1238 919 1463 968 Scriptores
1485 918 1534 956 de
1560 919 1686 956 saeris
1715 918 1916 956 Ecclesiae
1941 917 2080 955 officiis

1111 993 1182 1032 per
1223 980 1334 1018 Melc.
1378 980 1646 1030 Hittorpium‚
1693 979 1827 1018 Colon.
1860 979 1974 1016 4568.
2007 979 2078 1016 Ro-

1116 1054 1203 1081 mae
1236 1043 1352 1082 4594.
1383 1042 1505 1081 Paris.
1532 1042 1632 1080 4640
1673 1051 1745 1079 nec
1771 1051 1846 1078 non
1876 1041 1912 1077 in
1938 1039 2079 1078 Biblio-

1111 1105 1227 1143 theca
1281 1104 1444 1143 Patrum
1497 1103 1702 1142 Parisina:
1755 1102 1968 1152 separatim
2007 1101 2078 1140 Co-

1112 1167 1191 1205 lon.
1225 1166 1339 1205 4543.
1372 1166 1435 1204 fol.
1467 1165 1661 1214 Antuerp.
1695 1164 1809 1202 4593.
1840 1168 1880 1201 et
1908 1163 2010 1201 alibi.

1166 1228 1222 1265 De
1254 1226 1430 1265 incendio
1459 1226 1579 1264 Tuitii
1593 1224 1747 1276 oppidi.
1777 1237 1812 1275 p.
1834 1225 1924 1263 884·
1954 1225 1995 1262 ln
2016 1225 2080 1262 illo

1111 1299 1256 1338 corpus
1316 1289 1566 1326 Dominieum
1613 1297 1634 1324 a
1675 1287 1847 1324 flammis
1896 1286 2076 1324 illaesum

1113 1351 1311 1387 mansisse
1345 1354 1490 1387 narrat.

1164 1411 1221 1448 De
1243 1409 1495 1448 meditatione
1524 1410 1663 1447 mortis
1700 1407 1797 1447 libri
1832 1410 1885 1447 ΙΙ.
1920 1421 1957 1460 p.
1988 1409 2076 1447 894.

1113 1473 1183 1510 Hic
1214 1471 1315 1510 liber
1339 1482 1430 1510 cum
1458 1470 1725 1521 praecedente
1749 1471 1923 1519 primum
1947 1470 2080 1508 editus

1112 1538 1175 1572 est
1204 1545 1225 1571 a
1254 1533 1417 1572 Matthia
1448 1532 1604 1582 Agrieio
1634 1530 1866 1579 Witlichio,
1897 1531 2080 1570 Coloniae

1114 1594 1219 1646 apud
1239 1594 1435 1633 haeredes
1455 1592 1620 1631 Arnoldi
1637 1592 1904 1638 Birekmanni‚
1923 1592 2026 1631 4572
2044 1593 2080 1629 8.

1173 1657 1258 1695 Vita
1283 1657 1322 1696 S.
1354 1653 1563 1694 Heriberti
1582 1653 1769 1705 Archiep.
1814 1652 2080 1700 Coloniensis,

1113 1731 1152 1769 p.
1180 1719 1271 1757 909.
1300 1722 1341 1756 et
1369 1717 1473 1768 apud
1506 1717 1670 1755 Surium
1694 1715 1731 1754 d.
1760 1716 1824 1754 46.
1855 1716 2011 1762 Martii,
2041 1719 2082 1753 et

1115 1782 1151 1817 in
1182 1779 1295 1818 Actis
1326 1779 1566 1818 Sanctorum
1588 1782 1685 1815 tom.
1715 1777 1761 1815 ΙΙ.
1792 1778 1903 1824 Mart,
1929 1788 1963 1827 p.
1988 1775 2078 1815 475.

1114 1843 1308 1880 Baronius
1336 1840 1385 1879 ad
1415 1851 1508 1879 ann.
1541 1839 1656 1878 4024.
1695 1851 1733 1876 n.
1775 1839 1814 1877 2.
1857 1838 2080 1888 Rupertum

1113 1915 1190 1941 non
1220 1907 1302 1941 tam
1346 1906 1580 1949 auctorem,
1624 1912 1746 1951 quam
1794 1900 2080 1938 illustratorem

1113 1963 1236 2014 hujus
1282 1964 1396 2003 Vitae
1441 1963 1656 2002 dicendum
1700 1971 1791 2000 esse
1820 1962 1900 2009 ait3
1930 1962 2077 2011 quippe

1112 2027 1181 2077 qui
1226 2037 1314 2065 eam
1346 2027 1422 2075 (ut
1462 2026 1500 2063 in
1533 2024 1776 2075 praefatione
1807 2023 2004 2069 testatur)
2033 2022 2082 2060 ab

1113 2088 1337 2138 antiquiore
1367 2087 1556 2137 scriptam
1588 2089 1750 2125 auctore
1781 2085 1873 2134 styli
1900 2083 2081 2133 rubigine

1114 2149 1403 2189 subobscuram
1420 2148 1598 2199 expolire
1619 2152 1660 2185 et
1684 2147 1894 2186 cultiorem
1914 2145 2080 2183 reddere

1115 2211 1324 2249 laboravit.
1352 2209 1451 2249 Vide
1481 2220 1602 2259 supra
1633 2213 1728 2246 tom.
1759 2209 1822 2247 IV.
1849 2219 1887 2257 p.
1909 2207 2004 2258 524.

1169 2271 1309 2310 Passio
1328 2272 1373 2309 B.
1403 2269 1555 2321 Eliplzii
1572 2268 1767 2319 martyris
1792 2270 1831 2305 in
1862 2269 1959 2306 urbe
1991 2269 2085 2306 Tul-

1115 2335 1215 2372 lensi
1244 2344 1281 2384 p.
1313 2333 1403 2370 924.
1434 2336 1474 2370 et
1503 2342 1566 2381 ap.
1597 2330 1757 2369 Surium
1781 2329 1821 2367 d.
1843 2329 1902 2367 46.
1925 2328 2084 2367 Octobr.

1169 2395 1386 2445 Sequentia
1415 2398 1500 2432 tum
1533 2393 1706 2443 primum
1737 2389 1843 2429 edita
1870 2390 2055 2428 fuerunt:

1168 2458 1223 2495 De
1251 2455 1452 2495 Voluntale
1477 2454 1551 2493 Dei
1578 2452 1679 2492 liber
1703 2453 1726 2490 Ι
1747 2464 1782 2502 p.
1814 2452 1909 2490 929.

1169 2517 1229 2556 De
1246 2515 1533 2568 Omnipotentia
1550 2515 1625 2553 Dei
1636 2512 1735 2553 liber
1750 2514 1781 2552 I.
1800 2525 1836 2564 p.
1855 2513 1945 2551 936.
1961 2511 2081 2561 Atqui

1116 2590 1211 2617 vero
1255 2578 1292 2616 hi
1339 2578 1417 2616 duo
1461 2576 1581 2615 libelli
1623 2575 1707 2625 jam
1739 2574 1972 2624 prodierunt
2008 2571 2084 2610 No-

1115 2641 1185 2678 rib.
1218 2638 1333 2678 4524.
1365 2639 1402 2675 8.
1433 2636 1536 2688 apud
1567 2638 1624 2674 Jo.
1663 2638 1870 2673 Petraeum
1890 2663 1899 2679 ‚
1929 2633 2081 2672 editore

1115 2700 1272 2740 Andrea
1301 2699 1507 2738 Osiandro.

1169 2762 1215 2799 In
1251 2759 1446 2812 quaedam
1486 2758 1670 2811 Capitula
1697 2756 1865 2809 Reyulae
1899 2758 1939 2796 S.
1963 2757 2082 2795 Bene-

1115 2822 1212 2861 dicti
1233 2820 1301 2860 lib.
1323 2823 1389 2869 IV,
1411 2834 1449 2872 p.
1477 2821 1570 2860 946.

1169 2883 1385 2922 Altercatio
1403 2882 1594 2923 Monac-liz·
1607 2887 1654 2921 et.
1669 2881 1829 2929 Clerici,
1845 2879 1949 2932 quod
1968 2879 2083 2917 liceat

1117 2944 1304 2983 Monacho
1320 2944 1587 2997 praedicare,
1617 2957 1653 2995 p.
1687 2944 1778 2982 970.
1811 2944 1976 2992 Incipit:
2005 2941 2084 2978 Ini-

1115 3018 1190 3058 que
1218 3007 1306 3057 a9is
1335 3007 1525 3046 resistens
1556 3006 1654 3044 milii
1681 3005 1720 3043 in
1747 3004 1891 3056 faciem
1940 3004 2078 3041 Desit:

1116 3067 1314 3116 Quomodo
1343 3079 1435 3118 erqo
1460 3065 1747 3118 praedicabit?

1172 3130 1225 3167 Do
1248 3128 1378 3168 eodem
1406 3128 1579 3180 Epistola
1593 3128 1647 3166 acl
1673 3128 1704 3165 Ε
1709 3126 1979 3172 berhardum,
2003 3123 2081 3163 Ab·

1118 3189 1243 3229 batem
1270 3190 1661 3239 Brumotlarenscm‚
1687 3202 1722 3240 p.
1750 3189 1839 3227 972.

1114 3343 1144 3373 p.
1175 3333 1243 3364 144.
1277 3332 1345 3363 Mc».

1707 3400 1784 3438 2⁰15
