2533 4009
805 298 1065 338 COELII
1119 298 1431 337 SEDCLII
1479 297 1963 340 PRESBYTERJ

1155 375 1195 424 (Ἰ
1238 379 1277 424 Α
1318 378 1362 426 R
1402 378 1453 427 M
1495 377 1535 426 E
1574 377 1621 425 N

938 461 1018 500 DE
1065 462 1266 501 VERBI
1311 462 1846 504 INCARNATIONE.

723 540 779 576 Ex
813 539 888 578 MS.
921 539 1063 578 Codice
1093 540 1322 592 Corbeiensi
1351 546 1442 581 ante
1471 553 1597 583 annos
1627 546 1848 593 nongentos
1876 548 2049 582 exarato.

1041 626 1418 687 Observatio
1466 630 1736 709 praevia.

394 725 458 798 In
493 764 721 810 pervetusto
757 761 900 800 Codice
930 762 1180 800 corbeiensis
1211 774 1345 802 mona-

394 823 525 867 sterii,
559 820 663 859 unde
694 822 861 861 Juvenci
893 823 1036 862 librum
1082 825 1119 861 in
1158 824 1345 862 Genesim

391 885 568 921 eruimus
587 912 594 929 ‚
615 888 727 922 extat
747 883 898 934 absque
925 885 1004 924 ullo
1028 886 1202 924 auctoris
1225 887 1349 923 nomi-

394 955 467 989 ne,
500 944 648 982 Sedulii
694 946 916 995 presbyteri
962 948 1066 985 Scoti
1111 948 1242 997 operis
1284 958 1350 997 pa-

391 1006 537 1043 schalis
565 1006 661 1043 liber
679 1007 704 1044 1.
724 1008 786 1045 cui
815 1011 1004 1056 tanquam
1032 1019 1123 1058 pars
1147 1008 1349 1058 ejusdem,

391 1067 498 1105 nulla
547 1068 777 1117 interposita
817 1067 1103 1117 distinctione,
1150 1069 1257 1108 nulla
1295 1069 1353 1107 di—

391 1130 568 1169 visione,
601 1130 789 1179 nulloque
835 1130 952 1168 titulo
995 1131 1265 1180 praemittitur
1292 1141 1354 1169 se-

390 1202 520 1240 quens
539 1191 588 1229 de
612 1192 729 1229 Verbi
754 1193 1025 1230 incarnatione
1043 1203 1203 1230 carmen
1222 1191 1352 1242 :quod

389 1263 479 1290 cum
513 1253 702 1303 singulari
736 1253 868 1292 studio
900 1254 1356 1304 perlegissenius,eun-

389 1314 479 1352 dem
503 1316 539 1352 in
566 1317 682 1365 priori
709 1322 748 1354 et
764 1317 948 1366 sequenti
980 1315 1254 1354 lucubratione
1285 1317 1354 1354 sti-

389 1376 468 1414 lum
500 1377 891 1424 animadvertimus,
911 1377 1090 1427 nihilque
1115 1377 1353 1415 incommodi

394 1437 544 1485 videri,
575 1439 605 1475 si
639 1440 705 1476 uni
751 1438 962 1487 eidemque
1001 1439 1180 1485 auctori,
1212 1449 1354 1487 nempe

392 1498 580 1545 SeduHo,
614 1505 782 1549 utraque
826 1500 1126 1538 attribueretur.
1155 1498 1352 1537 iudicium

395 1560 466 1598 lioc
498 1566 679 1600 nostrum
709 1561 963 1599 confirmavit
994 1560 1182 1599 Sedulius
1208 1561 1290 1609 ipse
1316 1561 1354 1597 in

393 1621 631 1660 dedicatoria)
669 1623 845 1660 carmine
891 1623 1021 1672 operis
1065 1622 1262 1671 paschalis
1306 1620 1353 1659 ad

402 1682 666 1722 Theodosium
693 1686 946 1734 Augustum,
971 1683 1075 1733 quod
1108 1684 1160 1720 ita
1192 1682 1352 1732 incipit:

1251 1770 1271 1793 Ψ

394 1813 634 1876 Omnipotens
651 1838 784 1876 genitor
802 1835 936 1868 tandem
954 1838 1131 1868 miseratus
1150 1835 1193 1866 ab
1210 1835 1276 1866 alto
1292 1859 1302 1873 ,
1326 1835 1338 1866 1

389 1888 567 1925 Postquam
585 1891 706 1918 cuncta
720 1885 811 1917 dedit
829 1886 921 1927 coelo
938 1889 1091 1917 constare
1109 1892 1246 1921 sereno,
1264 1884 1284 1913 2

390 1936 554 1966 Omnibus
575 1937 608 1965 in
627 1937 724 1966 terris
744 1936 899 1966 divinum
917 1937 1041 1974 aspirat
1060 1941 1225 1971 amorem,
1248 1933 1268 1964 5

399 1987 534 2024 Semper
553 1985 679 2015 bonore
700 1986 755 2023 pio
773 1993 894 2015 nomen
914 1987 1051 2024 natique
1069 1985 1241 2023 patrisque
1263 1982 1282 2013 4

395 2036 520 2064 Ornarc
538 2037 569 2063 et
587 2041 724 2070 canere,
743 2033 949 2073 paribusque
967 2036 1001 2064 in
1020 2040 1122 2072 regna
1141 2033 1253 2064 vocari
1278 2031 1298 2061 5

395 2084 563 2122 Auspiciis
575 2106 585 2120 ‚
605 2083 684 2113 hinc
702 2084 895 2122 progeniem
912 2084 1036 2113 virtute
1053 2082 1200 2113 suturam

392 2133 569 2170 Egregium
586 2156 595 2169 ‚
614 2136 643 2163 et
665 2135 772 2163 totum
789 2139 874 2172 quae
893 2131 1022 2171 legibus
1038 2135 1179 2171 occupet
1197 2130 1322 2161 orbem.

393 2182 436 2210 Ne
458 2185 571 2212 tamen
596 2183 630 2212 in
655 2183 752 2213 terris
776 2181 930 2212 mortalia
953 2185 1088 2220 pectora
1111 2180 1224 2212 turbet
1243 2203 1251 2217 ‚

393 2232 546 2268 ignotum
570 2238 693 2261 numen
711 2255 719 2268 ‚
742 2233 828 2261 Deus
851 2230 985 2262 aethere
1010 2232 1129 2261 missus
1153 2230 1195 2260 ab
1220 2229 1310 2267 alto,

393 2279 542 2310 Mortalis
566 2280 655 2310 visus
679 2282 787 2319 potuit
812 2284 1025 2319 quantusque
1048 2278 1169 2310 videri.

394 2330 494 2367 virgo
520 2333 650 2360 matura
673 2328 734 2360 suit
752 2331 821 2370 jam
843 2329 952 2369 plenis
977 2328 1103 2360 nubilis
1125 2329 1248 2367 annis,
1274 2329 1294 2359 6

415 2437 429 2468 1
457 2438 586 2470 AEneid.
607 2441 645 2470 V.
664 2446 747 2469 vers.
765 2438 840 2469 7⁶26.

453 2489 604 2529 Imperio
627 2488 728 2519 ,Iovis
743 2488 807 2519 huc
824 2489 926 2519 venio
939 2512 950 2527 ‚
971 2488 1031 2527 qui
1056 2487 1231 2520 classibus
1249 2489 1367 2530 tynam

453 2539 607 2578 Depulit,
623 2542 654 2568 et
673 2538 768 2568 coelo
785 2539 926 2569 tandem
942 2538 1136 2570 miseratus
1152 2539 1194 2570 ab
1211 2540 1285 2571 alto
1303 2546 1370 2577 est.

414 2588 432 2617 2
450 2592 494 2620 Ex
512 2589 639 2619 AEneid.
658 2589 714 2618 lli.
733 2595 765 2619 v.
785 2587 858 2618 513.

454 2639 647 2676 Postquam
673 2641 799 2667 cuncta
814 2637 907 2668 videt
923 2636 1018 2668 coelo
1046 2642 1212 2669 constare
1234 2647 1369 2672 sereno.

414 2689 433 2718 5
450 2687 577 2718 AEneid.
601 2689 684 2719 viil.
710 2695 743 2719 v.
766 2687 840 2718 575.

452 2737 582 2776 Inripic
614 2740 647 2766 et
671 2736 779 2766 dictis
802 2736 963 2767 divinum
987 2737 1135 2776 aspirat
1161 2745 1329 2770 amorem.

413 2787 431 2818 4
457 2787 584 2818 lEneid.
601 2788 653 2816 Vl.
669 2794 700 2817 v.
721 2785 792 2816 116.

456 2837 610 2875 Natique
628 2836 815 2875 patrisque
833 2858 843 2873 ,
870 2834 972 2865 Alma
996 2843 1122 2874 precor
1139 2861 1149 2875 ,
1169 2837 1350 2869 miserere.

411 2887 430 2916 5
452 2887 575 2917 AEnciil.
599 2887 666 2916 vll.
692 2894 723 2916 v.
749 2885 823 2915 ²256.

459 2934 678 2973 Parthasque
701 2935 739 2965 in
753 2942 866 2974 reyna
892 2934 1025 2966 vocari.

458 2984 637 3023 Auspiciis
662 2985 743 3015 hinc
760 2984 965 3024 proueniem
988 2982 1117 3013 virtute
1139 2980 1310 3020 futurum.

461 3037 663 3075 Eureqiam,
676 3040 706 3066 et
717 3039 829 3066 totum
839 3042 928 3073 quae
942 3031 1076 3062 viribus
1090 3035 1234 3070 occupet
1243 3031 1369 3062 orbem.

421 3085 440 3113 6
462 3085 585 3117 AEneid.
615 3087 682 3115 Vll.
709 3094 743 3116 v.
766 3085 819 3115 55.

461 3135 539 3163 Jam
565 3140 709 3165 utatur-a
736 3134 811 3163 viro
833 3132 916 3171 jam
938 3131 1056 3172 plenis
1074 3130 1207 3162 nubilis
1232 3132 1351 3161 annis.

421 3183 438 3210 ἰ’
462 3182 584 3211 ,ΕιινίΛ-
609 3185 676 3213 xil.
702 3192 731 3213 v.
759 3182 832 3213 225.

466 3231 528 3259 Cui
543 3240 650 3267 glenus
660 3241 679 3260 a
692 3232 837 3270 proavis
848 3232 975 3269 inacus
989 3230 1371 3269 clarumquepueernae

467 3280 497 3308 ,Υ
522 3287 597 3307 men
625 3284 699 3309 erat
727 3281 881 3310 vinulis.

424 3335 441 3354 ἡ·
464 3327 587 3358 ,Ὴιιυίι1.
613 3330 634 3357 Ι.
665 3338 679 3357 i·
718 3329 786 3358 307.

1437 762 1653 794 Romulidum
1675 760 1796 793 ductor
1812 784 1822 799 ,
1846 761 1927 793 clari
1950 760 2007 792 lux
2029 761 2133 794 altera
2156 763 2258 804 gollsf,

1437 813 1544 843 Eoum
1569 812 1628 851 qui
1652 819 1756 850 regna
1778 814 1872 842 tenes
1894 811 2122 843 moderamine
2140 814 2251 852 justo,

1441 862 1519 900 spes
1543 860 1657 898 orbis,
1680 858 1862 899 fratrisque
1885 861 1985 891 decus
1999 882 2010 897 ,
2033 860 2172 899 dignare
2193 862 2361 894 Maronem

1441 912 1604 942 mutatum
1629 911 1662 940 in
1688 908 1807 940 melius
1829 908 1948 940 divino
1969 916 2151 948 agnoscere
2173 917 2289 944 sensu.

1425 1002 1585 1048 Quibus
1615 1012 1664 1039 ex
1698 1000 1831 1038 verbis
1860 999 1949 1038 luce
1977 999 2124 1039 clarius
2152 1005 2286 1051 patet,
2317 1003 2386 1042 Se.-

1424 1063 1577 1101 dulium
1624 1063 1661 1100 in
1707 1072 1825 1112 opere
1855 1060 2030 1111 paschali
2060 1061 2266 1112 Virgilium
2296 1073 2387 1113 poe-

1427 1129 1507 1162 tam
1539 1124 1704 1171 imitari,
1734 1122 1902 1173 ejusque
1930 1121 2099 1173 phrases
2127 1121 2263 1161 divino
2293 1122 2385 1162 ada-

1427 1191 1536 1236 ptare
1561 1185 1695 1223 sensui
1727 1183 1799 1222 sibi
1825 1183 2092 1234 proposuisse.
2117 1182 2159 1221 ld
2184 1188 2320 1223 autem
2346 1185 2384 1222 in

1428 1247 1605 1286 carmine
1630 1245 1678 1284 de
1704 1245 1812 1283 verbi
1835 1245 2107 1283 incarnatione
2130 1244 2388 1284 observatum

1429 1309 1479 1346 ita
1511 1308 1609 1355 fuit,
1642 1308 1708 1344 vix
1755 1310 1798 1344 ut
1840 1307 1892 1344 sit
1937 1315 2080 1344 versus
2116 1305 2287 1356 aliquis,
2318 1306 2385 1356 qui

1427 1370 1631 1418 Virgilium
1663 1380 1740 1406 non
1767 1372 1937 1413 resonet,
1954 1365 2120 1416 ejusque
2146 1378 2222 1405 non
2249 1367 2379 1417 expri-

1433 1436 1513 1470 mat
1540 1431 1673 1469 verba.
1699 1430 1749 1468 Et
1775 1440 1823 1467 ne
1843 1428 1949 1479 quod
1976 1427 2047 1466 hac
2071 1427 2120 1466 de
2150 1439 2191 1466 re
2221 1427 2385 1468 dubium

1430 1493 1598 1532 suboriri
1625 1492 1779 1537 valeat,
1805 1488 1984 1540 singulos
2009 1488 2157 1540 Virgilii
2183 1489 2290 1528 locos
2314 1499 2386 1528 un-

1433 1554 1482 1592 de
1512 1565 1606 1592 suos
1632 1563 1775 1591 versus
1799 1551 1951 1601 accepit
1976 1549 2189 1599 Sedulius,
2216 1551 2253 1589 in
2279 1551 2383 1589 notis

1430 1615 1628 1666 designari
1657 1614 1902 1653 curavimus.

1512 1770 1533 1793 *-

1421 1828 1480 1859 Cui
1499 1836 1604 1867 genus
1622 1836 1641 1860 a
1658 1831 1791 1869 proavis
1808 1830 1828 1860 7
1851 1830 1969 1870 ingens
1988 1837 2176 1871 nomenque
2193 1830 2380 1871 decusque:

1429 1879 1627 1909 intemerata
1645 1878 1752 1910 thoris
1772 1878 1872 1910 talem
1889 1887 1924 1910 se
1942 1879 2026 1910 laeta
2043 1879 2168 1911 serebat
2181 1902 2191 1917 ,
2216 1879 2236 1910 8

1425 1927 1522 1958 Casta
1546 1927 1743 1967 pudicitiam
1760 1929 1844 1960 miro
1860 1928 2014 1960 servabat
2029 1936 2153 1960 amore.
2175 1928 2196 1960 9
2259 1963 2262 1966 ⁴

1428 1978 1511 2007 Huic
1529 1984 1562 2007 se
1581 1976 1684 2007 forma
1703 1979 1780 2015 Dei,
1799 1977 1895 2009 coelo
1912 1979 2070 2009 dimissus
2087 1978 2128 2010 ab
2145 1977 2214 2011 alto
2239 1976 2278 2009 10

1428 2026 1570 2064 Spiritus
1585 2048 1594 2064 ,
1615 2026 1705 2058 intus
1723 2026 1804 2063 alit,
1825 2030 1916 2058 casto
1935 2034 1970 2057 se
1986 2034 2125 2066 corpore
2143 2029 2272 2059 miscet.
2297 2025 2333 2058 11

1428 2078 1512 2105 Ante
1531 2079 1643 2106 tamen
1660 2075 1796 2106 dubiam
1814 2074 1914 2107 dictis
1932 2075 2059 2108 solatur
2075 2077 2216 2108 amicis:
2243 2075 2282 2106 1⁶2

1430 2124 1522 2154 Alma
1540 2131 1660 2164 parens
1678 2123 1793 2155 mundi
1812 2126 1992 2156 Dominum
2010 2126 2160 2164 paritura
2178 2128 2367 2165 potentem,

1430 2174 1512 2203 Nam
1531 2177 1563 2204 te
1581 2172 1682 2212 digna
1701 2177 1837 2204 manent
1854 2174 1985 2212 generis
2003 2173 2170 2205 cunabula
2188 2173 2226 2206 15
2241 2175 2347 2206 sancti
2361 2198 2371 2212 ,

1433 2223 1446 2250 i
1460 2221 1540 2259 ade,
1559 2230 1578 2252 o
1597 2221 1674 2254 felix
1691 2223 1760 2253 nati
1780 2223 1923 2262 pietate,
1940 2229 2153 2262 quocumque
2172 2223 2302 2255 vocaris
2327 2222 2365 2253 14

1439 2273 1605 2312 Auspiciis
1624 2270 1801 2302 manifesta
1821 2272 1916 2303 novis
1931 2293 1940 2308 ,
1959 2271 2014 2303 hic
2031 2273 2172 2303 vertitur
2188 2270 2288 2310 ordo,
2313 2270 2352 2302 15

1431 2322 1535 2361 nujus
1554 2321 1588 2352 in
1606 2319 1752 2352 adventu
1769 2319 1850 2353 fides
1869 2323 1903 2352 et
1919 2318 2006 2351 sama
2023 2321 2194 2360 perennis.
2218 2319 2258 2351 16

1497 2429 1595 2462 Talis
1619 2433 1696 2461 erat
1721 2429 1814 2460 Dido
1830 2452 1838 2466 ,
1863 2428 1973 2460 talem
1991 2436 2028 2460 se
2051 2427 2148 2460 laeta
2169 2426 2315 2468 ferebat.

1452 2480 1472 2509 9
1497 2481 1616 2520 Georg.
1640 2481 1681 2510 ll.
1705 2488 1736 2511 v.
1764 2478 1840 2510 524.

1496 2530 1610 2561 Casta
1633 2528 1850 2568 pudiciciam
1873 2530 1994 2559 servat
2014 2527 2152 2559 domus.

1439 2577 1477 2609 10
1495 2577 1609 2618 Eclog.
1631 2580 1684 2609 lv.
1707 2586 1740 2609 v.

1494 2629 1576 2659 Jam
1598 2635 1691 2658 nova
1714 2626 1906 2667 progenies
1929 2625 2025 2657 coelo
2044 2625 2241 2656 dimittitur
2260 2623 2348 2658 alto.

1435 2677 1470 2708 11
1495 2676 1621 2709 AEneid.
1650 2679 1703 2707 lv.
1728 2685 1759 2708 v.
1783 2676 1857 2708 726.

1493 2727 1651 2766 Spiritus
1668 2727 1769 2757 intus
1785 2725 1853 2756 alic
1868 2748 1878 2763 ,
1895 2729 2074 2764 totamque
2088 2722 2215 2763 infusa
2230 2731 2294 2763 per
2308 2725 2410 2754 artus

1494 2777 1597 2809 Mens
1612 2776 1732 2816 ayitat
1743 2774 1924 2813 molem‚ec
1933 2781 2062 2814 mayno
2077 2781 2114 2804 se
2127 2780 2276 2813 corpore
2287 2771 2412 2803 miscet

1439 2825 1477 2856 1⁶2
1498 2825 1630 2856 AEneid.
1653 2828 1688 2856 V.
1713 2834 1744 2857 v.
1759 2825 1837 2855 770.

1494 2875 1643 2914 Excipit
1661 2883 1702 2907 ac
1724 2873 1840 2913 sessos
1863 2873 1970 2905 dictis
1994 2872 2175 2903 salutatur
2196 2871 2334 2903 amicis.

1437 2924 1475 2955 15
1497 2923 1625 2956 AEneid.
1650 2925 1707 2954 111.
1725 2932 1758 2954 v.
1786 2921 1857 2954 105.

1497 2997 1504 3003 .
1551 2993 1561 3002 .
1604 2995 1613 3003 .
1660 2972 1787 3004 Gentis
1812 2970 1989 3002 cunabula
2009 2973 2168 3001 nostrae.

1439 3021 1475 3052 14
1501 3021 1612 3061 Eclog.
1640 3023 1697 3051 111.
1722 3029 1753 3052 v.
1779 3020 1833 3051 49.

1497 3094 1506 3103 .
1550 3095 1558 3102 .
1605 3095 1612 3102 .
1662 3071 1809 3103 Veniam
1833 3077 2047 3110 quocumque
2071 3067 2228 3100 vocaris.

1438 3129 1475 3160 15
1498 3128 1628 3161 AEnoid.
1648 3131 1705 3158 ΙΙΙ.
1731 3137 1763 3159 v.
1789 3128 1862 3159 575.

1495 3179 1678 3219 Auspiciis
1705 3178 1899 3217 manifesta
1913 3177 2016 3217 fides,
2036 3176 2088 3206 sic
2104 3175 2204 3215 saeta
2220 3172 2329 3206 Deam
2345 3181 2410 3203 rea:

1496 3229 1653 3260 Sortitur
1672 3228 1848 3266 volvitque
1875 3227 1968 3257 vices
1986 3250 1997 3265 ,
2022 3225 2055 3255 is
2078 3224 2228 3255 vertitur
2252 3221 2348 3251 ordo.

1440 3278 1474 3307 'lli
1497 3279 1624 3308 AEneid.
1643 3280 1690 3308 ΙΧ,
1718 3285 1748 3309 v.
1772 3276 1823 3307 79.

1505 3328 1621 3358 Dicite
1639 3327 1760 3366 prisc-a
1784 3327 1872 3365 flcles
1889 3324 1984 3363 sacto
2001 3349 2008 3361 ,
2035 3322 2095 3353 secl
2112 3320 2208 3360 sama
2231 3318 2410 3358 perennis.
