2550 4009
783 248 1354 289 MOISSIACENSE
2007 252 2055 291 81

79 324 189 366 slavi
209 321 359 363 Heraez·
390 332 477 372 pag.
515 320 606 359 345.
642 331 691 358 ex
716 320 902 359 editiione
927 321 1030 360 Anni

80 387 196 428 1721.
228 386 265 424 8.
294 388 384 436 post
427 381 516 432 ejus
561 387 743 433 poemata
789 384 1025 422 Germanica

81 459 222 489 recusa
252 445 326 487 An.
360 445 475 485 1733.

131 511 168 560 6)
203 506 321 551 With.
351 506 517 546 Ernesti
546 506 732 546 Tentzelii
752 508 1031 559 Moguntinen-

77 574 182 612 sium
213 570 361 610 moduli
386 568 548 620 majoris
573 569 821 620 aliorumquc
845 580 935 609 cum
964 580 1031 607 ve-

79 639 211 674 terum
241 637 328 673 tum
359 635 627 671 recentiorum
657 643 913 672 nummorum
944 631 1032 669 bre-

77 697 141 735 vis
169 695 391 746 designatio
421 705 508 745 pag.
540 694 630 734 355.
675 705 724 733 ex
767 694 1029 743 Germanico,

77 757 230 797 Gothae
262 757 379 796 1696.
411 756 474 796 fol.
506 755 703 809 Entmurf
724 755 887 795 etliclzer
918 755 1030 794 Ghur

76 818 371 873 Mayntzischer
413 817 649 867 medaillen,
678 830 769 858 cum
814 820 1030 871 appendice

76 887 248 935 quatuor
277 893 533 921 nummorum
563 893 654 932 pag.
683 882 751 922 371
790 894 872 933 seq.

76 953 79 956 ·
130 944 166 995 7)
195 943 283 983 Nic.
295 942 554 983 Seelaenderi
567 943 720 995 sylloge
735 945 1027 984 bracteatorum

77 1008 163 1047 sive
179 1017 371 1046 cavorum
389 1017 646 1045 nummorum
664 1007 1029 1057 Moguntinensium

76 1081 127 1109 ex
155 1068 392 1108 Germanico
422 1067 497 1107 An.
516 1067 633 1108 1725.
653 1069 920 1121 Latine2pag.
938 1070 1028 1109 373.

76 1132 141 1171 cui
173 1131 453 1182 supplementa
475 1130 673 1182 quaedam
697 1130 831 1170 addita
856 1133 894 1170 in
921 1144 1031 1182 prac-

77 1195 144 1233 fat.
173 1194 198 1243 )(
228 1193 252 1242 )(
280 1203 365 1244 seq.

128 1257 164 1305 8)
196 1253 336 1296 Caroli
365 1253 539 1294 Gustavi
563 1255 715 1294 Heraei
729 1257 853 1294 series
869 1256 1028 1296 Archio-

73 1319 327 1369 piscoporum
344 1317 710 1367 Moguntinensium
728 1348 736 1363 ‚
756 1321 1029 1357 monumentis

75 1380 367 1419 numismatum
393 1379 724 1417 caesarianorum
756 1382 927 1430 posteris
948 1392 1031 1419 ser-

75 1445 167 1480 vata
188 1470 200 1490 ,
231 1444 273 1479 et
301 1440 350 1479 ab
379 1439 530 1478 editore
552 1442 589 1478 in
616 1440 772 1479 tabulas
797 1441 968 1480 redacta.
994 1454 1030 1493 p.

74 1503 164 1542 389.
193 1514 244 1541 ex
272 1502 364 1541 edit.
397 1502 578 1541 Viennen
598 1504 631 1541 si
662 1504 700 1540 in
732 1503 819 1542 folio
849 1506 1030 1554 patenti,

73 1566 221 1606 tabulis
250 1566 294 1606 V.
325 1576 418 1604 cum
449 1565 670 1617 appendice
697 1567 818 1605 trium
847 1578 1032 1605 nummo-

77 1640 168 1668 rum
199 1628 495 1667 memorialium
524 1640 612 1679 pag.
642 1629 733 1668 392.

126 1692 163 1740 9)
198 1689 430 1730 Theoderici
453 1690 720 1730 Gresemuncli
761 1690 810 1730 de
853 1691 1031 1730 Mesche—

72 1753 147 1802 de,
173 1752 372 1804 junioris,
403 1753 569 1792 historia
598 1757 640 1792 et
685 1765 848 1792 carmen
895 1753 944 1792 de
989 1755 1027 1793 S.

72 1816 202 1855 Cruce
231 1827 354 1867 prope
382 1815 626 1867 Moguntiam
645 1816 813 1865 violata,
836 1828 922 1867 pag.
940 1816 1028 1855 393.

3 1890 4 1898 ¹
73 1877 169 1917 edit.
201 1876 459 1928 Argentorat.
487 1877 564 1916 An.
594 1877 711 1917 1514.

125 1940 187 1989 10)
215 1939 382 1980 ,Ιοαηηίε
410 1938 582 1979 Arnolclz·
600 1939 833 1992 Beryellani
848 1941 896 1980 de
920 1941 1029 1981 chal-

70 1993 306 2054 cographiae
336 2003 570 2051 inventione
600 2015 741 2054 poema
772 2006 1027 2043 encomiasti-

72 2075 164 2103 cum
194 2075 281 2116 pag.
314 2064 402 2104 421.
447 2076 497 2103 ex
541 2065 635 2104 edit.
678 2067 907 2116 Moguntina
950 2066 1027 2105 An.

71 2127 187 2166 1541.
217 2130 352 2166 exstat
381 2131 421 2166 et
450 2127 499 2166 ad
543 2128 694 2167 calcem
740 2128 888 2167 Anton.
933 2130 1028 2168 Ver-

70 2189 169 2229 dieri
198 2189 470 2241 supplementi
501 2190 599 2229 Bibl.
642 2190 940 2239 Gesnerianae,
985 2195 1026 2229 et

71 2253 108 2291 in
139 2253 331 2292 Tentzelii
359 2253 457 2292 Bibl.
489 2255 643 2294 curiosa
668 2255 714 2293 A.
741 2252 856 2293 1704.
879 2266 917 2305 p·
935 2254 1026 2292 986.

124 2317 188 2366 11)
220 2316 260 2355 S.
291 2314 409 2355 Sedis
452 2317 735 2367 Moguntinae,
777 2316 1024 2366 Collegiique

70 2378 359 2430 Metropolitani
381 2379 502 2418 facies
521 2379 608 2418 sub.
634 2380 791 2418 initium
814 2379 890 2417 An.
908 2379 1025 2418 1568.

71 2451 159 2491 pag.
192 2439 281 2480 445.
311 2452 362 2479 ex
404 2439 561 2492 AE9idii
603 2440 823 2480 Periandri
860 2441 1025 2479 Bruxel-

71 2500 197 2540 lensis
238 2501 453 2542 Nobilitate
497 2503 752 2553 Moguntinae
797 2503 1024 2550 Dioecesis‚

72 2563 477 2615 Metropolitanaeque
505 2564 729 2611 Ecclesiae,
760 2565 935 2603 carmine
960 2564 1027 2602 de-

73 2627 221 2677 scripta
250 2626 436 2677 elegiaco.
464 2627 627 2677 Mogunt
658 2625 761 2665 1568
805 2627 840 2664 8.
865 2625 1027 2663 Archio-

73 2689 287 2741 piscopus‚
317 2689 600 2739 praepositus,
632 2689 846 2735 necamus,
878 2689 1025 2727 Custos

63 2749 373 2798 Scholasticus,
404 2751 576 2800 Cantor,
608 2751 796 2790 Canonici
826 2751 915 2789 XX.
953 2751 1026 2787 Do-

75 2812 296 2852 micellares
314 2812 439 2852 XVII.

129 2874 190 2921 12)
219 2874 376 2925 Georgii
407 2874 622 2914 Christiani
670 2873 833 2913 Joannis
878 2874 926 2912 dc
958 2875 1027 2912 Pa-

75 2937 278 2976 triciorum
309 2940 493 2976 veterum
523 2937 885 2987 Moguntinensium
918 2937 1027 2975 fami-

76 2999 165 3046 liis,
194 2996 450 3046 discrimine,
476 2997 664 3050 juribus,
702 2999 1026 3038 contentionibus

76 3065 117 3101 et
146 3061 237 3100 fatis
265 3060 650 3098 commentariolum.
682 3072 769 3111 pag.
801 3061 986 3098 449-464.

71 3151 77 3153 -
135 3120 214 3161 Val.
248 3119 364 3160 Fred.
381 3119 428 3159 de
448 3119 686 3160 GUDENUS
704 3151 712 3169 ‚
733 3124 924 3161 Gamerae
952 3124 1028 3160 lni-

76 3184 235 3236 perialis
263 3182 454 3222 Assessor
482 3187 522 3221 et
550 3194 597 3221 ex
631 3183 858 3222 immediato
877 3183 1025 3222 Ordine

73 3246 264 3298 Equestri
287 3245 475 3296 Imperii,
503 3244 639 3284 circuli
688 3244 866 3283 Rlienani
910 3256 1027 3295 supe-

133 3345 167 3385 a)
186 3346 266 3378 Vide
281 3348 360 3378 Acta
378 3343 480 3377 Erud.
503 3344 596 3376 1720.
615 3353 688 3384 pag.
714 3345 780 3375 150.
798 3349 829 3375 ct
847 3344 1028 3377 Christiani

77 3396 219 3428 Gottlieb
249 3394 370 3428 Bnderi
396 3393 636 3426 Bibliotliecam
661 3396 864 3434 scriptorum
896 3398 1033 3426 Germa-

1107 321 1220 358 rioris
1241 350 1250 367 ‚
1275 320 1426 371 sylloge
1445 321 1479 358 1.
1509 319 1542 366 a)
1560 319 1763 358 Variorum
1787 320 2056 372 Diplomatum

1105 388 1541 432 monumentorumque
1574 386 1754 420 veterum
1786 388 1903 423 antea
1936 386 2060 424 inedi-

1105 450 1235 484 torum
1266 450 1307 483 et
1344 456 1408 483 res
1437 445 1719 491 Germanicas,
1751 446 1932 496 inprimis
1963 459 2057 487 vcro

1104 510 1360 558 Moguntinas
1392 508 1601 557 insigniter
1631 507 1915 547 illustrantium
1946 515 1987 548 et
2009 511 2059 549 ab

1105 571 1255 610 editore
1288 571 1575 610 illustratorum
1595 571 1770 608 Francot'.
1795 571 1910 610 1728.
1932 574 1968 611 8.
1991 573 2058 612 ad-

1105 632 1186 672 dita
1214 634 1350 671 notitia
1366 632 1554 672 Codicum
1577 634 1829 682 antiquorum
1850 636 2056 682 rariorum,

1104 697 1328 747 Moguntiae
1358 696 1395 733 in
1418 695 1587 744 Capituli
1618 696 2059 745 lllctropolitaniBiblio-

1105 758 1220 797 theca
1264 758 1513 796 latitantium
1539 785 1547 804 ,
1578 761 1618 794 ct
1661 757 1825 795 elencho
1855 758 2058 798 Cancella-

1105 823 1252 860 riorum
1282 820 1566 860 Electoralium
1600 821 1919 868 Moguntinoruni
1939 823 1988 860 ab
2011 824 2055 862 A.

1106 884 1220 923 4093.
1241 883 1288 921 ad
1323 883 1436 921 1728.

1162 946 1247 985 Vita
1275 947 1315 985 S.
1360 943 1596 994 Bililzilde's,
1640 947 1831 985 Ducissac
1873 948 2057 986 Franciae

1106 1009 1322 1048 Orientalis
1341 1013 1382 1046 et
1400 1008 1549 1057 primae
1563 1008 1799 1047 Abbatissae
1817 1011 1963 1048 veteris
1979 1012 2057 1049 Mo-

1110 1071 1273 1109 nasterii
1304 1071 1530 1120 Moguntiac
1559 1070 1634 1108 sul)
1664 1071 1863 1110 Clodovco
1907 1073 1935 1110 l.
1977 1073 2059 1110 edi-

1104 1137 1142 1171 ta
1172 1138 1213 1170 ct
1243 1133 1440 1171 illustrata
1470 1143 1492 1170 a
1521 1134 1559 1170 P.
1593 1134 1904 1185 IgnatioGropp.
1929 1137 2054 1173 Bene-

1104 1194 1250 1233 dictino
1282 1195 1515 1245 Wirceburg
1547 1195 1663 1234 1731.
1691 1197 1728 1240 4.

1159 1258 1215 1295 De.
1254 1257 1465 1307 Episcopis
1493 1262 1533 1294 et
1564 1256 1881 1308 Archicpiscopis
1899 1261 2057 1306 Moy-run-

1102 1319 1197 1356 tinis
1240 1317 1545 1357 Sammartham'
1576 1323 1670 1357 tom.
1702 1322 1715 1359 1
1753 1321 1902 1359 Galliae
1942 1322 2056 1360 Chri-

1106 1380 1258 1418 stianae
1288 1391 1376 1431 pag.
1406 1379 1496 1418 344.
1525 1391 1608 1430 seq.
1638 1386 1757 1431 atque
1782 1383 1965 1421 editionis
1991 1396 2056 1421 no-

1107 1452 1183 1479 vae
1212 1446 1319 1480 tomo
1342 1443 1385 1480 V.
1402 1441 1566 1480 Joannz‘s
1586 1443 1739 1481 Latomz·
1755 1444 1970 1495 Catalogus
1993 1458 2056 1484 us-

1107 1515 1185 1554 que
1214 1503 1262 1542 ad
1294 1504 1367 1542 An.
1399 1504 1514 1543 4582.
1545 1515 1637 1542 cum
1682 1507 1785 1543 notis
1830 1507 2053 1546 Hermanni

1109 1564 1234 1604 Ulrz‘cz'
1259 1565 1306 1604 de
1348 1565 1517 1617 Linqen,
1549 1572 1646 1604 tom.
1676 1568 1698 1605 3
1744 1579 1877 1607 rerum
1921 1569 2055 1607 Germ.

1106 1628 1325 1668 Menckenii
1351 1640 1438 1679 pag.
1462 1628 1550 1667 407.

1158 1692 1215 1730 De
1243 1691 1407 1729 Joanm‘s
1444 1691 1654 1730 Gamansic·
1694 1693 1732 1731 S.
1779 1694 1807 1730 Ι.
1851 1694 2054 1744 Metropoli

1107 1755 1337 1804 Moguntina
1369 1753 1521 1792 inedlta
1551 1758 1674 1804 atque
1706 1754 1863 1794 ineditis
1893 1755 1941 1794 ad
1990 1756 2059 1794 Se·-

1107 1817 1255 1855 rarium
1287 1816 1585 1855 accessionibus
1602 1815 1692 1854 vide
1710 1816 1952 1856 Leibnitiana
1970 1829 2055 1869 pag.

1107 1878 1196 1918 157.
1228 1883 1268 1917 et
1297 1880 1342 1927 G,
1374 1879 1646 1918 Christianum
1674 1880 1838 1917 Joannis
1867 1880 1989 1930 praef.
2005 1880 2051 1918 ad

1105 1945 1199 1979 tom.
1234 1943 1246 1980 1
1271 1953 1403 1980 rerum
1421 1943 1752 1991 Moguntinarum.

1155 2003 1314 2054 GeorfJii
1341 2003 1539 2042 Helwichi
1565 2003 1612 2042 de
1631 2003 1833 2041 nobilitate
1850 2003 2052 2041 Ecclesiae

1099 2068 1352 2116 Moguntinae
1382 2066 1551 2117 ejusque
1588 2066 1893 2105 Canonicorum.
1937 2067 2056 2104 Fran-

1102 2129 1174 2167 cof.
1209 2129 1324 2168 1614.
1353 2130 1386 2167 4.

1161 2190 1355 2240 Ejusdem
1377 2192 1516 2230 leones
1532 2192 1758 2231 Electorum
1779 2189 1885 2230 Xlll.
1901 2193 2060 2241 Mogun-

1106 2254 1314 2292 tinensum
1346 2254 1461 2292 1624.
1485 2254 1548 2292 fol.

1152 2315 1260 2354 Idem
1292 2317 1473 2366 promisit
1498 2316 1770 2365 Antiquitatcs
1793 2316 2055 2365 Moguntinas,

1098 2382 1139 2416 et
1168 2378 1396 2428 catalogum
1443 2378 1711 2416 Praelatorum
1757 2381 1797 2415 et
1840 2379 2057 2417 Canonico-

1099 2451 1188 2478 rum
1219 2440 1422 2478 Ecclesiae
1446 2440 1711 2489 Moguntiuae.

1151 2502 1376 2540 Hermanni
1417 2501 1624 2553 Conrinqii
1649 2502 1817 2539 assertio
1845 2502 1951 2539 Juris
1979 2502 2055 2538 Mo-

1099 2565 1254 2613 guntini
1275 2565 1311 2601 in
1335 2563 1572 2601 coronandis
1594 2563 2053 2611 Regibusltomanorum,

1098 2625 1274 2663 Francos.
1331 2626 1441 2663 4636.
1491 2626 1523 2663 4.
1570 2626 1813 2673 iterataeque
1862 2623 2053 2660 vindiciae

1100 2686 1279 2736 oJusdem
1311 2688 1442 2731 huis,
1473 2691 1514 2723 et
1543 2687 1748 2733 castigatio
1778 2686 1857 2723 auti
1889 2686 2054 2722 Conrin-

1098 2750 1235 2797 gianae
1265 2749 1510 2787 defensionis
1539 2750 1645 2786 luris
1676 2748 1936 2785 Coloniensis.
1965 2746 2052 2784 ibid.

1101 2810 1215 2849 1664.
1243 2811 1276 2849 4,
1308 2816 1347 2849 ct
1377 2816 1472 2848 toni.
1504 2812 1628 2861 primo
1658 2811 1830 2860 Operum
1857 2809 2053 2857 Conringii

1089 2871 1260 2922 junctim
1290 2872 1486 2910 editorum
1517 2876 1683 2910 curante
1716 2873 1757 2909 1).
1789 2873 1847 2908 Jo.
1892 2870 2051 2907 Williel-

1101 2946 1164 2973 mo
1193 2935 1390 2973 Goebolio.
1420 2935 1666 2982 Rrunsvigae
1700 2935 1811 2972 ⁴7:30.
1844 2933 1905 2971 tol.

1150 2996 1519 3037 MOISSIACENSE
1543 2996 1759 3035 Chrom'con
1776 3027 1784 3041 ,
1807 2997 1891 3032 sive
1913 3007 1961 3032 cx
1989 2994 2052 3032 illo

1099 3059 1294 3097 Chronico
1323 3064 1506 3108 excerpta
1533 3059 1580 3095 al)
1607 3059 1715 3095 initio
1738 3059 1855 3102 {logni
1890 3059 2052 3094 Franco—

1100 3134 1187 3159 ruiu
1219 3132 1344 3171 usque
1374 3120 1420 3158 ad
1454 3120 1496 3158 A.
1528 3122 1570 3157 (1.
1600 3122 1687 3158 sto.
1722 3122 1756 3155 in
1791 3118 1968 3157 :xmlroao
1998 3118 2050 3157 du

1100 3184 1256 3222 Cliesnc
1288 3187 1381 3220 tom.
1414 3185 1435 3219 :3
1467 3193 1597 3220 reruni
1631 3183 1866 3219 Francorum
1901 3194 1936 3232 p.
1965 3182 2052 3220 ⁴:50.

1102 3246 1187 3283 148.
1219 3245 1409 3289 Quoniam
1431 3256 1477 3282 ex
1506 3242 1632 3282 Reduc
1656 3244 1752 3282 libro
1775 3244 1823 3282 de.
1848 3255 1916 3282 sex
1943 3245 2051 3283 Mun-

1096 3346 1249 3375 nieorum
1275 3350 1347 3381 pag.
1375 3344 1427 3374 υδ.

1687 3465 1755 3502 ¹⁴52
