2533 4009
469 260 549 298 :253

472 329 532 367 iol.
564 337 654 364 cuin
686 324 780 360 libro
809 318 856 355 de
881 316 1166 364 'justificatione
1194 325 1262 363 per
1284 313 1416 360 iidem,

466 389 511 427 ad
543 387 737 426 Hebraeos
761 380 827 416 lx.
851 381 891 413 et·
914 375 1216 413 continuatione
1237 385 1419 412 summae

468 450 570 488 illius
600 449 620 483 ii
647 443 734 481 Juiii
767 439 947 477 Caesaris
968 437 1137 486 Imperio
1164 435 1212 473 ad
1234 446 1305 473 sua
1331 447 1420 485 pro-

466 510 582 547 ducta
612 511 788 550 tempora
818 498 928 536 libris
970 497 1031 535 lV.
1079 496 1176 535 Vide
1213 496 1417 535 Oudinum

467 576 557 607 tom.
584 568 606 602 2
638 574 722 612 pag.
754 560 872 598 ¹274.

513 624 703 666 PETRUS
742 619 1032 665 Pictaviensis,
1064 620 1165 657 Petri
1205 618 1419 657 Loinbardi

461 687 703 736 discipulus,
751 687 910 733 propter
961 672 1224 719 subtilitatem
1273 681 1419 731 ingenii

461 760 550 788 cum
583 745 722 784 eodem
756 741 999 789 Lombardo,
1030 741 1250 780 Abaelardo
1273 745 1314 778 et
1341 741 1421 778 Gil-

458 811 571 848 bcrio
603 809 816 844 porretano
854 808 1027 853 quatuor
1065 803 1215 841 Galliae
1245 803 1419 852 labyrin-

462 871 542 908 this
587 870 619 911 a)
665 867 923 905 accensitus:
968 864 1178 903 Lombardi
1210 874 1420 902 successor

459 942 530 981 per
571 939 696 967 annos
741 928 820 965 iere
863 925 1124 976 quadraginta
1166 924 1418 974 Theologiam

459 992 593 1030 docuit
621 991 804 1035 Parisiis,
830 992 870 1025 et
894 999 942 1025 ox
968 986 1212 1025 Cancellario
1238 990 1326 1036 post
1351 986 1420 1023 Pe-

457 1059 564 1092 trum
596 1053 871 1091 Coun-storem
905 1049 1114 1086 varisiensi
1145 1058 1270 1085 senex
1310 1046 1421 1084 deni—

458 1126 534 1164 que
578 1113 911 1161 Arciiiepiscopus
941 1110 989 1148 ab
1019 1109 1064 1147 Α.
1096 1109 1212 1147 4201.
1242 1107 1420 1146 Ebredu-

460 1176 622 1221 nensis,
653 1173 756 1210 diem
788 1172 882 1209 obiit
911 1171 954 1209 Α.
988 1171 1102 1209 4205.
1129 1172 1184 1208 De
1204 1180 1282 1219 quo
1307 1180 1419 1219 prae-

459 1241 520 1273 ter
551 1234 759 1273 Claudium
809 1234 1070 1271 Hemeraeum
1121 1231 1169 1269 de
1206 1230 1417 1269 Academia

458 1298 578 1334 Paris.
612 1307 697 1345 pag.
731 1295 819 1332 145.
864 1293 1036 1331 Bulaeus
1080 1297 1173 1329 torn.
1207 1293 1230 1329 2
1261 1302 1296 1341 p.
1326 1291 1415 1328 767.

459 1363 577 1407 atque
607 1356 792 1395 Oudinus
822 1360 850 1392 t.
882 1355 905 1392 2
937 1366 1023 1403 pag.
1054 1354 1169 1392 4499.
1202 1363 1283 1401 seq.
1317 1353 1420 1390 Scri-

457 1421 533 1469 psit
565 1418 737 1470 quinque
767 1414 887 1454 libros
916 1414 1211 1453 Sententiarum
1241 1413 1287 1452 ad
1324 1413 1418 1451 Gui-

461 1480 624 1517 inimum
657 1479 930 1516 senonensem
961 1480 1001 1513 et
1032 1480 1166 1525 postea
1198 1476 1270 1513 An.
1303 1474 1418 1513 4475.

457 1542 695 1579 Remensem
741 1538 1105 1587 Archiepiscopum.
1139 1535 1320 1574 Prodiere
1351 1537 1419 1572 Pa—

459 1603 526 1639 ris.
573 1602 686 1639 ⁴655.
736 1600 798 1638 fol.
843 1598 987 1637 edente
1031 1599 1193 1648 [lugone
1230 1595 1415 1634 Mathoud

458 1662 714 1701 Benedictino
760 1662 797 1699 S.
842 1661 978 1698 Mauri.
1023 1659 1082 1696 Ab
1127 1658 1188 1695 his
1232 1658 1418 1695 diversus

463 1722 779 1761 Commentarius
822 1721 952 1759 adhuc
997 1719 1170 1757 ineditus
1214 1718 1253 1754 in
1296 1717 1421 1766 Mayi-

459 1788 587 1822 strum
616 1783 904 1824 sententiarum
933 1782 981 1819 de
1006 1792 1083 1830 quo
1107 1779 1291 1818 Oudinus
1321 1783 1415 1816 tom.

460 1845 483 1885 Ξ
513 1858 600 1897 pag.
633 1846 746 1884 4504.
779 1844 985 1882 Albericus
1030 1843 1066 1879 in
1106 1841 1299 1880 Chronico
1330 1852 1416 1890 pag.

462 1909 551 1948 ilii.
582 1911 778 1946 memorat
807 1907 927 1943 etiarn
958 1904 1045 1954 ejus
1075 1905 1309 1950 Sermones,
1352 1901 1418 1939 Di-

460 1970 683 2009 stinctiones
697 1973 736 2005 et
760 1965 970 2005 Postillas:
994 1965 1183 2014 additque
1203 1975 1294 2002 eum
1317 1974 1417 2014 pau-

456 2029 622 2083 peribus
661 2027 923 2067 consulentem
968 2026 1134 2066 Clericis
1170 2024 1430 2074 exaequasse

459 2091 626 2130 arbores
670 2089 931 2128 historiarum
984 2087 1131 2125 Veteris
1185 2085 1420 2124 Testamenti

459 2154 498 2191 in
525 2150 694 2203 pellibus
723 2149 956 2201 (lepinyere,
987 2153 1026 2187 et
1051 2147 1097 2186 de
1125 2147 1233 2186 vitiis
1272 2151 1310 2185 et
1336 2146 1419 2185 vir-

461 2212 611 2252 tutibus
641 2211 825 2250 similiter
854 2210 1070 2262 disponere.
1109 2211 1163 2247 De
1206 2207 1419 2246 distinctio-

460 2273 578 2312 nibus
624 2274 662 2311 in
708 2271 948 2310 psalterium
989 2275 1028 2309 et
1066 2269 1271 2320 alleqoriis
1300 2280 1421 2320 super

465 2338 579 2374 Vetus
623 2338 659 2372 et
687 2333 841 2371 Novum
874 2333 1189 2379 Testamentum,
1222 2331 1421 2369 Sermoni-

463 2396 613 2448 busque
636 2407 711 2448 per
739 2394 838 2432 anni
859 2393 1063 2433 Circulum
1083 2422 1090 2440 ,
1114 2398 1154 2431 et
1183 2393 1329 2431 notulis
1353 2403 1421 2429 ex-

459 2460 607 2509 cerptis
651 2469 697 2495 ex
743 2456 832 2506 ojus
873 2456 1158 2502 Sermonibus,
1189 2459 1229 2491 et
1258 2456 1422 2493 Summa

461 2519 507 2558 (Ie
530 2517 730 2570 mysteriis
755 2516 1042 2555 incarnationis
1069 2515 1258 2563 CIIristi,
1285 2515 1421 2554 iauda-

460 2587 545 2620 tum
577 2580 779 2619 oudinum
810 2579 1021 2617 consulere
1043 2577 1217 2628 juvabit.

516 2642 708 2681 PETRUS
739 2639 1019 2688 Pictaviensis,
1042 2640 1269 2679 Canonicus
1296 2640 1334 2677 S.
1361 2639 1424 2676 Vi-

458 2706 577 2741 ctoris
608 2704 725 2741 Paris.
757 2705 798 2738 et
830 2700 1009 2749 Cantor,
1051 2701 1266 2740 defunctus
1307 2700 1422 2738 Anno

467 2764 581 2803 4197,
626 2763 674 2801 de
717 2762 834 2813 cujus
882 2761 1161 2800 Poenitentiali
1187 2767 1308 2811 atque
1338 2761 1421 2799 aliis

461 2826 620 2875 scriptis
650 2836 769 2874 supra
800 2835 834 2874 p.
866 2823 956 2862 237.
989 2826 1009 2846 ³*
1039 2824 1276 2862 Muratorius
1313 2821 1425 2860 Anti-

456 2989 624 3021 ‹lic-atores
641 2991 755 3028 Tiguri
771 2988 813 3019 ab
829 2991 865 3018 Α.
886 2985 978 3017 1568.
993 2985 1033 3017 ad
1054 2985 1145 3017 157¹.
1163 2995 1229 3025 quo
1249 2985 1429 3025 apoplexin

457 3038 563 3069 obiit:
582 3037 732 3069 {luidrici
752 3045 830 3067 vero
848 3034 997 3073 zwinglii
1010 3059 1018 3071 ‚
1036 3034 1272 3065 Reformatoris
1296 3037 1332 3064 Λ.
1351 3033 1429 3064 1551

461 3090 562 3116 aetat.
593 3086 644 3117 40.
674 3086 824 3117 defuncti
847 3093 958 3124 nepos,
978 3084 1057 3114 Vide
1075 3084 1261 3122 Hottingeri
1282 3082 1429 3114 scholam

460 3135 657 3171 Tigurinum
676 3143 749 3173 pag.
774 3134 846 3165 190.
866 3134 923 3164 ubi
942 3133 1069 3164 Petrus
1102 3132 1158 3163 ilie
1192 3136 1322 3171 praeter
1357 3139 1426 3163 rem

465 3181 686 3211 Pictaoienis
715 3183 914 3222 Episcopus
937 3181 1145 3220 appellatur.

527 3229 558 3266 a)
578 3230 655 3260 Vide
675 3239 774 3269 supra
793 3235 827 3263 ἰιι
849 3231 1012 3262 Guatteri
1032 3231 1066 3261 S.
1107 3229 1256 3261 Victoris
1273 3253 1283 3267 ‚
1302 3232 1383 3259 tom.
1401 3228 1434 3259 5.

464 3285 537 3313 pag.
556 3277 632 3306 345.

527 3323 561 3354 b‘i
587 3326 664 3362 Cap.
687 3327 750 3355 XV.
777 3328 892 3364 Quare
916 3337 986 3359 non
1009 3329 1203 3367 perstitisti
1216 3337 1291 3359 cum
1309 3326 1436 3359 ovibus

1327 243 1610 282 PETRUS

1493 314 1606 363 quiit.
1642 313 1756 351 Medii
1795 313 1893 353 Aevi
1939 321 1965 353 t.
1996 317 2060 354 111.
2093 328 2177 366 pag.
2208 317 2297 355 947.
2330 317 2448 355 tradit

1492 376 1531 411 in
1560 373 1639 413 Cod
1665 375 1741 412 MS.
1767 375 2024 416 Ambrosiano
2048 388 2259 428 superesse.
2284 378 2449 417 Chroni-

1491 446 1563 473 con
1595 436 1633 473 F.
1662 435 1793 473 Jacobi
1819 437 1875 474 De
1902 436 2027 487 Aquis
2049 439 2141 477 Ord.
2161 438 2294 477 Praed.
2312 439 2448 478 inscri-

1492 502 1633 547 ptum:
1666 497 1800 548 Imayo
1830 498 1975 537 Mundi
2002 502 2038 538 in
2083 513 2161 551 quo
2199 501 2388 541 nonnuua
2424 513 2446 540 e

1492 559 1688 597 Chronico
1717 561 1814 610 Mag.
1854 561 1956 598 Petri
1988 562 2247 602 Pictaviensis
2277 562 2447 602 delibata

1492 620 1693 669 leguntur.
1720 621 1794 660 Vix
1818 621 2040 661 dubitarem
2067 623 2174 662 hunc
2212 626 2340 674 ipsum
2358 634 2448 662 esse

1493 680 1654 720 Petrum
1687 682 1930 721 Cantorem:
1956 684 2028 722 nisi
2056 695 2119 722 me
2155 685 2446 735 aliquantulum

1493 754 1737 793 suspensum
1782 748 1963 783 veterum
2003 745 2239 795 scriptorum
2285 746 2333 784 de
2376 746 2450 784 hoc

1492 815 1608 854 opere
1627 816 1647 843 a
1669 806 1784 843 Petro
1804 804 1959 855 digesto
1974 806 2198 845 testimonia
2220 807 2451 845 retinerent.

1493 868 1610 905 Porro
1627 866 1816 905 Jacobum
1842 867 1890 905 de
1904 865 2030 917 Aquis
2047 866 2094 905 ad
2112 878 2175 906 an.
2198 867 2312 906 4296.
2328 866 2452 906 Chro-

1493 929 1607 966 nicon
1636 939 1757 967 suum
1797 928 2032 978 perduxisse
2070 927 2173 966 idem
2216 928 2452 967 Muratorius

1492 989 1713 1027 admonuit.
1731 991 1847 1027 Forte
1865 994 1997 1029 tamen
2017 1001 2118 1040 opus
2135 988 2452 1028 istudvindican-

1492 1050 1587 1089 dum
1605 1055 1667 1088 est
1696 1051 1808 1088 alteri
1832 1052 1947 1089 Petro
1967 1051 2015 1090 de
2026 1052 2066 1090 S.
2077 1050 2452 1098 .io.Pictaviensi‚de

1493 1123 1571 1161 quo
1590 1112 1808 1160 Fabricius3
1827 1123 1898 1152 nec
1914 1112 2020 1151 aliud
2039 1118 2103 1151 est
2121 1113 2218 1151 forte
2232 1112 2453 1152 Chronicon

1495 1173 1601 1212 istud
1619 1185 1739 1223 quam
1759 1175 2004 1213 continuatio
2023 1185 2201 1213 summae
2233 1171 2454 1213 historialis

1491 1233 1665 1273 Biblicae
1689 1235 1737 1273 ab
1757 1235 1895 1273 eodem
1919 1237 2031 1274 Petro
2056 1237 2227 1286 scriptae
2243 1235 2452 1286 editaeque

1491 1298 1622 1345 Tiguri
1650 1300 1693 1334 ut
1719 1295 1780 1334 hic
1802 1296 2004 1335 Fabricius
2019 1298 2083 1335 ait.
2108 1295 2451 1336 Costinuationem

1493 1358 1594 1396 hauc
1625 1357 1813 1396 scribitur
1843 1357 1892 1395 ibi
1911 1357 2072 1397 dedisse
2090 1357 2307 1398 Huldricus
2339 1359 2454 1396 Zuin-

1492 1421 1595 1471 glius
1626 1420 1896 1458 reformatoris
1925 1430 2059 1470 nepos.
2092 1419 2169 1459 Sed
2195 1420 2294 1458 forte
2319 1430 2454 1458 recen-

1493 1482 1567 1519 tior
1597 1481 1659 1519 hic
1688 1481 1831 1519 author
1861 1482 1954 1519 nihil
1986 1481 2035 1519 de
2050 1492 2123 1520 suo
2148 1480 2359 1532 praestitit,
2378 1481 2452 1519 nisi

1490 1544 1830 1581 continuationem
1870 1555 1921 1582 ex
1963 1554 2009 1580 eo
2045 1542 2232 1582 eductam
2270 1547 2450 1593 tempore

1490 1615 1568 1654 quo
1603 1604 1815 1643 chronicon
1852 1615 1970 1643 suum
2017 1605 2157 1643 Petrus
2187 1604 2447 1654 purduxerat.

1491 1668 1590 1711 Quis
1617 1677 1712 1704 vero
1738 1667 1811 1704 iste
1833 1667 1884 1704 sit
1908 1664 2081 1704 Jacobus
2103 1665 2150 1704 (Ie
2172 1665 2318 1716 Aquis,
2334 1667 2452 1705 cuius

1494 1727 1676 1765 meminit
1696 1727 1814 1765 etiam
1855 1729 2119 1767 Benvenutus
2147 1728 2197 1766 de
2227 1728 2267 1767 S.
2286 1727 2452 1777 Georgio

1492 1789 1528 1825 in
1561 1789 1727 1826 Historia
1758 1790 2038 1827 Montisferrati
2064 1789 2180 1839 plane
2201 1789 2349 1839 ignoro.
2377 1788 2399 1811 *

1546 1850 1738 1888 PETRUS
1769 1849 1899 1887 Pictor
1928 1850 2154 1889 eanonicus
2184 1850 2223 1888 S.
2255 1848 2452 1887 Andoma—

1492 1912 1522 1947 ri
1554 1912 1592 1948 in
1625 1910 1780 1950 Artesia
1810 1912 1912 1949 circa
1945 1910 1989 1949 A.
2033 1911 2148 1950 4200.
2193 1909 2310 1960 cujus
2353 1909 2452 1948 liber

1491 1971 1537 2009 de
1567 1972 1823 2010 Sacramento
1866 1971 2019 2011 Altaris
2061 1971 2248 2010 versibus
2278 1972 2448 2009 leoninis

1492 2035 1736 2083 compositus
1783 2038 1916 2072 exstat
1957 2035 2156 2072 Manuscr.
2187 2034 2224 2071 in
2263 2032 2448 2072 Bibliotb.

1493 2097 1570 2132 San
1603 2093 1864 2133 Germanensi
1897 2094 1990 2133 Cod.
2023 2094 2113 2133 658.
2150 2095 2319 2145 Incipit:

1506 2172 1668 2203 Omnibus
1693 2172 1726 2202 in
1752 2171 1848 2204 tactis
1866 2194 1877 2210 ,
1903 2172 2075 2211 conceptis
2098 2172 2171 2202 sive
2194 2172 2341 2210 peractis

1526 2221 1628 2252 Debet
1650 2224 1811 2261 praeponi
1837 2223 1936 2253 DEUS
1958 2221 2125 2252 humanae
2151 2222 2279 2252 rationi
2306 2224 2376 2253 etc.

1510 2271 1595 2308 Cap.
1625 2269 1653 2302 1.
1679 2271 1777 2301 Panis
1803 2272 1835 2301 in
1859 2270 1955 2301 altari
1981 2270 2077 2301 Verbi
2101 2272 2228 2301 virtute
2252 2274 2401 2302 sacratus

1529 2321 1581 2350 Fit
1608 2321 1726 2351 Divina
1749 2320 1833 2350 Caro
1851 2321 1955 2350 nostri
1979 2320 2148 2351 medicina
2165 2323 2278 2351 reatus
2295 2322 2360 2351 etc.

1498 2388 1592 2427 Vide
1622 2388 1826 2427 Oudinum
1858 2391 1886 2424 t.
1917 2386 1941 2425 2
1971 2397 2008 2436 p.
2039 2385 2157 2424 4725.
2186 2396 2270 2435 seq.

1550 2450 1742 2488 PETRUS
1772 2448 1818 2487 de
1849 2445 2080 2498 Pilichclorf
2107 2448 2193 2486 sive
2238 2444 2456 2485 Pilichdor-
2508 2479 2511 2482 .

1494 2511 1571 2562 fius
1602 2512 1840 2557 Germanus,
1866 2510 2011 2547 Doctor
2039 2512 2079 2546 et
2103 2509 2310 2557 Magister,
2334 2506 2459 2545 Theo-

1497 2573 1619 2623 logiae
1651 2571 1853 2610 Professor
1882 2569 1927 2608 A.
1959 2569 2073 2609 4444.
2105 2570 2264 2619 scripsit
2309 2565 2453 2607 Obvia-

1499 2634 1617 2672 tz'ones
1637 2634 1676 2673 S.
1698 2633 1958 2683 Scri'pturae,
1984 2633 2124 2669 contra
2152 2640 2313 2668 errores
2342 2627 2454 2670 Wal-

1497 2695 1701 2734 densium:
1735 2696 1838 2732 inter
1866 2693 1940 2731 alia
1971 2695 2146 2730 testatus
2174 2691 2211 2740 b)
2243 2690 2350 2738 mille
2374 2700 2458 2728 am-
2520 2729 2522 2734 λ

1498 2757 1604 2806 plius
1633 2767 1682 2794 ex
1713 2756 1790 2793 illis
1821 2755 1921 2792 infra
1961 2753 2133 2804 spatium
2179 2751 2347 2791 duorum
2389 2762 2457 2790 an-

1500 2828 1639 2855 norum
1685 2816 1731 2854 ad
1782 2815 2025 2855 Catholicam
2059 2813 2176 2852 fidem
2214 2813 2337 2852 fuisse
2365 2823 2458 2852 con-

1496 2984 1534 3013 in
1565 2981 1772 3021 Thurioeiqia,
1784 2979 1964 3017 Mare-hia,
1980 2979 2149 3010 Bohemia
2161 3002 2172 3018 ‚
2196 2977 2376 3017 Μοναυία,
2400 2976 2460 3008 ubi

1498 3039 1542 3062 eoe
1557 3031 1643 3062 DEI
1652 3030 1776 3070 qratia
1782 3029 1864 3067 jam
1877 3028 1978 3068 infra
1997 3029 2154 3068 spatium
2175 3027 2325 3059 duorum
2347 3033 2463 3058 anno-

1496 3089 1575 3111 rum
1590 3081 1685 3110 cirea
1699 3079 1795 3110 mille
1809 3086 1985 3119 personas
2001 3077 2172 3108 haeretiei
2191 3076 2398 3108 Waldenses
2413 3073 2462 3106 acl

1502 3129 1605 3169 fidem
1624 3128 1846 3161 catholicam
1862 3131 1945 3158 sunt
1965 3126 2157 3158 conversi?
2180 3125 2296 3165 Quare
2311 3132 2383 3154 non
2403 3131 2462 3154 ve-

1498 3179 1556 3209 nis
1579 3179 1624 3210 ad
1650 3178 1845 3216 Austriam,
1868 3181 1901 3207 et
1922 3175 2130 3216 Unqariam,
2145 3173 2204 3204 ubi
2226 3181 2308 3213 spes
2330 3175 2382 3203 est
2405 3172 2460 3202 In-

1500 3226 1731 3265 quisitor-ibus
1765 3226 1964 3257 haereticae
1996 3223 2192 3264 pravitatis
2225 3220 2352 3261 plures
2374 3219 2458 3250 item

1498 3283 1602 3314 quam
1627 3275 1723 3306 vnille
1744 3282 1919 3315 personas
1943 3278 2083 3305 tuorum
2100 3269 2314 3302 credentium
2329 3268 2406 3308 fore
2419 3267 2461 3299 de

1501 3324 1661 3362 saum'bus
1692 3324 1883 3355 Leviathan
1907 3320 2145 3353 eoetrahendos
2160 3321 2176 3349 ?
