2533 4009
438 253 510 292 152

435 324 607 363 Ecclesia
638 319 840 358 ‹ionuousi
871 315 1060 354 celebrari
1091 314 1152 351 VI.
1182 314 1273 352 Julii
1313 325 1381 351 no—

435 388 533 423 tavit
566 383 750 433 L'gliellus
780 384 872 415 tom.
905 375 940 413 [ι.
972 387 1058 425 pag.
1091 376 1267 424 839.·qui
1295 386 1378 424 pag.

432 447 522 484 844.
552 457 599 482 ex
629 441 810 480 Art-liivio
840 438 1041 475 Geuuensi
1072 436 1234 474 exhibet
1263 435 1380 473 dona-

435 508 571 545 tionem
599 504 646 542 ab
677 503 746 539 hoc
776 499 921 538 Oberto
951 499 1023 536 An.
1072 499 1187 538 4052.
1236 499 1378 536 factam

432 569 630 606 Ecclesiae
660 564 696 601 S.
726 562 814 610 Syri
845 560 1092 599 Confessoris
1115 561 1353 599 Genuensis.

485 624 710 665 OBER'I'L'S
739 621 789 660 ab
829 622 921 660 Orto
962 623 1047 660 sive
1091 624 1213 661 llorto
1255 622 1377 660 JCtus

432 699 544 738 cujus
573 686 708 724 crebra
740 686 777 722 in
809 684 917 722 libris
949 684 1171 723 Feudorum
1200 686 1347 723 mentio
1367 715 1376 732 ,

431 761 529 800 quos
557 750 674 786 etiam
705 747 905 797 dispersos
936 747 972 784 in
1004 746 1181 784 ordinem
1208 746 1380 795 redegis-

431 824 472 849 se
503 810 696 858 traditur,
726 814 769 848 ut
799 810 951 847 notavit
980 809 1151 847 Jacobus
1195 808 1381 847 Alvarot-

431 880 496 911 tus
514 873 710 922 prooemio
734 872 909 910 lecturae
941 872 977 908 in
1010 881 1108 909 usus
1139 870 1379 909 Feudorum.

433 936 582 974 Claruit
601 933 844 984 temporibus
862 932 1043 971 Friderici
1061 934 1087 970 1.
1105 934 1206 971 circa
1220 932 1265 970 A.
1286 932 1383 970 1458

430 997 523 1035 Vide
564 996 787 1035 Gvidonem
838 994 1100 1032 l‘ancirollum
1146 994 1193 1032 ll.
1233 994 1294 1032 44.
1335 993 1383 1031 de

427 1060 543 1098 claris
572 1061 678 1097 Juris
711 1056 1006 1107 interpretibus.

487 1122 506 1143 ¹*
533 1121 702 1161 ebertus
732 1118 783 1157 ab
826 1121 947 1158 Horta
978 1118 1282 1157 Mediolanensis
1317 1118 1381 1157 vel

434 1187 576 1224 salu-m
623 1186 660 1221 in
703 1184 793 1222 aula
835 1181 1116 1222 Mediolanensi
1168 1191 1379 1220 causarum

429 1254 631 1299 patronus.
681 1247 764 1284 Una
808 1256 898 1283 cum
942 1242 1146 1283 Gherardo
1175 1244 1379 1294 Cacapisei

429 1312 478 1349 de
509 1323 549 1348 re
581 1308 724 1348 feudali
755 1309 941 1358 scripsit3
973 1307 1041 1345 sed
1074 1318 1162 1346 cum
1194 1317 1294 1357 opus
1337 1306 1382 1344 il-

428 1374 554 1412 lorum
589 1371 699 1410 nullo
729 1370 927 1421 digestum
960 1374 1069 1407 esset
1093 1368 1253 1415 ordine,
1297 1367 1381 1406 ideo

430 1436 628 1475 Antonius
656 1433 909 1472 Mencuccius
935 1431 1184 1481 (Minuccius)
1203 1430 1250 1469 de
1268 1431 1382 1468 Prato

429 1498 561 1536 veteri
612 1495 853 1546 indigestam
896 1494 998 1533 hanc
1045 1500 1198 1532 struem
1250 1493 1383 1532 distri-

431 1561 517 1599 buit
547 1562 582 1597 in
615 1569 709 1597 suas
752 1563 885 1609 partes
915 1562 954 1595 ct
983 1557 1109 1607 capita
1140 1555 1304 1595 adiectis
1333 1554 1379 1593 ad

431 1626 653 1673 opportuna
684 1621 767 1660 loca
798 1620 1120 1660 adnotationibus
1151 1619 1283 1658 jacobi
1308 1619 1381 1656 Co-

431 1685 623 1731 lumbini,
654 1696 772 1734 quem
804 1683 1032 1722 Pancirolus
1061 1683 1294 1732 [legiensem
1326 1679 1382 1718 di-

434 1750 510 1794 xit,
541 1749 578 1785 in
609 1746 742 1786 codice
776 1757 870 1784 vero
900 1745 948 1783 de
971 1756 1049 1795 quo
1079 1744 1266 1791 inferius,
1297 1743 1381 1793 lego

432 1811 735 1849 Bononiensem.
774 1809 885 1858 Opus
917 1806 1021 1845 istud
1065 1808 1100 1843 in
1145 1818 1215 1844 sex
1263 1805 1382 1843 libros

433 1872 701 1917 distribuitur,
741 1882 790 1909 ex
837 1870 982 1921 quibus
1025 1871 1175 1920 priores
1204 1870 1381 1919 quinque

431 1946 514 1973 rem
547 1934 741 1973 feudalem
771 1934 852 1983 jam
895 1932 987 1971 olim
1019 1943 1039 1970 a
1070 1932 1236 1970 Roberto
1284 1931 1388 1968 socio

432 1997 616 2036 traditam
642 1996 839 2047 digerunt,
868 1998 1028 2033 sextum
1052 2005 1146 2032 vero
1171 2006 1219 2032 ex
1243 1993 1390 2032 consti—

435 2060 652 2098 tutionibus
679 2058 860 2097 Friderici
886 2059 910 2095 1.
934 2057 1035 2095 idem
1058 2057 1256 2094 Antonius
1283 2066 1390 2093 com-

436 2123 542 2173 pegit
585 2127 624 2158 et
661 2121 813 2159 adiecit.
848 2119 1083 2159 Confectum
1112 2119 1160 2157 ab
1207 2118 1383 2156 Antonio

435 2185 625 2223 Minuccio
642 2194 740 2234 opus
762 2184 798 2220 in
824 2182 920 2220 Bibl.
947 2182 1068 2219 Felini
1090 2179 1390 2218 membranaceo

430 2248 664 2297 egregioque
694 2244 787 2283 Cod.
819 2245 938 2283 Sacc.
978 2244 1047 2282 XV
1074 2247 1214 2281 nactus
1239 2253 1327 2280 sum
1353 2246 1391 2279 et

432 2321 480 2348 ex
507 2309 568 2347 illo
595 2320 638 2347 ea
664 2320 764 2358 quae
796 2308 858 2345 hic
894 2305 1037 2345 tradidi
1079 2310 1241 2356 accepta
1283 2309 1389 2344 sunt.

433 2371 529 2410 Vide
563 2373 750 2422 superius
792 2368 1032 2408 Minuccius.

485 2434 618 2473 Julius
649 2431 948 2479 OBsEQL‘ENs
965 2432 1060 2470 Bibl.
1078 2433 1160 2470 Lat.
1180 2435 1205 2468 t.
1226 2431 1275 2469 ΙΙΙ
1300 2441 1333 2468 c.
1357 2431 1389 2467 4.

488 2495 708 2535 Guilelmus
738 2495 941 2543 OCCAM,
972 2505 1091 2545 supra
1117 2498 1142 2531 t.
1175 2495 1211 2532 3.
1236 2505 1271 2544 p.
1299 2493 1387 2532 447.

486 2558 674 2598 Nz‘colaus
703 2558 900 2605 OCCAM,
931 2568 1050 2608 supra
1082 2569 1118 2607 p.
1145 2556 1234 2595 449.

485 2622 617 2661 OCCO
662 2620 941 2667 Scharlensis‚
983 2632 1031 2658 ex
1078 2630 1175 2670 pago
1221 2620 1387 2664 Scarle‚

435 2686 585 2723 Frisius
615 2689 791 2734 tempore
819 2682 987 2721 Othonis
1018 2683 1129 2732 primi
1158 2683 1243 2720 sive
1261 2683 1388 2732 Magni

436 2747 534 2797 Imp.
567 2747 691 2784 fertur
721 2747 842 2784 fuisse
873 2747 1043 2795 scriptor
1075 2743 1280 2795 Oriyinum
1302 2743 1391 2781 Fri-

436 2811 611 2848 sicarum
640 2819 740 2858 quas
770 2808 881 2857 sequi
911 2818 954 2845 se
985 2807 1190 2857 profitetur
1225 2808 1389 2844 Bernar-

439 2871 586 2910 nardus
616 2871 864 2909 FurineriuS.
890 2868 1208 2914 Leovardiensis‚
1233 2868 1387 2906 6414431·-

439 2935 547 2972 tinus
577 2933 825 2972 ilamconius:
857 2930 1020 2969 laudant
1050 2929 1247 2968 suffridus
1263 2930 1384 2974 Petri,

440 3002 480 3033 et
508 3001 609 3034 teste
639 2996 833 3034 Sweertio
863 3005 947 3044 pag.
980 2992 1250 3031 587 Occonis
1266 2991 1388 3028 histo-

442 3059 536 3095 riam
567 3060 738 3096 Joannes
781 3055 1018 3106 Ulieterpius
1048 3056 1127 3106 (qui
1154 3054 1226 3092 An.
1272 3053 1386 3092 4370.

444 3120 547 3165 obiit.
578 3122 697 3158 vertit
727 3122 762 3157 in
795 3120 966 3170 linguam
994 3118 1216 3167 Belgicam,
1242 3115 1392 3155 Andre-

447 3192 489 3218 as
511 3192 601 3219 vero
619 3184 822 3221 Cornelius
837 3181 1096 3246 continuavit.
1120 3179 1195 3219 Sed
1215 3180 1392 3218 Valerius

447 3241 626 3280 Andreas
650 3255 734 3294 pag.
760 3245 850 3282 702.
868 3246 1053 3295 antiquos
1071 3244 1283 3281 Frisiorum
1302 3242 1395 3291 rhy-

503 3377 534 3414 a)
563 3377 630 3404 Non
654 3376 828 3406 Svessanus
844 3399 852 3413 ‚
876 3381 909 3407 ut
933 3377 1019 3418 apud
1047 3377 1195 3408 vossium
1230 3383 1304 3415 pag.
1329 3374 1402 3405 (507.

1244 238 1585 280 OBERTUS

1454 312 1587 351 tlimos
1617 311 1654 347 in
1681 310 1883 360 vulgarem
1909 311 2079 361 linguam
2104 309 2325 359 (Belgicam)
2347 309 2396 348 ab

1454 376 1609 413 Oecone
1640 370 1761 409 tradit
1791 373 2003 411 translatos
2031 383 2138 417 esse,
2162 382 2206 410 ac
2236 370 2398 422 perinde

1456 435 1681 475 fabulosum
1712 434 1749 470 in
1781 433 1977 484 plerisque
2019 435 2196 486 agnoscit
2233 434 2398 483 scripto-

1453 508 1556 544 rem,
1586 506 1631 534 ac
1660 493 1878 545 Cappidum
1909 496 2176 535 Stavriensem
2204 496 2266 534 vel
2291 495 2399 534 Alvi·

1453 570 1549 598 num
1582 558 1825 597 Snecanum.
1852 555 2004 607 Exigua
2029 559 2146 596 etiam
2178 557 2297 607 hujus
2325 558 2401 597 Oc-

1451 621 1560 660 conis
1584 620 1797 658 auctoritas
1823 617 1927 668 apud
1955 618 2151 658 Ubbonem
2176 621 2398 668 Emmium,

1452 683 1729 731 Vossiumque.

1504 742 1939 784 OCHSENHUSANUS
1967 741 2181 784 Monachus
2223 745 2260 782 in
2305 744 2403 783 Sve-

1454 807 1541 853 via,
1574 806 1742 856 scriptor
1783 804 1893 843 Vitae
1939 804 2079 842 nobilis
2124 805 2201 844 Viri
2243 805 2404 845 Henricz

1455 868 1727 907 Svivaldensis
1757 867 1798 917 (a
1825 865 2087 918 Zwifaltach‚
2126 867 2211 906 sive
2238 867 2404 921 Zwifal-

1457 932 1529 979 ten)
1555 931 1697 968 Prioris
1726 934 1818 968 ante
1848 930 1895 967 A.
1926 929 2046 968 4084.
2075 928 2404 969 Ochesenhusani

1456 993 1628 1031 Exstant
1656 991 1758 1042 apud
1789 991 1991 1031 Canisium
2017 995 2111 1030 tom.
2136 991 2179 1031 V.
2195 991 2233 1030 2.
2259 1002 2294 1042 p.
2315 991 2404 1031 670.

1457 1056 1494 1104 (t.
1521 1056 1543 1093 3
1573 1053 1664 1093 edit.
1698 1065 1823 1094 novae
1851 1053 2120 1104 Basnagianae
2149 1064 2186 1104 p.
2202 1053 2291 1093 384.
2311 1055 2405 1104 seq.)

1507 1115 1740 1155 Bernardus
1779 1116 2116 1156 ORICULARIUS
2154 1115 2407 1154 Florentinus

1454 1181 1558 1218 circa
1587 1179 1661 1219 An.
1695 1179 1808 1219 4500.
1840 1179 1902 1218 hic
1932 1183 1994 1217 est
2023 1179 2110 1218 aliis
2138 1178 2405 1219 ORlCELLA-

1455 1244 1597 1292 RlUS,
1626 1243 1728 1283 Julio
1757 1243 1874 1293 Nigro
1905 1254 1940 1293 p.
1973 1241 2064 1280 406.
2091 1241 2277 1280 historiae
2311 1241 2408 1280 scri-

1452 1312 1607 1358 ptorum
1633 1306 1950 1345 Florentinorum
1976 1302 2210 1343 Bernartius
2225 1304 2408 1344 RUCEL‘

1458 1370 1546 1408 [ΑΙ.
1580 1371 1634 1407 De
1659 1368 1746 1419 ejus
1771 1366 1939 1406 historia
1981 1366 2061 1405 dixi
2104 1371 2198 1405 tom.
2245 1368 2278 1406 4.
2318 1377 2405 1418 pag.

1454 1433 1543 1471 946.
1572 1433 1628 1470 De
1656 1431 1796 1469 eodem
1813 1431 2031 1468 Erasmus:
2058 1428 2188 1480 Hujus
2220 1426 2410 1468 historias

1454 1494 1492 1533 si
1522 1493 1706 1544 leyisses,
1742 1491 1916 1530 dioez‘sses
1953 1492 2125 1529 alterum
2154 1488 2408 1538 Sallustium,

1452 1560 1525 1594 aut
1545 1559 1648 1594 certe
1688 1554 1877 1594 Sallustii
1919 1552 2162 1604 temporibus
2205 1552 2407 1604 scriptas.-

1455 1619 1667 1669 Nunquam
1697 1620 1826 1655 tamen
1848 1615 1899 1654 ab
1929 1614 2080 1654 homine
2111 1614 2327 1667 impetrare
2363 1613 2409 1654 li—

1455 1681 1559 1729 cuit,
1588 1683 1635 1718 ut
1655 1691 1807 1718 mecum
1833 1677 1966 1717 Latine
1991 1676 2234 1729 loqueretur.

1506 1742 1814 1781 OCTAVENUS
1845 1741 1965 1780 ICtus
1982 1770 1992 1785 ‚
2024 1739 2094 1778 sed
2115 1738 2297 1779 Hadriani
2313 1744 2415 1778 tem-

1455 1806 1626 1857 poribus,
1659 1806 1788 1854 itaque
1818 1803 2024 1852 antiquior
2052 1812 2171 1852 quam
2219 1807 2262 1841 ut
2288 1803 2312 1840 a
2351 1813 2415 1841 me

1460 1868 1595 1906 referri
1620 1866 1782 1905 debeat.

1514 1927 1836 1968 OCTAVIANUS
1864 1925 1911 1965 de
1939 1926 1980 1965 S.
2005 1924 2165 1965 Gelasio
2190 1926 2419 1978 Episcopus

1462 1993 1499 2029 in
1529 1990 1653 2029 Gallia
1683 1989 2000 2040 Engolismensis
2031 1988 2080 2027 ab
2111 1988 2185 2027 An.
2225 1989 2342 2029 4492.
2370 1988 2419 2028 ad

1467 2053 1580 2093 ¹502.
1609 2053 1657 2092 de
1686 2064 1764 2103 quo
1804 2050 2101 2091 Sammarthani
2141 2054 2235 2089 tom.
2266 2051 2304 2089 2.
2333 2050 2423 2090 Gal-

1465 2117 1536 2155 liae
1560 2116 1809 2155 Christianae
1838 2125 1925 2165 pag.
1970 2113 2060 2152 584.
2109 2113 2245 2151 Latine
2288 2115 2422 2152 nescio

1464 2190 1512 2217 an
1545 2179 1667 2217 multa
1699 2178 1860 2228 scripsit
1880 2207 1888 2226 ,
1912 2176 1984 2215 sed
2013 2187 2063 2215 ex
2092 2176 2240 2215 Latino
2264 2176 2424 2216 Gallicis

1467 2241 1648 2279 versibus
1678 2240 1884 2278 transtulit
1913 2237 2122 2278 AEneidem
2177 2238 2352 2289 Vir9ilii‚
2382 2244 2423 2278 et

1468 2302 1599 2342 Ovidii
1625 2302 1821 2353 Epistolas
1851 2303 1941 2351 (non
1970 2301 2044 2339 An.
2077 2300 2201 2340 4446.
2232 2305 2274 2340 ut
2304 2313 2426 2341 excu-

1465 2377 1553 2404 sum
1584 2365 1687 2417 apud
1719 2364 1917 2403 Labbeum
1953 2363 2048 2402 Bibl.
2099 2364 2357 2415 Manuscript.
2387 2376 2425 2415 p.

1466 2429 1555 2468 249.
1585 2428 1654 2467 sed
1685 2427 1758 2466 An.
1791 2425 1919 2477 4496.)
1949 2431 1990 2464 et
2012 2425 2166 2465 Gallice
2199 2426 2327 2464 vertit
2354 2427 2427 2464 Bo-

1465 2489 1607 2542 m'facii
1633 2490 1872 2530 Simonettae
1900 2488 2045 2528 librum
2070 2487 2118 2527 de
2143 2489 2428 2539 persecutione

1465 2554 1689 2601 Ecclesiae⁷
1720 2557 1764 2591 ut
1795 2553 1976 2590 omittam
2006 2550 2150 2589 librum
2200 2549 2349 2590 Gallice
2379 2551 2429 2591 ab

1464 2628 1509 2655 eo
1538 2616 1689 2655 editum
1717 2615 1764 2653 de
1797 2625 1875 2664 quo
1907 2613 2009 2652 idem
2056 2613 2238 2652 Labbeus
2268 2624 2305 2664 p.
2337 2614 2426 2653 354.

1465 2680 1500 2718 le
1540 2680 1695 2729 Verger
1727 2677 1762 2716 d'
1780 2677 1963 2715 honneur
2005 2675 2054 2714 de
2084 2675 2107 2713 1’
2123 2676 2344 2725 entreprise
2372 2675 2427 2715 du

1463 2753 1616 2792 voyage
1649 2741 1698 2779 de
1727 2739 1877 2790 Naples
1906 2738 1954 2777 de
1983 2737 2125 2777 Charle
2157 2738 2253 2776 VIII.
2285 2736 2428 2778 Confer

1462 2803 1724 2843 Bibliothecas
1754 2801 1928 2840 Gallicas
1958 2799 2117 2838 Antonii
2135 2799 2354 2848 Verdierii5
2385 2805 2427 2840 et

1461 2865 1657 2904 Francisci
1687 2863 1796 2902 Grud
1809 2864 1843 2901 ei
1867 2863 2104 2902 Crucimanii
2124 2891 2131 2911 ,
2156 2861 2273 2912 cujus
2293 2862 2429 2902 dolen-

1460 2927 1554 2966 dum
1589 2931 1651 2965 est
1682 2937 1757 2963 non
1789 2930 1951 2964 exstare
1981 2926 2028 2964 ad
2069 2936 2190 2975 quam
2219 2936 2306 2976 pag.
2338 2926 2426 2965 529.

1462 2994 1583 3039 atque
1607 2989 1694 3027 alibi
1723 2992 1912 3039 provocat
1933 2988 2218 3027 Bibliothecam
2247 2988 2424 3027 Latinam

1464 3053 1699 3102 scriptorum
1731 3051 1932 3090 Gallorum
1955 3051 2170 3102 quinquies
2195 3050 2262 3088 vel
2291 3051 2423 3089 sexies

1468 3114 1584 3152 mille.

1518 3175 1839 3215 OCTAVIANUS
1884 3174 1930 3214 de
1973 3173 2166 3216 Martinis
2213 3174 2426 3215 Sinuessa-

1471 3250 1547 3278 nus
1564 3269 1574 3288 ,
1597 3239 1629 3286 a)
1655 3243 1834 3288 tempore
1865 3238 1964 3277 Sixti
1986 3237 2049 3277 IV.
2070 3235 2302 3276 Advocatus
2326 3237 2426 3277 Con-

1468 3372 1590 3406 Oudin.
1614 3381 1694 3409 mom.
1720 3373 1738 3403 5
1766 3379 1840 3411 pag.
1864 3369 1957 3402 2690.
