2533 4009
434 257 504 295 ¹02

1251 251 1630 293 NICOLAUS

432 327 711 365 Bonon.i.=501.
735 323 1387 386 lt.Vide'Possevinum,tElssium
1462 325 1638 365 defuncti
1671 331 1760 377 post
1795 328 1869 368 An.
1909 333 2026 371 1330.
2066 343 2167 384 quae
2209 335 2343 371 exstat
2388 333 2426 371 in

431 392 470 425 et
496 390 538 426 H.
564 388 830 426 Warthonum
855 384 903 423 ad
930 385 1123 423 Caveum.

484 450 504 470 ³*
534 450 688 487 Vixisse
717 452 825 485 certo
858 450 1015 484 constat
1054 459 1182 498 usque
1219 449 1267 488 ad
1307 449 1384 488 An.

433 513 527 550 1501
559 521 606 548 an
637 519 724 546 iero
763 508 933 546 ulterius
973 510 1187 558 ignoratur.
1231 512 1391 549 Praeter

431 573 549 610 libros
570 572 631 608 1110
647 582 668 608 3
692 570 864 608 Fabricio
883 570 1078 609 indicatos
1095 572 1255 622 scripsit
1270 573 1389 610 etiam

428 631 721 670 distinctionum
746 630 1071 682 Theoloqicarum
1097 634 1238 672 librum
1265 645 1389 673 unum

430 704 474 731 ac
511 691 663 730 Placica
695 692 922 745 Tlieoloyica
945 706 1036 734 cum
1064 694 1322 734 Sei-monibus
1345 694 1392 734 de

428 753 586 793 Sanctis
617 755 719 794 llaec
741 757 780 794 P.
795 756 986 795 Gandolfo
1004 758 1042 795 in
1065 758 1230 796 Dissert.
1248 757 1296 796 de
1313 757 1390 798 CC.

428 816 749 866 Augustinianis.

475 878 727 918 MCOLAUS
744 879 790 918 de
804 878 951 919 Bibera
968 882 1055 920 sive
1076 879 1263 928 Bibracli,
1283 880 1392 919 Thu-

428 940 575 989 ringiae
613 941 748 991 opido,
774 943 1044 991 Teutonicus,
1075 943 1283 991 Gymnasii
1322 943 1395 980 Er-

425 1002 624 1040 fordensis
653 1005 840 1053 Magister
869 1005 973 1042 circa
1000 1003 1045 1042 A.
1079 1004 1196 1042 1290.
1231 1003 1397 1053 Scripsit

424 1067 527 1101 teste
547 1064 766 1103 Trithemio
785 1076 870 1114 cap.
893 1066 981 1103 504.
1009 1069 1088 1103 tam
1112 1069 1240 1102 metro
1264 1076 1344 1114 qua
1357 1077 1394 1103 m

425 1136 541 1175 prosa
566 1137 642 1164 non
669 1137 793 1176 pauca
819 1126 1033 1176 opuscula:
1058 1131 1215 1177 praeter
1240 1127 1394 1178 Episto-

424 1186 484 1226 las
515 1192 648 1225 tamen
681 1187 777 1225 nihil
807 1187 914 1226 aliud
944 1193 1233 1227 commemorat
1269 1200 1389 1238 quam

421 1248 467 1286 (le
496 1247 669 1286 cavendo
697 1248 802 1287 malo
833 1249 1005 1299 librum,
1031 1251 1092 1288 cui
1125 1250 1269 1289 titulus
1299 1255 1391 1288 est.-

421 1309 623 1359 occultus,
648 1323 768 1362 quem
793 1314 973 1351 carmine
994 1317 1034 1351 et
1055 1313 1185 1351 soluta
1212 1313 1391 1350 oratione

419 1374 645 1423 composuit
669 1374 887 1413 Erfordiae.
913 1376 991 1414 Nec
1016 1375 1130 1426 plura
1156 1376 1279 1413 refert
1305 1376 1390 1413 Tri-

420 1434 596 1474 themius
614 1435 712 1474 libro
727 1435 774 1474 de
791 1437 1059 1476 luminaribus
1074 1438 1286 1476 Germanic
1303 1449 1388 1488 cap.

425 1496 489 1534 93.
508 1497 567 1535 Ex
592 1497 655 1535 illo
676 1497 774 1536 libro
798 1510 917 1548 quern
939 1501 1254 1550 Manuscriptum
1280 1501 1389 1538 evol-

423 1559 484 1595 vit
499 1558 655 1597 Flacius
674 1561 937 1610 (impressum
957 1562 1062 1599 enim
1081 1561 1286 1600 Erfordiae
1310 1562 1387 1599 noli

419 1618 680 1658 flendi-eichio
701 1621 887 1671 eredere)
907 1623 1099 1661 nonnulla
1122 1624 1236 1661 affert
1255 1625 1292 1661 in
1315 1625 1387 1662 Ca-

419 1682 547 1731 talogo
571 1684 734 1721 testium
761 1685 949 1722 Veritatis
970 1696 1057 1735 pag.
1081 1686 1172 1724 865.
1193 1697 1278 1735 seq.
1299 1685 1382 1724 cdi—

417 1743 537 1781 tionis
558 1744 720 1793 primae.
739 1745 800 1783 Ex
821 1746 948 1784 Fiacio
965 1746 1022 1783 Jo.
1044 1746 1212 1786 Wolfius
1234 1752 1328 1785 tom.
1349 1749 1382 1786 1.

418 1804 574 1842 lection.
601 1806 916 1845 memorabilium
942 1818 1029 1858 pag.
1056 1809 1145 1846 664.

476 1866 731 1907 NlCOLAUS
753 1870 774 1907 e'
792 1868 944 1907 Bitonto
959 1901 969 1919 ,
997 1871 1083 1908 sive
1109 1871 1242 1921 potius
1266 1871 1381 1908 Bitto-

416 1929 480 1967 nio
505 1930 572 1978 (al.
600 1929 815 1979 Brittonio)
839 1931 985 1970 Umber
1006 1932 1098 1970 Ord.
1123 1934 1260 1971 Minor.
1281 1935 1385 1972 circa

415 1990 461 2030 A.
491 1992 606 2030 1413.
626 1991 742 2042 cujus
767 1993 862 2032 nihil
883 1996 957 2032 nisi
975 1996 1186 2034 Sermones
1203 1993 1387 2043 Qaadra-

412 2053 621 2105 yesimales
646 2058 667 2094 a
695 2056 920 2107 Waddingo
946 2058 1159 2096 memorari
1185 2057 1312 2095 video.

466 2118 716 2157 MCOLAUS
745 2117 975 2158 Bituntinus
998 2121 1253 2170 Episcopus,
1286 2120 1386 2159 infra

414 2177 604 2217 Nicotaus
628 2179 826 2218 Buthroti.

467 2241 505 2279 S.
536 2242 787 2281 MCOLAUS
813 2243 1083 2282 Boecasinus:
1116 2245 1384 2289 Tarvisinus,

413 2313 533 2353 supra
553 2304 878 2343 BENEDICTUS
894 2306 960 2344 XI.
980 2307 1081 2356 Papa
1099 2337 1109 2353 ,
1133 2309 1160 2343 t.
1185 2307 1222 2344 1.
1240 2318 1276 2356 p.
1295 2306 1385 2344 183.

465 2365 714 2404 MCOLAUS
743 2367 914 2406 Bonetus
943 2368 1142 2417 Hispanus
1178 2367 1271 2405 Ord.
1315 2369 1383 2406 Mi-

413 2437 495 2465 nor.
525 2428 628 2466 circa
659 2427 732 2466 An.
761 2429 877 2467 1480.
905 2428 1032 2478 liujus
1062 2428 1223 2468 Postilla
1249 2429 1288 2467 in
1313 2429 1384 2467 Ge-

414 2488 525 2526 nesin
547 2494 587 2526 et
613 2489 932 2528 Commentarius
964 2490 1002 2528 in
1035 2491 1098 2529 IV.
1129 2490 1249 2529 libros
1290 2492 1386 2530 Sen-

415 2550 631 2588 tentiarum
662 2553 683 2589 a
713 2551 934 2603 Waddingo
963 2565 1001 2603 p.
1025 2553 1102 2591 263
1130 2557 1383 2591 memoratur.

417 2611 735 2651 Commentarius
766 2613 806 2651 in
851 2614 1122 2666 Metaphysica
1159 2613 1382 2653 Aristotelis

414 2674 557 2723 prodiit
598 2676 816 2714 Barcinone
862 2677 977 2715 1493.
1009 2681 1049 2715 et
1092 2677 1235 2715 Vcnet
1268 2678 1382 2716 1505.

415 2733 489 2772 llis
518 2735 618 2773 addc
649 2741 864 2776 tractatum
891 2737 938 2776 de
964 2738 1219 2790 Conceptione
1236 2740 1277 2776 B.
1302 2739 1384 2777 Vir-

413 2795 530 2845 911113,
549 2795 664 2845 jussu
691 2799 910 2837 Clementis
943 2801 984 2837 V.
1016 2802 1210 2850 scriptum
1238 2805 1277 2838 et
1299 2800 1384 2852 for-

416 2856 614 2896 malitates
644 2870 662 2896 e
692 2858 873 2897 doctrina
909 2861 1024 2899 Scoti.
1066 2863 1120 2899 De
1158 2867 1382 2900 monstroso

416 2921 503 2959 eius
532 2931 663 2958 errore
701 2932 819 2971 supra
852 2923 889 2958 in
936 2922 1096 2959 Andrea
1139 2923 1318 2961 Bouclzer
1355 2928 1381 2960 t.

420 2984 454 3020 1.
484 2993 571 3032 pag.
600 2981 662 3020 78.
694 2987 733 3020 et
760 2984 797 3020 in
824 2983 1032 3033 Eymerico
1057 2988 1082 3020 t.
1109 2985 1144 3021 2.
1173 2996 1208 3034 p.
1237 2985 1326 3022 408.

471 3042 726 3083 NICOLAUS
750 3043 991 3095 Borghesius
1012 3046 1097 3083 sive
1120 3044 1379 3095 Burqensius‚

418 3106 553 3154 Eques
577 3110 617 3144 et
642 3107 809 3145 Senator
829 3108 1044 3153 Senensis,
1070 3108 1172 3145 circa
1199 3107 1242 3145 Α.
1270 3108 1384 3145 1483.

421 3168 588 3216 scriptor
616 3167 720 3206 vitae
749 3169 789 3206 S.
823 3167 1036 3206 Franeisci
1070 3167 1254 3207 Senensis
1291 3168 1383 3206 Ord.

424 3229 580 3266 Servor.
614 3231 653 3267 B.
683 3230 824 3268 Mariae
868 3231 1063 3280 Virginis,
1094 3229 1142 3268 de
1171 3241 1248 3280 qua
1291 3232 1387 3269 Vos-

423 3291 506 3328 sius
536 3300 620 3340 pag.
655 3291 743 3328 714.
779 3292 885 3329 Vitae
914 3293 956 3329 B.
990 3292 1202 3342 Peressrini
1220 3291 1384 3340 Latiozi,

422 3350 581 3389 Ordinis
626 3352 838 3391 Servorum
861 3383 869 3401 ,
913 3355 1092 3392 Forolivii
1138 3355 1173 3391 in
1228 3354 1386 3393 AEmilia

1464 387 1576 426 Actis
1613 389 1791 427 Sanctor.
1828 395 1921 430 tom.
1951 395 1987 432 3.
2024 394 2147 445 April.
2176 395 2238 432 30.
2269 405 2304 444 p.
2335 393 2426 432 837.

1467 450 1561 488 839.
1594 449 1702 488 Vitae
1730 451 1772 489 S.
1804 451 2045 494 Catharinae
2073 454 2275 502 Senensis,
2299 453 2428 493 editae

1467 511 1608 549 Venet.
1655 512 1770 551 1501.
1801 524 1850 551 ex
1880 526 1959 564 qua
1989 517 2025 554 in
2068 517 2207 556 iisdem
2250 516 2362 555 Actis
2390 528 2426 566 p.

1463 572 1557 610 977.
1587 573 1783 623 quaedam
1821 575 2052 616 afferuntur.
2096 579 2275 628 Denique
2322 576 2428 616 Vitae

1463 633 1660 673 Joaelzimi
1681 636 1891 684 Senensis,
1917 637 2047 677 adhuc
2071 640 2173 690 quod
2199 640 2320 678 sciam
2345 639 2428 677 ine—

1465 695 1595 746 ditae,
1625 702 1665 735 et
1699 697 1806 736 Vitae
1834 696 1975 736 Jacobi
1996 698 2168 750 Philippi
2189 700 2427 749 Presbyteri,

1464 756 1559 796 Ord.
1579 758 1737 796 Servor.
1757 759 1934 798 defuncti
1963 762 2175 800 Faventiae
2190 763 2228 800 in
2248 762 2425 809 AEmilia,

1467 829 1568 868 quae
1597 819 1741 868 prodiit
1771 822 1807 858 in
1833 821 2070 871 Archangeli
2096 821 2246 872 Gianii,
2271 823 2429 862 Floren-

1470 880 1542 916 tini
1571 882 1750 919 centuria
1781 884 1895 921 tertia
1939 882 2153 921 Annalium
2184 883 2288 922 illius
2315 884 2429 924 Ordi-

1471 941 1556 990 nis,
1587 941 1782 981 editorum
1813 945 2011 982 Bononiae
2056 944 2171 984 1622.
2215 944 2279 983 fol.
2308 951 2427 996 atque

1471 1003 1508 1040 in
1553 1002 1663 1041 Actis
1705 1005 1884 1043 Sanctor.
1914 1009 2008 1044 tom.
2039 1006 2102 1045 V1.
2131 1006 2218 1045 Maii
2245 1005 2310 1044 25.
2340 1018 2425 1057 pag.

1472 1064 1558 1103 167.
1592 1065 1680 1104 169.

1521 1126 1543 1150 *
1574 1126 1705 1165 Vitam
1738 1128 1933 1167 Joachimi
1961 1130 2212 1170 Picolominei
2243 1130 2431 1170 Senensis

1467 1192 1507 1227 et
1538 1190 1735 1228 Francisci
1761 1192 1911 1229 Patritii
1954 1192 2091 1231 itidem
2122 1193 2314 1232 Senensis
2342 1203 2430 1243 pro-

1468 1250 1541 1288 diit
1585 1252 1715 1290 Lucae
1760 1263 1865 1291 anno
1909 1254 2025 1292 1725.
2056 1255 2094 1292 13
2124 1253 2341 1305 appendice
2378 1252 2428 1292 ad

1467 1313 1573 1351 vitas
1594 1314 1752 1352 Italicas
1773 1314 2004 1353 eorumdem
2027 1315 2220 1355 Joachimi
2243 1319 2284 1354 et
2306 1316 2428 1353 Fran-

1465 1375 1558 1412 cisci
1591 1386 1694 1424 quae
1723 1376 1905 1425 vulgavit
1927 1378 1965 1414 P.
1988 1376 2230 1416 Benedictus
2253 1375 2353 1427 Aug.
2379 1378 2428 1415 M.

1464 1435 1601 1473 Canali
1631 1435 1725 1475 Ord.
1754 1437 1912 1475 Servor.
1940 1437 2097 1476 Adiecit
2127 1439 2165 1475 in
2195 1437 2273 1476 fine
2301 1438 2425 1476 vitam

1464 1498 1503 1535 S.
1537 1498 1731 1548 Pelegrini
1776 1500 1921 1538 Latiosi
1951 1499 2000 1538 ab
2028 1499 2168 1538 eodem
2210 1499 2427 1549 Burghesio

1462 1560 1678 1609 scriptam,
1700 1571 1820 1609 quam
1860 1561 2126 1600 Bollandistae
2156 1562 2424 1611 conquisitam

1460 1622 1597 1661 nullibi
1628 1627 1874 1672 repererant.
2413 1656 2415 1660 .

1516 1683 1768 1723 NICOLAUS
1798 1683 2096 1724 Boteleshamus
2124 1685 2303 1736 Anglus,
2333 1686 2429 1725 Car·

1463 1747 1622 1794 melita,
1651 1747 1811 1785 Parisiis
1837 1748 1940 1785 inter
1960 1747 2196 1785 Sorbonicos
2215 1758 2262 1786 ac
2284 1746 2427 1785 deinde

1460 1809 1741 1858 Cantabrigiae
1771 1807 2026 1858 Theologiam
2068 1807 2227 1858 docuit,
2255 1807 2430 1859 obiitque

1459 1871 1533 1910 An.
1569 1871 1685 1909 1435.
1718 1870 1816 1908 Vide
1841 1869 2058 1908 Lelandum
2079 1881 2163 1920 cap.
2188 1869 2278 1909 544.
2303 1872 2369 1920 qui
2393 1872 2431 1909 01

1464 1932 1606 1971 tribuit
1624 1931 1938 1971 Commentarios
1958 1931 1998 1970 in
2020 1933 2186 1970 Petrum
2208 1930 2432 1982 Lonyobar-

1462 1994 1556 2034 dum
1579 1999 1619 2034 et
1636 1995 1780 2033 librum
1799 1994 1829 2032 T
1826 1992 2118 2045 heoloyiearum
2136 1993 2429 2042 Quaestionum.

1461 2056 1583 2096 Addit
1603 2057 1750 2095 Baleus
1771 2057 1854 2095 Vll.
1871 2055 1932 2095 94.
1960 2054 2157 2094 Tabulare
2175 2055 2428 2104 studentium,

1464 2118 1763 2168 Conci'onesque
1784 2122 1824 2156 et
1848 2118 2039 2156 Lecturas
2063 2123 2103 2156 et
2126 2117 2165 2156 in
2185 2116 2350 2157 Cantica
2364 2117 2430 2156 Ri-

1460 2178 1639 2218 devallis.
1660 2181 1823 2219 Baleum
1843 2184 2076 2230 sequuntur
2099 2181 2255 2218 Pitseus
2279 2191 2316 2230 p.
2338 2181 2428 2219 625.

1462 2241 1732 2290 Possevinus,
1765 2242 1987 2288 SimleruS,
2019 2241 2206 2292 Alegrius
2234 2253 2321 2292 pag.
2350 2242 2429 2281 342

1461 2304 1753 2357 llendreichius
1783 2315 1870 2354 pag.
1911 2303 2001 2341 970.
2046 2303 2228 2353 pandect.
2259 2303 2432 2342 Brande-

1459 2365 1572 2416 burg.
1614 2366 1866 2405 Ridevallum
1913 2365 2088 2415 intellige
2130 2363 2428 2404 ADILREDUM

1458 2427 1650 2466 Abbatem
1669 2426 1985 2467 Riedvallensem
2009 2426 2058 2466 de
2083 2438 2161 2477 quo
2187 2437 2307 2478 supra
2331 2430 2440 2467 tom„

1461 2492 1496 2529 1.
1530 2501 1616 2540 pag.
1648 2491 1709 2529 14.

1513 2552 1763 2591 NICOLAUS
1793 2549 2121 2589 Botrontinensis.
2151 2550 2283 2599 Infra,
2312 2549 2409 2589 Nico

1461 2613 1550 2653 laus
1576 2613 1772 2652 Buthroti.

1513 2676 1766 2716 NICOLAUS
1791 2675 1837 2713 de
1859 2674 1985 2713 Braia
2010 2678 2099 2724 post
2123 2673 2273 2712 obitnm
2295 2672 2425 2712 Ludo-

1461 2739 1535 2776 vici
1567 2738 1665 2777 Vlll.
1696 2739 1939 2776 Francorum
1969 2737 2086 2785 Regis
2114 2738 2180 2784 qui
2217 2735 2266 2773 ab
2310 2734 2425 2773 Anno

1464 2800 1579 2838 1223.
1609 2799 1655 2838 ad
1689 2799 1804 2838 1226,
1836 2797 2032 2847 praefuit,
2057 2795 2216 2845 scripsit
2244 2796 2332 2834 eius
2359 2807 2426 2846 ge-

1459 2866 1519 2899 sta
1563 2861 1738 2899 carmine
1784 2859 1968 2905 heroico,
2008 2856 2184 2906 illudque
2225 2855 2425 2895 dedicavit

1456 2924 1652 2972 Episcopo
1682 2921 1730 2959 ab
1759 2920 1801 2958 A.
1833 2920 1946 2959 1228.
1971 2919 2018 2958 311
2043 2919 2159 2958 1248.
2181 2919 2394 2957 Parisiensi
2412 2947 2424 2966 ‚

1458 2983 1656 3021 Guilelmo
1686 2982 1878 3020 Aruerno.
1910 2982 2076 3031 Incipit:

1475 3053 1679 3091 Magnanimi
1705 3052 1803 3091 Regis
1829 3050 1987 3082 Ludovicl
2010 3050 2109 3081 fortia
2133 3053 2226 3090 gesta

1476 3104 1581 3138 Quam
1602 3101 1725 3140 probus
1744 3101 1906 3138 extiterit,
1923 3107 2009 3139 quae
2023 3099 2141 3131 bellica
2153 3098 2260 3131 Gallia
2277 3099 2361 3131 vidit
2374 3106 2424 3132 ec.

1465 3169 1625 3207 Editurn
1657 3173 1719 3206 est
1748 3170 1770 3207 a
1800 3169 2011 3206 Francisco
2039 3167 2092 3207 du
2134 3168 2290 3208 Chesne
2320 3172 2346 3206 t.
2376 3169 2421 3208 V.

1462 3243 1593 3270 rerum
1625 3232 1867 3269 Francorum
1898 3241 1984 3280 pag.
2015 3229 2106 3268 290.
2135 3229 2225 3269 322.

1515 3292 1764 3332 NICOLAUS
1816 3289 2091 3342 Brealcspeare
2112 3322 2122 3342 ,
2168 3301 2286 3342 supra
2337 3290 2423 3330 HA—

1462 3354 1680 3395 DRIANUS
1709 3355 1772 3394 IV.
1803 3354 1840 3392 3.
1871 3364 1955 3404 pag.
1987 3353 2076 3393 467.
