2517 4009
842 201 1283 246 UDALRICUS

71 277 195 314 tatam
215 275 303 311 tum
325 270 446 310 fuisse
470 270 746 322 quaestionem
765 271 814 312 de
831 274 1026 314 coelibatu

71 334 309 376 Sacerdotis.
345 333 494 384 Synodi
530 344 670 371 omnes
711 339 806 374 tunc
846 336 1028 384 habitae,

71 407 293 446 omnesque
318 394 462 435 Nicolai
489 395 690 445 Epistolae
717 397 752 433 in
776 408 821 435 eo
847 403 959 447 sunt,
988 404 1031 437 ut

74 458 247 498 ceolibes
263 456 496 496 Sacerdotes
508 457 643 502 velint,
655 468 700 496 ac
715 463 1031 509 statuant,cuius

71 519 304 570 disciplinae
351 529 495 557 caussa
535 530 652 557 omne
691 532 711 558 a
755 521 1030 561 sacerdotibus

74 581 290 621 mulierum
327 580 655 629 contubernium,
691 593 736 622 ac
771 584 1032 624 consuetudi-

73 654 165 683 nem
186 647 338 683 arcent.

121 707 320 745 Ponamus
346 709 503 754 tamen,
532 710 575 744 ut
607 706 740 745 verbis
761 712 851 748 utar
882 709 1030 747 Biblio-

72 767 234 807 thecarii
257 769 394 817 nostri,
413 779 616 819 nunquam
638 770 872 808 concessuri
888 773 1036 821 episto-

73 830 151 870 lam
175 830 278 870 hanc
302 831 351 869 ab
369 830 550 870 Udalrico
575 831 810 881 Augustano
835 833 1035 884 Episcopo

71 892 118 932 ad
141 893 344 932 Nicolaum
369 892 397 932 Ι.
424 893 569 932 datam.
594 894 796 944 Numquid
825 901 1031 946 propterea

72 954 375 1006 improbandum
395 960 504 994 esset
525 957 754 995 Latinorum
776 957 1033 996 sacerdotum

71 1015 315 1056 coelibatus?
328 1018 412 1057 Non
433 1017 623 1056 arbitror.
644 1018 817 1057 Alvarus
840 1019 1033 1070 Pelagius,

72 1078 297 1119 Guilelmus
312 1081 545 1119 Minatensis
563 1081 797 1131 Episcopus,
817 1083 967 1119 versari
991 1092 1034 1120 se

74 1143 112 1179 in
135 1141 319 1193 ambiguo
345 1142 599 1192 profitentur,
622 1153 718 1180 num
741 1147 961 1193 praestaret
986 1142 1034 1181 ad

73 1203 291 1242 tollendam
327 1203 567 1242 clericorum
608 1204 938 1243 incontinentiam
973 1215 1037 1243 co-

73 1266 251 1318 niugium
277 1265 354 1304 illis
378 1266 615 1304 concedere.
642 1266 721 1303 Fac
748 1267 785 1303 in
807 1278 850 1305 ea
874 1277 1038 1317 persua-

74 1329 183 1368 sione
205 1329 328 1368 fuisse
351 1329 472 1366 etiam
498 1328 729 1366 Udalricum
753 1328 1037 1378 Augustanurn

71 1392 327 1443 Episcopum.
361 1389 467 1436 Quid
503 1387 625 1428 iude?
650 1391 770 1429 Plane
800 1393 1038 1429 contrariam

75 1454 114 1491 in
148 1453 392 1491 sententiam
425 1453 593 1490 Romani
632 1450 847 1490 Pontifices
881 1463 1040 1499 omnes,

76 1515 226 1566 Synodi
260 1526 329 1566 per
352 1516 637 1554 successiones
659 1515 911 1554 saeculorum
937 1515 1039 1552 cele-

78 1577 214 1617 bratae
231 1576 545 1616 descenderunt.
580 1578 658 1615 Hos
676 1577 904 1615 laudatores
922 1576 1041 1615 habet

80 1646 401 1691 assertoresque,
421 1641 654 1679 ,Latinorum
679 1639 922 1679 Clericorum
952 1649 1040 1678 coe.-

80 1703 243 1743 libatus.

131 1765 417 1806 UDALRICUS
438 1765 660 1816 Episcopus
680 1764 954 1815 Auyuscanus,
977 1775 1037 1803 se·

79 1828 239 1868 cundus
259 1828 378 1878 hujus
407 1829 580 1865 nominis
606 1827 710 1879 (nam
736 1828 784 1865 de
810 1829 936 1878 primo
954 1827 1038 1879 jam

80 1902 199 1942 supra
229 1892 309 1941 egit
343 1891 546 1929 Fabricius
586 1895 720 1928 noster
769 1891 811 1928 T.
851 1891 917 1928 lll.
952 1902 1037 1941 pag.

81 1954 184 2004 283)
205 1957 310 1992 rexit
329 1953 553 1991 Ecclesiam
577 1963 694 1991 suam
734 1952 783 1990 ab
818 1963 922 1990 anno
961 1951 1038 1990 924

80 2013 129 2053 ad
153 2014 244 2054 973.
274 2014 403 2054 Vitam
439 2012 528 2064 ejus
551 2012 715 2050 exhibet
750 2012 992 2061 Anonymus
1017 2022 1037 2049 a

81 2075 246 2115 Velsero
261 2074 361 2126 Opp.
379 2086 415 2125 p.
435 2076 525 2113 515.
543 2075 658 2113 Surio
675 2073 699 2111 [ι
724 2074 801 2112 lul.
817 2074 1038 2111 Mabillonio

80 2139 167 2177 Sec.
207 2139 251 2178 V.
288 2138 544 2177 Benedictino
583 2151 620 2186 p.
657 2136 733 2175 4215
771 2141 812 2174 et
852 2138 888 2174 in
927 2137 1040 2174 Actis

81 2200 319 2240 Sanctorum
341 2204 436 2238 tom.
459 2200 508 2238 ll.
530 2200 622 2238 Julii
650 2211 687 2250 p.
704 2200 755 2238 97
780 2198 926 2247 editus,
946 2209 1038 2237 cum

83 2264 380 2303 Commentario
415 2264 575 2313 praevio
609 2263 668 2300 Jo.
707 2263 803 2300 Pinii
844 2274 878 2313 p.
917 2262 1039 2300 73-97

82 2327 179 2366 item
216 2324 458 2365 Benedictus
493 2325 728 2374 Gulimann,
755 2326 1039 2375 Augustanus,

24 2430 26 2432 ,
82 2389 122 2427 in
146 2389 305 2428 dissert.
321 2389 423 2438 Lips.
445 2385 546 2426 1693
561 2387 742 2437 praeside
756 2388 804 2425 M.
821 2385 1042 2425 Godofredo

23 2468 27 2471 ·
83 2451 273 2491 Ludovici
289 2450 436 2489 habita.
456 2451 498 2488 Ei
519 2451 656 2489 Sermo
677 2448 900 2501 Synodalz’s,
920 2460 1043 2500 paro-

86 2512 240 2553 chianis
256 2510 506 2565 presbyteris
531 2511 571 2550 in
589 2511 758 2564 Synodis
773 2510 1045 2550 enunciandus

84 2576 347 2625 adscribitur,
369 2575 502 2614 editus
538 2577 710 2626 primum
734 2580 827 2613 torn.
844 2576 919 2613 lx.
945 2576 1048 2613 Con-

84 2639 263 2679 ciliorum
289 2640 388 2678 Biuii
409 2638 504 2677 edit.
527 2638 730 2678 secundae
754 2651 788 2689 p.
818 2637 910 2677 803.

138 2701 319 2755 Diploma
351 2701 438 2753 ejus
470 2704 711 2741 monasterio
737 2701 1045 2752 Campidoncnsi

85 2764 225 2805 datum
261 2765 384 2804 edidit
412 2765 662 2805 Mabillonius
698 2778 735 2816 p.
770 2765 848 2803 {476
884 2770 923 2803 et
960 2770 1047 2815 post

81 2840 174 2868 eum
197 2830 333 2868 Pinius
366 2841 404 2880 p.
439 2828 571 2867 77.1n
609 2830 781 2869 Concilio
805 2830 980 2868 Romano
1013 2841 1048 2868 a.

88 2892 167 2931 993
187 2892 235 2931 de
257 2893 565 2932 Canonizatione
583 2893 669 2942 ejus
686 2898 820 2931 actum
838 2897 911 2941 est,
932 2891 992 2941 cuj
1002 2903 1048 2931 us

90 2954 297 2994 decretum
319 2960 454 2994 exstat
473 2955 577 3006 apud
604 2956 851 2995 Harduinum
872 2962 965 2994 tom.
989 2957 1050 2994 VI.

85 3014 348 3057 Conciliorum
375 3029 412 3069 p.
434 3017 524 3056 727.

143 3078 165 3102 *ἵ
182 3081 531 3119 Animadvertisse
565 3080 702 3120 debuit
724 3080 1051 3120 Bibliothecarius

93 3147 231 3182 noster
264 3144 500 3182 Sermonem
540 3144 651 3182 illum
684 3143 950 3193 synodalem,
983 3144 1050 3192 qui

89 3207 258 3247 Authori
284 3200 376 3245 h'uic
399 3209 436 3245 in
462 3206 762 3244 collectionibus
791 3206 1049 3244 conciliorum

90 3270 344 3319 adscribitur,
362 3270 492 3321 ipsam
507 3280 598 3308 esse
615 3270 825 3309 Homiliam
846 3269 886 3308 S.
907 3271 1050 3309 Leonis

91 3334 218 3385 Papae
238 3334 301 3374 lV.
322 3345 426 3385 quae
444 3334 536 3373 olim
562 3335 600 3372 in
621 3334 811 3386 principio
835 3333 1050 3386 Synodica-

1984 210 2063 251 577

1103 294 1191 321 rum
1225 283 1450 322 sessionum
1487 294 1556 334 pro
1591 287 1784 322 consueto
1811 295 1918 322 more
1956 283 2061 334 lege-

1103 344 1232 383 batur.
1251 346 1325 384 Est
1355 350 1487 384 tamen
1512 346 1670 385 homilia
1705 347 1767 385 illa
1791 346 1915 385 multa
1938 347 2057 384 inter-

1105 407 1300 456 polatione
1320 410 1481 455 variata⁷
1505 413 1620 459 prout
1635 420 1752 459 saepe
1771 409 1868 447 alias
1886 409 1922 446 in
1940 409 2060 446 variis

1103 469 1211 508 MSS.
1243 469 1451 508 Codicibus
1490 470 1725 509 ostenditur.
1760 471 1862 516 Quin
1903 474 1942 509 et
1977 471 2061 520 ipsa

1106 530 1262 569 homilia
1288 533 1439 578 Leonis,
1458 543 1558 582 quae
1576 543 1648 571 suo
1668 533 1751 571 loco
1773 534 1810 570 in
1827 532 2058 571 collectione

1107 592 1311 631 Labbeana
1338 593 1493 644 legitur,
1518 605 1593 631 non
1615 605 1744 644 usque
1767 593 1864 633 adeo
1882 605 1978 645 pura
1999 597 2062 632 est

1107 658 1147 691 et
1170 655 1332 700 intacta,
1349 660 1392 693 ut
1408 667 1479 706 ego
1499 657 1534 693 in
1555 667 1640 695 meo
1665 656 1944 707 supplemento
1961 656 2063 696 Con-

1107 715 1286 755 ciliorum
1312 717 1596 756 demonstravi.

1163 779 1446 819 UDALRICUS
1479 778 1845 831 Babenberfsensis,
1883 792 1919 819 a.
1945 780 2063 820 4125.

1111 840 1292 881 Coclz'cem
1311 841 1577 893 Epz'scolarem
1592 843 1761 893 collegit:
1779 845 1835 882 sic
1851 844 1956 882 enim
1980 845 2063 894 ipse

1107 904 1222 943 docet
1247 906 1286 943 iu
1307 905 1485 956 prologo:

1110 1031 1210 1071 Cum
1217 1031 1308 1083 jam
1324 1031 1540 1071 curriculis
1555 1043 1751 1071 annorum
1772 1031 1874 1071 mille
1885 1033 2064 1085 peraccis

1112 1093 1277 1134 Centum
1302 1095 1445 1147 vz'qz'nli'
1461 1096 1651 1149 coepisset
1673 1096 1840 1147 quintus
1860 1094 2010 1135 haberi.

1110 1223 1213 1261 Eum
1242 1235 1334 1262 vero
1359 1229 1494 1275 postea
1521 1224 1720 1264 dedicavit
1746 1225 1918 1265 Praesuli
1942 1225 2066 1264 Gebe-

1110 1285 1259 1334 bardo,
1285 1288 1350 1337 qui
1370 1318 1377 1334 ,
1401 1289 1432 1325 si
1470 1289 1775 1338 Bambergensis
1803 1289 2034 1336 indigitetur
2056 1318 2064 1336 ,

1114 1361 1232 1399 quem
1254 1351 1482 1400 sequiorum
1501 1356 1725 1402 temporum
1745 1349 2070 1401 scriptoresEbe-

1111 1410 1310 1450 rharclum
1335 1417 1500 1457 vocant,
1523 1424 1626 1451 anno
1650 1413 1812 1452 demum
1850 1412 1954 1452 1127
1980 1413 2071 1462 Epi-

1115 1484 1260 1524 scopus
1283 1479 1540 1514 consecratus
1561 1480 1635 1513 est.
1661 1477 1794 1514 Potuit
1829 1477 1946 1526 igitur
1981 1486 2070 1513 esse

1114 1536 1323 1576 Udalricus
1359 1538 1544 1576 sacerdos
1581 1539 1618 1577 S.
1656 1538 1812 1589 AEgidii,
1847 1539 1914 1588 qui
1939 1547 2073 1576 comes

1116 1599 1153 1637 S.
1179 1599 1313 1637 Ottoni
1335 1600 1409 1639 fuit
1430 1602 1466 1639 in
1495 1602 1637 1639 itinere
1665 1602 1941 1647 Pomeranico,
1963 1605 2073 1637 etex

1112 1661 1229 1710 qu'us
1249 1674 1316 1700 ore
1356 1663 1465 1702 Ebbo
1507 1665 1631 1702 vitam
1668 1664 1826 1702 Ottonis
1851 1661 2074 1712 descripsit.

1112 1723 1209 1762 Vide
1243 1725 1525 1774 praefationem
1551 1725 1734 1764 Andreae
1768 1723 2074 1774 Bambergensis

1112 1785 1159 1825 ad
1185 1787 1308 1825 vitam
1325 1787 1496 1835 Ottonis,
1520 1792 1559 1826 et
1584 1789 1710 1839 ipsam
1740 1789 1863 1826 vitam
1889 1788 1972 1825 loco
1998 1797 2075 1824 non

1113 1861 1205 1888 uno.
1239 1848 1421 1889 Coclz'cem
1459 1852 1576 1900 igitur
1602 1851 1708 1889 hunc
1747 1848 2019 1901 Epz‘stolctrem
2040 1860 2075 1887 a.

1113 1911 1217 1950 1125
1236 1913 1452 1963 scripserat
1468 1912 1689 1958 Udalricus,
1703 1917 1791 1962 post
1807 1923 1957 1950 annum
1978 1922 2072 1949 vero

1113 1976 1126 2013 l
1141 1976 1153 2013 l
1167 1973 1229 2012 47.
1241 1974 1402 2013 demum
1413 1975 1644 2013 Gebehardo
1657 1976 1849 2026 Episcopo
1863 1974 2074 2012 dedicavit.

1112 2037 1248 2075 Codex
1273 2038 1355 2088 ipse
1390 2039 1567 2076 continet
1598 2039 1753 2088 proprie
1779 2037 2079 2075 Institutionem

1113 2099 1315 2149 quandam
1355 2100 1634 2150 Epistolicam,
1677 2104 1720 2138 ut
1759 2100 1950 2138 formulas
1991 2098 2083 2136 inde

1114 2162 1387 2212 Epistularum
1413 2173 1578 2201 suarum
1611 2163 1818 2201 haurirent
1856 2163 2081 2212 Scriptores

1115 2224 1271 2263 illorum
1299 2229 1523 2275 temporum
1555 2225 1653 2263 satis
1686 2224 1818 2262 rudes.
1843 2223 1919 2262 Sed
1946 2228 2080 2261 tamen

1115 2287 1318 2337 Epistolae
1337 2298 1413 2325 non
1434 2291 1530 2326 sunt
1552 2288 1678 2336 fictae,
1711 2298 1851 2325 verum
1871 2287 2002 2336 potius
2027 2285 2084 2324 di-

1118 2349 1290 2400 plomata
1313 2349 1464 2389 adsunt
1487 2361 1579 2388 vera
1615 2353 1655 2388 et
1688 2350 1874 2400 genuina,
1899 2353 1942 2386 ut
1964 2348 2084 2398 pluri-

1117 2423 1227 2450 mum
1239 2424 1287 2452 ex
1307 2411 1491 2451 Archivis
1507 2409 2078 2462 Bambergensibusdesumta,

1121 2486 1224 2525 quae
1263 2486 1328 2514 res
1377 2474 1605 2513 mediorum
1647 2478 1871 2523 temporum
1918 2471 2084 2510 mirifice

1125 2539 1345 2577 illustrant.

1177 2601 1379 2648 Quasdam
1427 2600 1583 2639 illarum
1623 2597 1861 2648 jamdudum
1907 2595 2085 2635 ediderat

1123 2665 1317 2703 Reinerus
1339 2664 1573 2702 Reineccius
1606 2673 1697 2700 cum
1725 2661 1893 2699 Historia
1928 2659 2085 2698 Henrici

1123 2734 1184 2772 IV.
1222 2736 1262 2771 et
1297 2733 1512 2781 (Bennonis
1546 2732 1638 2777 vita)
1677 2730 1852 2780 Gregorii
1890 2729 1970 2767 VII.
2007 2727 2085 2765 Frf.

1122 2795 1227 2846 apud
1263 2794 1384 2833 Andr.
1423 2794 1671 2840 Wechclum,
1715 2792 1809 2831 1581
1853 2791 1919 2829 fol.
1958 2803 1994 2840 p.
2021 2789 2084 2827 29.

1123 2858 1296 2897 Easdem
1323 2862 1362 2896 et
1401 2858 1538 2907 plures
1564 2868 1612 2894 ex
1647 2854 1780 2894 codice
1819 2853 2085 2892 Bibliothecae

1125 2921 1342 2959 Caesareae
1378 2919 1637 2958 Sebastianus
1678 2917 1988 2967 'fongo-agelius,
2026 2916 2087 2953 Bi-

1125 2983 1432 3027 bliothecarius,
1479 2982 1514 3018 in
1564 2979 1775 3017 Veteribus
1819 2979 2085 3016 monumentis

1126 3057 1194 3096 pro
1216 3044 1403 3094 Gregorio
1427 3043 1506 3080 vll.
1529 3048 1664 3080 contra
1691 3041 1992 3086 Scliismaticos,
2024 3040 2087 3078 In-

1126 3106 1320 3157 golstudii,
1356 3104 1473 3142 1612.
1498 3103 1520 3141 ’ψ
1542 3103 1660 3141 editis
1690 3104 1762 3154 ¹al:
1785 3103 1881 3140 alias
1914 3102 2084 3141 lacobus

1126 3169 1340 3208 Gretscrus
1366 3168 1402 3204 in
1431 3166 1636 3205 Volumine
1662 3165 1956 3215 Epistolarum,
1982 3176 2083 3216 quas

1183 3302 1228 3341 (a)
1253 3300 1337 3332 Vide
1362 3299 1516 3340 lttigium
1539 3299 1580 3331 de
1603 3298 1826 3332 Biblioihecis
1843 3299 1985 3333 Petrum
2004 3309 2036 3333 c.
2054 3303 2086 3332 7.

1126 3361 1159 3393 p.
1183 3354 1258 3383 614.
1287 3353 1362 3382 617.

1712 3418 1786 3455 eei
