2517 4009
323 324 385 429 ‚J
390 321 507 428 0.
578 320 1157 427 ALBERTI
1222 317 1799 425 FABRICII

926 486 1182 525 IIPSIENSIS

410 592 447 630 S.
480 590 821 631 THEOLOGIAE
852 591 1010 629 INTER
1042 589 1167 627 SUOS
1198 589 1244 628 D
1275 589 1342 626 E'l
1375 588 1520 627 PROF.
1553 588 1699 627 PUBL

93 718 1266 858 BIBLIOTHECA
1349 717 2021 852 LATINA

517 938 775 997 MEDIAE
820 938 912 996 ET
958 937 1240 998 INFIMAE
1286 935 1599 994 AETATIS

731 1063 868 1102 CUM
916 1063 1384 1105 SUPPLEMENTO

314 1172 941 1230 CHRISTIANI
1010 1173 1802 1230 SCHOETTGENII

412 1307 546 1355 JAM
587 1307 631 1354 A
670 1307 724 1354 P.
766 1306 1045 1356 JOANNE
1083 1306 1448 1356 DOMINICO
1489 1305 1707 1355 MANSI

482 1441 698 1481 CLERICO
726 1439 839 1479 REG.
872 1440 1017 1481 CONG.
1050 1441 1299 1481 LUCENSIS
1327 1440 1516 1479 MATRIS
1545 1441 1630 1479 DEI

690 1570 731 1598 IN
762 1569 904 1598 PATRIA
935 1569 1078 1599 DEMUM
1107 1567 1419 1600 ARCHIEPISCOPO

419 1680 450 1718 E
480 1680 586 1719 MSS.
617 1679 815 1728 editisque
844 1677 1057 1718 (lodicibus
1087 1685 1291 1728 correcta,
1324 1679 1547 1725 illustrata,
1578 1683 1694 1717 aucta

542 1799 666 1838 POST
696 1796 979 1837 EDITIONEM
1009 1798 1306 1838 PATAVINAM
1337 1797 1420 1837 AN.
1452 1796 1565 1836 4754.

231 1905 365 1946 NUNC
395 1906 567 1945 DENUO
596 1904 870 1945 EMENDATA
901 1906 966 1944 ET
997 1905 1191 1954 AUCTA,
1221 1905 1478 1946 INDICIBUS
1509 1905 1875 1945 LOCUPLETATA

562 2039 768 2079 Accedunt
800 2042 835 2078 in
868 2040 945 2079 fine
978 2045 1114 2080 vetera
1139 2041 1253 2092 plura
1283 2046 1544 2081 monumenta

329 2157 410 2186 TUM
438 2158 462 2185 A
494 2156 677 2187 FABRICIO
708 2156 802 2186 OLlM
831 2158 1023 2196 TRADITA,
1054 2157 1136 2187 CUM
1159 2158 1182 2186 A
1214 2156 1274 2186 CL.
1304 2157 1453 2188 MANSIO
1484 2157 1604 2187 PRIMO
1629 2157 1795 2186 ADIECTA

872 2282 1119 2332 TOMUS
1161 2282 1249 2330 VI.

213 2417 267 2448 cui
291 2414 331 2445 ad
357 2414 458 2446 Coeln
481 2415 602 2447 scduln
625 2424 758 2448 cannen
780 2418 819 2448 de
845 2417 1196 2448 verbiincarnanone
1221 2417 1311 2456 quod
1333 2419 1480 2448 extatin
1506 2417 1571 2447 fine
1595 2417 1718 2447 volunt
1745 2416 1898 2455 praeced.

984 2466 1146 2498 accedunt

218 2515 350 2547 Henrici
375 2514 636 2554 septimellensis
661 2518 848 2546 carminum
872 2517 1049 2546 variantes.
1074 2517 1241 2548 Michaelis
1269 2519 1363 2548 Ferni
1389 2517 1465 2547 sulii
1491 2519 1606 2555 Pomp.
1631 2518 1718 2546 Laeti
1743 2515 1901 2555 elogium.

399 2567 465 2596 Jae.
491 2565 677 2602 Antiquarii
703 2564 891 2603 Epistolac,
914 2565 1043 2603 cyriaci
1069 2568 1267 2597 Anconitani
1292 2565 1458 2606 Epistolae
1482 2570 1513 2596 et
1540 2565 1714 2604 opuscula.

292 2613 456 2646 Diomedis
481 2613 625 2645 Carass‘ae
653 2616 696 2644 De
719 2616 864 2653 regentis
887 2618 920 2645 et
943 2614 1030 2644 boni.
1045 2617 1206 2655 principis
1229 2615 1361 2647 officiis.
1386 2619 1479 2655 Bapt.
1505 2615 1643 2646 Guarini
1668 2615 1827 2654 Epistola.

771 2833 914 2881 POL
982 2862 1044 2868 —
1117 2836 1352 2883 ZWET.

808 3128 851 3183 F
856 3129 1122 3186 LOREN
1127 3130 1312 3185 TIAE

674 3226 780 3263 TW.
811 3225 1013 3264 'PHOMAE
1046 3227 1291 3266 BARACOEH
1318 3228 1380 3265 ET
1414 3229 1448 3264 Ι·’.

963 3306 1151 3336 MDCCCle

920 3367 1012 3406 Apud
1037 3371 1066 3399 J.
1089 3369 1198 3400 monui
