2517 4009
918 259 1202 298 PETRUS

67 335 146 374 dus
170 331 405 373 Cozzandus
431 335 531 381 part.
558 332 572 369 1
605 331 788 369 biblioth.
830 331 1024 371 Brixiens.

67 408 157 449 pag.
187 396 277 434 291.
300 393 399 444 Ejus
427 394 700 444 [copertorium
750 395 879 433 lucem
928 393 1027 432 vidit

69 460 218 498 Romae
249 455 351 496 1476
392 455 454 494 fol.

116 519 139 543 ³⁸
167 519 284 559 Dedit
316 522 475 569 praeter
507 519 782 569 Repertorium
827 517 1029 571 Epistolos

68 580 280 621 nonnullas
307 591 328 618 e
359 579 505 630 quibus
529 584 612 618 tres
639 581 673 617 in
705 581 936 619 collectione
951 581 1031 630 epi-

67 643 259 683 stolarum
291 642 487 680 Francisci
524 641 683 680 Barbari
728 653 818 680 sese
861 642 1032 680 offerunt

66 703 269 756 legendae.
313 703 481 753 Scripsit
525 704 647 742 etiam
700 704 938 754 opusculum
987 701 1034 741 (le

67 765 216 807 summi
253 763 456 816 Pontificis
485 768 524 803 et
549 763 794 804 universalis
840 764 1031 805 Concilii:

64 839 135 868 nec
161 838 240 866 non
267 825 314 866 de
343 826 633 878 Imperatoriae
663 826 886 879 majestatis
911 826 1034 877 oriqi-

67 901 126 929 ne.
155 890 226 929 Hic
269 899 393 928 verus
433 894 497 927 est
537 889 681 928 titulus
722 891 883 939 operis⁷
913 895 1031 939 prout

66 952 210 1003 legitur
240 952 277 989 in
309 952 388 990 MS.
417 950 512 990 Cod.
543 951 667 990 Felini
700 951 870 990 Sandaei
903 952 940 989 in
977 953 1033 989 Bi-

68 1014 122 1054 bl.
171 1013 360 1053 Canonic.
408 1011 540 1063 Major.
587 1013 793 1052 Ecclesiae
841 1015 1033 1052 Lucensis

69 1080 244 1115 servato.
271 1075 333 1115 Ex
357 1075 431 1114 hoc
462 1075 582 1114 Felini
613 1075 698 1114 cod.
725 1075 870 1113 additis
896 1088 945 1113 ex
970 1087 1033 1114 eo-

68 1137 160 1178 dem
189 1137 327 1176 Felino
356 1136 494 1176 itidem
536 1137 864 1176 annotationibus
895 1137 1014 1187 vulga

69 1205 155 1239 tum
186 1203 250 1239 est
279 1198 356 1238 sub
384 1199 556 1237 ascititio
586 1203 626 1237 et
655 1199 703 1237 ab
732 1199 872 1236 eodem
899 1199 1033 1237 Felino

15 1307 17 1309 ¹
68 1263 214 1300 reiecto
243 1260 360 1300 titulo
402 1259 451 1297 de
494 1259 742 1298 Monarchia.
785 1259 931 1298 Prodiit
963 1260 1035 1297 hoc

67 1322 184 1362 titulo
215 1319 396 1371 Lugduni
422 1331 486 1358 an.
512 1322 628 1360 1512.
654 1322 691 1358 8.
717 1320 885 1359 adiectis
915 1321 1036 1359 adno-

68 1383 290 1423 tationibus
302 1383 384 1422 Nic.
397 1382 580 1421 Chalmot
599 1384 635 1420 in
656 1384 895 1421 pictaviensi
915 1382 1036 1421 Acad.

67 1446 178 1486 Juris
208 1445 446 1485 Professoris
470 1449 511 1483 et
536 1446 681 1483 iterum
707 1456 798 1483 cum
826 1445 948 1482 Felini
970 1455 1039 1482 an-

71 1507 343 1548 notationibus
374 1511 531 1546 tantum
562 1507 709 1545 Romae
753 1517 817 1544 an.
864 1505 968 1544 1537
997 1506 1035 1542 in

75 1570 136 1609 16.
167 1571 394 1620 iterumque
423 1580 515 1607 cum
549 1568 683 1607 Felino
715 1566 853 1606 itidem
886 1568 922 1604 in
945 1568 1039 1605 Tra-

68 1635 180 1671 ctatu
208 1633 469 1670 Tractatuum
499 1635 595 1670 tom.
627 1630 719 1669 XIII
751 1641 787 1680 p.
820 1631 856 1668 1.
894 1629 1034 1667 Venet.

72 1693 188 1735 15814.
220 1695 338 1734 Porro
381 1693 455 1732 hoc
488 1703 588 1744 opus
620 1693 658 1730 in
691 1691 894 1731 nonnullis
934 1691 1040 1730 codi-

71 1755 186 1796 cibus
214 1756 355 1795 Joanni
386 1757 442 1795 De
472 1755 736 1805 Capistrano3
767 1753 836 1792 sed
879 1753 1041 1792 mendo-

71 1830 115 1858 se
145 1818 264 1858 tribui
296 1819 452 1857 notavit
480 1817 644 1857 Felinus
687 1817 725 1854 in
771 1827 844 1855 suo
882 1815 1039 1854 Codice.

72 1880 171 1919 Vide
215 1880 300 1919 Phil
347 1881 433 1920 Sao.
479 1878 726 1919 Lambacher
775 1879 811 1916 in
858 1877 1041 1917 Biblioth.

70 1939 367 1981 vindobonensi
397 1942 524 1981 civica
554 1946 570 1979 t
615 1942 636 1979 4
666 1953 704 1992 p.
736 1940 828 1980 157.
859 1940 922 1979 ubi
955 1941 1040 1991 plu-

75 2015 117 2043 ra
146 2003 196 2043 de
226 2005 300 2044 hoc
331 2008 534 2053 tractatu,
565 1992 832 2043 et‘Cbalmoti
877 2008 1043 2042 annota-

73 2066 248 2105 tionibus
275 2071 423 2106 monet.

127 2129 185 2168 Ex
220 2130 325 2168 Petri
357 2129 407 2168 de
436 2131 569 2168 Monte
601 2128 805 2168 Invectiva
847 2128 1045 2168 adversus

75 2189 293 2230 ridiculum
322 2191 534 2243 quemdam
561 2191 770 2230 Oratorem
813 2190 938 2229 viror.
969 2191 1047 2229 Do-

75 2255 175 2291 ctor.
203 2263 359 2292 osorem
387 2259 577 2304 excerpta
604 2252 802 2303 quaedam
830 2253 941 2291 dedit
958 2254 1046 2292 Em.

75 2313 192 2354 Card.
215 2315 410 2362 Quirinus
434 2317 472 2354 in
494 2316 669 2355 Diatriba
693 2315 874 2366 praelim.
896 2315 945 2354 ad
969 2315 1049 2353 col-

77 2376 169 2416 lect.
199 2377 470 2428 Epistolarum
504 2379 564 2416 Fr.
597 2377 756 2416 Barbari
787 2389 873 2428 pag.
907 2378 997 2417 186.

130 2439 200 2478 Hic
244 2444 308 2478 est
351 2441 437 2490 ipse
482 2441 624 2478 Petrus
668 2440 718 2478 de
761 2441 901 2478 Monte
925 2451 1045 2491 quem

86 2506 296 2553 tamquam
322 2501 372 2540 ab
401 2501 476 2540 hoc
506 2506 643 2540 nostro
685 2501 871 2541 diversus
918 2502 1051 2540 Fabri-

83 2565 172 2605 cius
201 2575 324 2615 supra
354 2574 443 2615 pag.
472 2563 524 2602 78
549 2563 630 2613 jam
663 2564 882 2611 attulerat,
914 2563 978 2604 ubi
1009 2568 1050 2602 et

82 2627 169 2666 libri
200 2625 247 2665 de
270 2624 508 2665 Monarchia
539 2627 750 2675 meminit,
776 2625 847 2664 scd
875 2629 1050 2676 praeter-

54 2739 57 2742 Δ
82 2700 204 2740 quam
224 2699 347 2728 verus
367 2689 455 2728 libri
478 2687 622 2727 titulus
642 2688 745 2727 alius
762 2692 838 2735 est,
858 2689 1052 2738 antiquis-

87 2751 232 2790 simam
264 2750 352 2790 eius
381 2750 597 2790 editionem
630 2750 777 2789 omisit.

137 2811 332 2851 Eiusdem
358 2813 462 2851 Petri
493 2812 543 2851 de
573 2813 705 2851 Monte
739 2817 803 2850 est
834 2812 932 2850 liber
961 2823 1053 2850 con-

85 2878 147 2912 tra
177 2872 452 2925 impugnantes
499 2873 613 2913 Sedis
651 2873 898 2925 Apostolicae
921 2877 1055 2913 aucto-

88 2934 250 2973 ritatem
279 2934 334 2974 ad
361 2935 514 2975 Beatiss
556 2935 600 2974 P.
627 2939 665 2974 et
683 2934 916 2975 clementiss.
940 2935 1056 2986 prin-

89 2995 214 3047 cipem
244 2996 466 3048 Euqenium
496 2998 608 3037 Pont.
642 2999 704 3038 IV.
738 3000 906 3049 lncipit:
934 2997 1056 3048 Majo-

87 3068 156 3097 res
183 3059 310 3096 nostri
352 3059 395 3096 B.
441 3059 488 3097 P.
520 3061 715 3099 Servatur
759 3061 796 3098 in
842 3060 938 3100 Cod.
976 3062 1052 3100 MS.

89 3120 180 3160 204.
224 3120 322 3158 Bibl.
362 3121 485 3159 Felini
530 3119 648 3159 Petri
687 3120 734 3159 de
765 3122 890 3159 Monte
925 3122 1053 3160 oratio

92 3181 185 3221 dum
223 3181 420 3220 emisteret
454 3182 780 3233 protonotarius,
834 3185 871 3220 et
909 3183 1056 3221 Orator

93 3243 265 3296 Euyenii
294 3244 358 3283 IV.
389 3256 452 3296 ap.
484 3246 625 3294 Reyem
668 3242 842 3293 Anyliae.
884 3245 926 3282 ln
960 3246 1054 3283 Bibl.

92 3308 284 3347 Vaticana
314 3307 545 3346 Monfaucon
576 3306 673 3344 Bibl.
703 3305 810 3344 MSS.
844 3318 882 3356 p.
911 3307 974 3343 88.
1011 3307 1053 3345 ln

93 3368 338 3407 Collectione
383 3368 592 3419 Epistolar.
642 3368 839 3405 Francisci
873 3368 1056 3412 Barbari7

1978 260 2057 300 255

1100 343 1221 382 quam
1247 332 1346 369 a.cl.
1373 330 1495 368 Card.
1525 331 1690 376 Quirino
1715 330 1947 369 adornatam
1980 342 2066 369 sae-

1102 395 1191 443 pius
1215 393 1323 439 dixi,
1362 395 1545 443 geminae
1572 393 1673 431 Petri
1707 393 1826 432 buius
1865 394 2064 444 Epistolae

1103 455 1149 494 ad
1199 455 1372 495 eundem
1418 457 1674 494 Franciscum
1718 455 1833 495 datae
1864 456 2064 505 leguntur.

1104 529 1272 568 quorum
1305 518 1429 556 altera
1460 522 1523 555 est
1548 530 1585 555 n.
1612 518 1703 557 218.
1727 518 1800 556 alia
1828 530 1865 556 n.
1891 519 1982 557 220.
2009 519 2029 541 *

1159 580 1179 603 *
1208 581 1266 619 Cl.
1301 582 1336 618 Ρ.
1371 581 1479 630 negti
1517 579 1696 629 Aigostini
1731 582 1766 618 in
1813 580 1886 631 Op.
1927 592 2070 620 verna-

1106 643 1195 681 culo
1224 642 1273 680 dc
1304 643 1468 680 Venetis
1493 643 1762 693 scriptoribus
1788 648 1881 681 tom.
1914 646 1948 682 1.
1979 644 2070 682 364.

1107 705 1309 755 ambigere.
1339 715 1382 741 se
1415 705 1549 742 fassus
1579 710 1640 742 est
1673 717 1766 744 num
1815 708 2018 756 repertorii
2048 718 2069 744 a

1107 768 1221 805 Petro
1246 765 1295 804 de
1319 767 1450 804 Monte
1473 766 1565 804 editi
1588 769 1765 805 extiterit
1788 779 1961 818 unquam
1987 767 2072 806 edi-

1108 829 1162 866 tio
1191 829 1366 867 Romana
1390 828 1463 867 An.
1488 830 1591 868 1476
1633 831 1783 869 Revera
1806 837 1937 868 tamen
1960 835 2073 869 extat

1108 892 1146 928 in
1180 891 1419 930 Bibliotheca
1452 893 1574 930 Felini
1606 891 1752 942 duplici
1785 893 1934 930 infolio
1960 893 2073 931 volu-

1108 954 1227 1001 mine,
1259 958 1299 991 et
1331 954 1366 991 in
1401 954 1477 991 fine
1509 955 1698 1004 postremi
1731 955 1808 992 vol.
1834 954 1978 1003 legitur
2004 954 2073 991 im-

1100 1026 1291 1066 pressum
1333 1017 1477 1055 Romae
1514 1016 1623 1068 apud
1653 1017 1694 1056 S.
1739 1017 1921 1054 Marcum
1953 1017 2071 1055 1476.

1108 1077 1170 1115 die
1201 1079 1237 1116 5.
1282 1076 1502 1116 Februarii
1530 1084 1613 1118 turn
1660 1078 1845 1118 subditur
1885 1080 2074 1117 continuo

1109 1151 1228 1178 manu
1261 1142 1346 1178 eius
1390 1142 1581 1191 temporis
1625 1145 1787 1179 exarata
1821 1141 1918 1179 haec
1952 1140 2075 1179 adno-

1108 1203 1203 1238 tatio
1221 1214 1230 1238 .·
1245 1213 1317 1252 per
1332 1201 1606 1240 'honorabilem
1630 1214 1761 1240 virum
1779 1202 1973 1241 Simonem
2000 1202 2069 1240 ,vi-

1109 1262 1211 1301 colaz
1233 1263 1279 1301 cle
1309 1265 1416 1302 Luca
1445 1268 1705 1303 mercatorem
1734 1276 1890 1302 carlom
1934 1266 2070 1302 Romo-

1112 1335 1206 1362 nam
1235 1329 1468 1375 sequentem.
1502 1327 1522 1348 ³¹*
1550 1328 1609 1365 Ε(
1642 1332 1738 1364 tom.
1771 1328 1831 1364 Vl.

1167 1387 1362 1425 PETRUS
1382 1388 1556 1426 Jacobus
1581 1387 1882 1439 Montefalchius
1902 1419 1910 1430 .
1938 1389 2075 1428 clarus

1113 1449 1218 1486 circa
1248 1449 1326 1486 An.
1356 1449 1473 1487 1497.
1493 1460 1594 1499 opus
1626 1449 1844 1498 reliquitcle
1866 1450 2076 1489 Vicentine's

1114 1515 1199 1548 tum
1221 1511 1340 1548 etiam
1366 1509 1413 1548 cle
1443 1510 1736 1561 coynominibus
1785 1512 1956 1550 Deorum
1996 1515 2077 1557 egit

1113 1572 1212 1610 libro
1233 1571 1340 1609 edito
1366 1573 1552 1611 Perusiae
1580 1573 1698 1611 1525.
1741 1577 1862 1622 atque
1904 1575 1995 1611 item
2036 1574 2081 1612 de

1113 1633 1245 1673 sacris
1273 1631 1581 1682 celebritatibus,
1605 1634 1748 1673 Habuit
1778 1645 1870 1673 eum
1912 1637 2077 1685 scripto-

1114 1707 1197 1734 rem
1233 1697 1346 1734 Laur.
1377 1697 1585 1747 pignorius
1615 1701 1719 1734 teste
1751 1697 1890 1734 Vossio
1915 1708 1952 1746 p.
1988 1697 2080 1734 664.

1169 1759 1365 1797 PETRUS
1388 1757 1434 1796 de
1455 1758 1590 1804 Mora⁷
1615 1760 1940 1807 Beneventanus,
1965 1759 2014 1797 ab
2035 1759 2079 1796 Α.

1116 1820 1230 1859 1205.
1256 1820 1500 1870 Cardinalis‚
1527 1822 1697 1870 scriptor
1722 1821 1950 1859 Dictionarii
1995 1822 2082 1858 sive

1113 1881 1327 1934 Alphabeti
1364 1882 1470 1922 artis
1515 1882 1852 1928 sermocinandi,
1885 1884 2081 1922 Manuscr.

1116 1946 1154 1983 in
1180 1946 1302 1984 variis
1327 1945 1595 1984 Bibliothecis.
1621 1945 1716 1984 Vide
1753 1944 1955 1983 Oudinum
1986 1949 2083 1983 tom.

1119 2008 1143 2045 2
1168 2020 1206 2058 p.
1234 2008 1352 2047 1721.
1377 2019 1472 2058 seq:

1174 2071 1366 2109 PETRUS
1391 2069 1551 2109 Natalis
1577 2072 1663 2109 sive
1689 2073 1732 2109 de
1752 2068 1966 2109 Natalibus
1984 2100 1994 2117 ,
2021 2079 2088 2107 sn—

1120 2144 1188 2183 pra
1222 2145 1260 2183 p.
1290 2132 1383 2170 282.

1175 2195 1368 2233 PETRUS
1386 2193 1670 2246 Neapolitanae
1688 2197 1774 2233 sive
1791 2197 2090 2244 Parthenopen-

1127 2259 1183 2295 sis
1213 2257 1419 2296 Ecclesiae
1445 2256 1721 2294 Subdiaconus
1742 2258 1845 2294 circa
1883 2257 1957 2294 An.
1998 2256 2088 2293 890.

1125 2320 1288 2368 scripsit
1330 2318 1475 2356 librum
1516 2317 1560 2355 cle
1603 2316 1815 2356 Miraculis
1857 2318 1893 2356 S.
1936 2315 2093 2367 Aqnelli

1122 2378 1291 2419 Abbatis
1308 2411 1316 2426 ,
1342 2379 1691 2430 Neapolitanorum
1719 2379 1874 2417 Patroni
1900 2379 1966 2427 qui
2013 2378 2086 2416 An.

1124 2443 1219 2482 590.
1248 2443 1358 2480 obiit.
1388 2442 1448 2480 Ex
1473 2452 1518 2480 eo
1543 2441 1739 2491 quaedam
1782 2450 1900 2478 versu
1942 2441 2089 2488 scripta

1124 2505 1251 2553 (Liber
1278 2505 1360 2555 ipse
1385 2505 1491 2542 enim
1511 2514 1624 2554 prosa
1651 2507 1714 2540 est
1735 2503 1995 2552 compositus)
2019 2513 2088 2539 ex-

1124 2568 1274 2616 cerpsit
1303 2566 1507 2616 ediditque
1540 2565 1729 2615 Ugbellus
1760 2569 1854 2602 tom.
1874 2565 1935 2601 Vl.
1955 2564 2087 2601 ltaliae

1125 2639 1262 2667 sacrae
1294 2627 1447 2678 pag76.
1469 2627 1573 2675 (edit.
1602 2638 1728 2664 novae
1754 2638 1788 2676 pv
1812 2627 1889 2673 54.)
1921 2625 2017 2663 Vide
2048 2630 2092 2662 et

1127 2696 1223 2729 tom.
1247 2691 1308 2729 IV.
1336 2702 1424 2740 pag.
1452 2689 1540 2727 878.

1182 2752 1373 2791 PETRUS
1398 2751 1542 2801 Niyer,
1569 2762 1687 2801 supra
1716 2762 1799 2799 pag.
1828 2752 1916 2789 133.

1181 2814 1367 2854 coenobii
1394 2815 1433 2852 S.
1459 2814 1602 2852 Pla'sssl
1632 2812 1671 2849 in
1695 2811 1823 2861 Niyra
1844 2810 1963 2861 Sylva
1981 2810 2092 2849 dota-

1131 2879 1258 2915 tiones
1287 2876 1416 2914 editae
1447 2878 1467 2915 a
1498 2877 1650 2914 Joanne
1694 2875 1891 2913 Friderieo
1936 2874 2088 2911 Soban-

1129 2944 1197 2977 nat
1228 2940 1265 2976 in
1296 2938 1528 2977 collectione
1554 2939 1677 2988 prima
1705 2936 1999 2974 Vindemiarum
2029 2936 2093 2973 lit.-

1131 3001 1366 3038 terariarum
1385 3032 1396 3049 ,
1424 2998 1712 3041 Fuldaessi723.
1740 2999 1800 3036 fol.
1828 3010 1862 3047 p.
1901 2997 2089 3036 160-164.

1184 3061 1375 3100 PETRUS
1401 3064 1420 3100 e
1445 3061 1642 3110 Nonqento
1662 3061 1912 3098 Nmmannus
1940 3059 2091 3101 Gallus,

1130 3123 1352 3173 Tlicologus
1376 3124 1482 3161 Paris
1519 3123 1620 3159 eirca
1661 3122 1734 3159 An.
1770 3121 1884 3159 4404.
1922 3122 2091 3170 Scripsit

1131 3186 1166 3220 in
1179 3183 1973 3233 MagistrumSententiarumScholastica
1986 3184 2090 3228 Quo-

1131 3246 1293 3284 dlibcto.
1331 3246 1596 3290 Quaestiones
1627 3245 1859 3284 ordinarias
1900 3245 2008 3283 libris
2046 3245 2090 3282 ll.

1131 3310 1369 3345 Sermonum
1417 3307 1536 3345 libros
1577 3308 1638 3345 lll.
1676 3306 1770 3345 Vide
1804 3309 2091 3346 Possevinuin.

1138 3369 1335 3415 ,Nicetium
1365 3381 1448 3418 piis-⁷.
1469 3371 1544 3407 :3:¹33
