2533 4009
448 282 521 319 1615
886 312 890 315 .

444 351 594 389 larius.
626 348 820 399 (lincellai)
847 347 1096 384 Florentinus
1120 347 1382 396 qui-Leonem

444 416 491 451 X.
519 414 641 459 attigit
674 409 931 458 cognatione,
963 408 1084 446 ictus
1127 413 1167 446 et
1213 410 1383 448 Philoso-

441 474 541 524 phus
571 473 698 509 clarus
727 471 828 506 circa
860 470 906 506 A.
932 469 1046 506 4190.
1073 475 1228 519 praeter
1256 471 1385 509 Hi‘sto-

439 536 540 572 rium
570 533 615 569 (le
639 528 755 568 rebus
781 531 819 567 in
841 529 958 568 ltalia
980 534 1100 579 (lestis
1125 532 1173 569 ab
1201 533 1244 570 A.
1270 533 1383 570 4483.

438 599 521 632 sive
550 593 599 639 ab
629 591 799 629 ‹uloentu
832 592 969 631 Caroli
1003 594 1103 631 VIII.
1134 592 1286 632 Galliae
1316 596 1385 633 Ii'e-

433 657 495 706 91‘3
524 655 562 692 in
592 652 707 691 ltalia
735 653 783 691 de
812 654 929 704 cujus
958 655 1130 693 editione.
1161 656 1239 694 dixi
1290 661 1384 694 tom.

437 721 449 756 4
487 728 572 766 pag.
603 716 691 754 ⁶2¹6.
723 718 879 766 scripsit
912 721 951 754 et
981 717 1198 756 Historiam
1225 717 1383 756 Floren-

433 778 551 815 tinum
580 781 618 815 et
646 778 954 817 Commentarios
992 779 1038 817 cle
1085 779 1186 819 Urbe
1230 781 1380 828 Roma,

428 838 605 876 laudatos
635 841 747 877 Petro
793 842 942 879 Crinito
974 842 1036 879 IV.
1066 842 1101 879 9.
1133 842 1181 880 de
1212 842 1375 881 honesta

429 900 660 950 disciplina:
691 907 730 940 et
759 901 910 941 Bellum
941 902 1149 942 Pisanum.
1188 904 1285 943 Vide
1313 907 1380 942 Ju—

429 963 465 1000 iii
496 962 602 1012 Nigri
627 963 829 1003 historiam
853 967 1093 1015 scriptorum
1122 966 1378 1005 Florentinor.

428 1035 513 1074 pag.
544 1026 629 1063 406Δ
664 1026 724 1064 ubi
756 1028 946 1065 eximium
982 1039 1117 1077 poema
1148 1028 1197 1066 de
1240 1029 1380 1079 apibus

427 1086 558 1124 ltalice
588 1087 737 1125 editum
761 1088 896 1126 Venet.
926 1090 1042 1128 4539.
1070 1090 1240 1129 Florent.
1264 1092 1380 1130 ⁴590.

425 1158 515 1186 cum
549 1151 651 1186 notis
682 1150 772 1187 nob.
805 1152 894 1188 Titii
943 1157 983 1190 et
1026 1153 1157 1190 PataV.
1199 1152 1313 1192 4748.
1346 1153 1381 1190 t.

425 1221 629 1260 perperam
661 1211 749 1250 huic
788 1213 987 1263 praedicto
1017 1214 1216 1252 Bernardo
1245 1215 1382 1254 tribuit

423 1272 526 1321 quod
557 1274 602 1311 A.
635 1275 749 1312 4524.
782 1275 855 1313 fuit
879 1277 1145 1326 compositum
1186 1278 1329 1316 Romae
1359 1280 1381 1317 a

428 1334 504 1372 iiiio
535 1335 721 1374 Bernardi
750 1337 898 1376 Joanne
917 1338 1277 1387 OiiiCELLAMO,
1300 1341 1382 1379 Pal-

424 1395 542 1434 lantis
559 1402 598 1435 et
622 1398 756 1436 Cosmi
787 1397 1106 1439 Oricellariorum
1131 1401 1249 1440 fratre
1270 1414 1382 1452 prae-

424 1457 525 1496 fecto
548 1460 698 1498 castelli
723 1461 760 1499 S.
786 1461 937 1511 Angeli.
964 1462 1058 1500 Vide
1089 1463 1261 1501 Diarium
1293 1476 1382 1503 eru-

424 1519 594 1559 ditorum
620 1523 752 1560 ltaliae
779 1528 807 1560 t.
831 1524 881 1562 23
908 1535 992 1574 pag.
1014 1524 1104 1562 268Δ
1123 1535 1207 1576 seq.
1231 1531 1270 1564 et
1290 1527 1378 1564 288.

425 1586 464 1619 et
493 1583 831 1623 Crescimbenium
856 1587 892 1623 in
917 1586 1004 1624 hist.
1023 1588 1189 1625 Pooseos
1212 1588 1379 1627 italicae.

479 1646 686 1685 omissis.
719 1647 847 1698 Supra
878 1648 1154 1688 ORESIESIS.

473 1708 690 1748 ORONIUS
718 1721 809 1748 cum
843 1709 959 1749 Gilda
990 1715 1025 1749 et
1055 1710 1295 1764 Plemmydio
1322 1715 1379 1751 in-

423 1774 483 1809 ter
511 1772 649 1809 Po'etas
679 1773 701 1810 a
732 1773 908 1822 Gyraldo
940 1775 977 1811 in
1010 1774 1145 1812 limine
1175 1774 1315 1827 dialogi
1342 1777 1380 1816 2.

422 1838 546 1883 atquc
578 1833 667 1872 inde
688 1847 709 1873 a
734 1835 903 1873 Lelando
932 1847 1016 1886 cap.
1050 1837 1111 1875 40.
1142 1838 1376 1877 celebratur.

423 1895 631 1945 Britanni,
665 1898 794 1948 inquit
818 1898 1043 1948 Gyraldus,
1077 1902 1231 1938 tametst
1270 1901 1380 1951 peni-

423 1961 510 2005 tus,
540 1962 584 1996 ut
609 1959 668 1997 ait
713 1961 857 2005 Poeta,
904 1964 1037 1999 nostro
1089 1960 1192 2000 Orbe
1236 1961 1378 2009 divisi,

416 2024 553 2072 poetas
570 2033 726 2073 semper
753 2027 1016 2072 amaverant,
1048 2027 1167 2075 atque
1192 2025 1292 2063 inter
1316 2036 1379 2063 eos

424 2082 715 2135 Plemmydius,
749 2085 919 2124 Oronius
949 2090 985 2124 et
1016 2085 1153 2125 Gilclas
1190 2086 1379 2126 celebrati

419 2144 595 2196 fuerunt.

477 2207 626 2247 Paulus
656 2208 876 2248 OROSIUS
906 2215 1023 2261 gente
1050 2212 1261 2262 Hispanus⁷
1287 2213 1379 2250 Pre-

422 2269 564 2319 sbyter
592 2271 927 2320 Tarraconensis,
950 2271 982 2316 al
1008 2274 1056 2311 ab
1081 2275 1263 2324 Hispanis
1283 2276 1378 2313 scri-

423 2332 600 2382 ptoribus
634 2333 668 2380 b)
703 2338 862 2383 praeter
904 2346 988 2372 rem
1031 2335 1256 2386 adscriptus
1286 2338 1380 2375 Ere—

421 2395 528 2432 mitis
556 2395 865 2445 Augustinianis
889 2427 897 2445 ‚
926 2398 987 2435 vel
1015 2398 1220 2449 Episcopis
1248 2401 1378 2449 Legio-

422 2458 627 2495 mensibus,
658 2458 703 2496 A.
735 2459 778 2497 C.
809 2459 900 2497 443.
928 2460 1082 2510 legatus
1106 2461 1152 2499 ad
1180 2462 1218 2500 S.
1243 2460 1378 2511 Augu-

423 2521 575 2558 stinum
609 2521 645 2557 in
677 2520 850 2559 Africam
877 2523 911 2571 c)
939 2527 979 2560 et
1009 2522 1057 2560 de
1087 2524 1385 2561 Prisciiianista-

427 2593 516 2619 rum
558 2583 758 2621 erroribus
802 2585 838 2622 in
889 2584 1075 2634 Hispania
1118 2586 1377 2636 gliscentibus

425 2655 517 2683 eum
551 2646 804 2694 moniturus,
835 2646 900 2685 vir
930 2645 1109 2698 eloquens
1134 2650 1170 2685 et
1194 2646 1379 2686 historia-

474 2810 506 2849 a)
533 2812 770 2843 Tarraconem
792 2817 955 2843 nostram
968 2815 1014 2844 ad
1030 2815 1310 2845 consolationem
1321 2815 1384 2846 mi-

419 2861 532 2891 seriae
548 2862 698 2892 recentis
723 2863 955 2894 ostendimus.
980 2866 1072 2895 Oros.
1091 2867 1157 2894 vil.
1185 2866 1238 2897 22.

483 2910 518 2949 b)
544 2913 608 2942 ilos
631 2911 750 2942 refellit
769 2913 839 2943 Nic.
862 2914 1026 2944 Antonius
1051 2913 1106 2943 lib.
1132 2916 1172 2943 lli
1197 2914 1281 2945 Bibl.
1306 2917 1380 2945 ilis-

419 2970 495 3001 pao.
520 2962 638 2992 veteris
657 2969 730 3000 cap.
753 2960 783 2992 1.
801 2961 829 2992 el
855 2961 983 2992 Baelius
1009 2963 1040 2992 in
1065 2964 1194 2994 Lexico.

476 3011 507 3048 c)
532 3011 610 3042 vide
633 3013 738 3042 Orosii
764 3013 1061 3043 Commonitorium
1081 3037 1090 3049 ‚
1114 3012 1154 3043 de
1177 3022 1242 3052 quo
1262 3014 1357 3044 infra.

475 3061 509 3097 d)
527 3063 660 3092 Orosius
685 3062 971 3101 historiographus
995 3064 1119 3094 citatur
1136 3061 1153 3092 a
1171 3066 1201 3093 S.
1220 3065 1378 3103 Prospero

421 3107 459 3137 de
483 3111 756 3147 promissionibuz
780 3120 854 3151 pag.
872 3113 922 3142 7⁸.
942 3116 972 3142 et
992 3112 1059 3143 itit),
1083 3116 1173 3151 Quae
1192 3115 1223 3144 in
1250 3115 1377 3150 orosio,

421 3158 493 3188 utili
510 3158 633 3198 alioqui
657 3164 818 3201 scriptore
839 3160 856 3192 a
881 3164 960 3193 viris
979 3164 1085 3194 doctis
1104 3168 1261 3195 notantur
1274 3190 1283 3203 ,
1300 3164 1378 3196 Vide

421 3207 446 3235 si
465 3206 566 3243 placet
583 3210 668 3247 apud
694 3214 841 3243 vossium
867 3214 905 3244 ΙΙ,
931 3212 943 3242 1
972 3238 978 3244 .
999 3212 1037 3243 de
1055 3214 1131 3245 hist.
1150 3216 1215 3244 Lat.

480 3262 507 3283 ci
524 3257 638 3287 Confer
656 3262 687 3289 Β.
706 3263 741 3290 1).
754 3262 932 3293 Christiani
947 3263 1108 3294 Kortholti
1122 3264 1376 3297 obtrectatorem

428 3311 588 3342 paganum
612 3306 668 3337 lib.
692 3309 721 3338 Ξ.
746 3318 817 3349 cap.
840 3311 888 3342 123.

487 3352 512 3388 s)
540 3354 739 3394 Apologctici
766 3367 836 3398 cap.
862 3361 912 3392 40.
931 3371 998 3402 seq.
1018 3368 1049 3394 ct
1068 3364 1121 3395 lib.
1150 3364 1177 3395 1.
1196 3365 1235 3395 ad
1265 3366 1378 3396 Natio-

425 3411 477 3433 nes
498 3427 505 3441 ‚
524 3412 592 3442 cop.
619 3412 636 3442 s)

1258 277 1589 318 ORONIUS

1456 361 1547 388 rum
1575 351 1611 395 d)
1637 352 1810 401 coqm'cor
1832 356 1914 405 ipso
1935 355 2127 395 suadente
2151 352 2314 404 scripsit
2333 353 2403 392 ad-

1455 424 1614 451 versam
1655 413 1840 464 querulos
1869 421 1905 455 et
1932 417 2166 470 infamantes
2204 414 2401 455 Christia-

1457 473 1501 511 ni
1526 475 1712 522 nominis,
1742 475 1814 527 qui
1838 476 2020 516 dicebant
2046 478 2235 531 desectam
2264 479 2404 517 Roma-

1456 547 1530 574 nae
1560 536 1663 588 Reip.
1694 539 1727 585 e)
1772 537 1923 578 Christi
1962 540 2140 579 doctrina
2184 540 2403 586 invectam,

1457 598 1576 637 libros
1605 604 1784 650 septem3
1811 601 1847 638 in
1873 599 2015 651 quibus
2044 602 2236 648 (laudatis
2258 604 2280 641 a
2301 601 2405 640 Gen-

1457 660 1572 699 nadio
1601 672 1685 712 cap.
1717 663 1778 701 39.
1809 661 1857 699 de
1887 663 1924 701 S.
1954 662 2000 701 E.
2030 662 2236 713 eidemque
2261 664 2299 702 S.
2324 663 2404 702 Au-

1455 725 1613 772 gustino
1633 723 1848 772 dedicatis)
1875 735 2000 775 paene
2021 724 2137 763 totius
2157 724 2294 763 Mundi
2313 728 2405 764 tem-

1450 796 1569 835 pora,
1602 786 1675 833 (ab
1699 785 1800 823 Orbe
1829 785 1986 824 condito
2015 796 2142 838 usque
2188 785 2320 825 ad‘A.
2361 787 2404 826 C.

1457 846 1569 894 417.)
1598 846 1843 886 calamitates
1873 851 1911 886 et
1931 847 2114 886 miserias
2142 859 2190 886 ac
2214 845 2403 887 bellorum

1454 908 1740 958 inquietudines
1789 908 2015 959 replicans,
2064 908 2231 948 ostendit
2277 909 2404 960 magyis

1462 970 1711 1009 Christianae
1741 969 2027 1009 observationis
2056 981 2162 1018 esse,
2198 971 2302 1023 quod
2317 983 2406 1010 con-

1455 1037 1520 1071 tra
1561 1032 1744 1071 meritum
1791 1043 1907 1071 suum
1948 1044 2014 1071 res
2057 1035 2234 1072 Romana
2275 1032 2403 1072 adhuc

1454 1095 1645 1140 duraret,
1670 1098 1707 1132 et
1731 1106 1828 1146 pace
1858 1093 2040 1134 culturae
2071 1094 2192 1144 DEI,
2217 1099 2407 1148 pacatum

1453 1157 1640 1196 retineret
1670 1157 1894 1209 Imperium.
1926 1157 2034 1196 Idem
2065 1161 2348 1209 argumentum
2385 1158 2407 1197 e

1454 1221 1615 1259 Graecis
1645 1220 1904 1270 scriptoribus
1933 1220 2118 1259 Justinus
2142 1231 2207 1270 qu.
2234 1219 2407 1259 cxxvi.

1454 1283 1500 1322 ad
1533 1282 1785 1322 Orthodoxos
1809 1282 2005 1332 attigerat,
2029 1286 2069 1320 et
2093 1282 2114 1321 ὲ·
2141 1282 2289 1320 Latinis
2312 1282 2405 1320 Ter—

1454 1345 1646 1384 tullianus
1669 1376 1677 1392 ,
1707 1344 1732 1392 f)
1762 1345 1985 1394 Cyprianus
2007 1374 2014 1391 ,
2045 1343 2087 1393 g)
2114 1343 2339 1392 Arnobius‚
2365 1342 2405 1393 h)

1453 1407 1716 1453 Ambrosius,
1748 1407 1784 1454 i)
1816 1405 2053 1444 Prudentius
2083 1404 2119 1454 k)
2149 1409 2189 1442 et
2218 1405 2408 1455 Augusti-

1456 1480 1531 1507 nus
1558 1470 1639 1519 ipse.
1671 1468 1780 1506 libris
1802 1467 2037 1518 primoribus
2058 1466 2105 1505 de
2130 1465 2301 1505 Civitate
2321 1467 2406 1506 DEI

1454 1531 1502 1570 ad
1532 1531 1825 1570 Marcellinum:
1862 1530 1898 1577 l)
1925 1529 2001 1568 Sed
2026 1528 2255 1580 diligentius
2277 1534 2408 1569 caete-

1455 1595 1507 1631 ris
1537 1598 1774 1644 persecutus
1823 1597 1884 1630 est
1922 1590 2088 1630 Orosius
2117 1591 2154 1629 in
2175 1590 2260 1630 ·hoc
2287 1602 2406 1643 opere

1455 1667 1523 1706 per
1553 1655 1820 1693 inductionem
1864 1654 2042 1692 omnium
2087 1657 2310 1704 temporum
2339 1653 2407 1693 de-

1456 1722 1684 1756 monstrans
1715 1727 1863 1754 meram
1896 1715 1997 1754 hanc
2025 1715 2265 1754 calumniam
2290 1716 2408 1767 Paga-

1454 1791 1594 1818 norum
1639 1790 1728 1817 esse
1774 1777 1878 1817 illius
1906 1777 2078 1825 aetatis,
2109 1779 2131 1816 a
2159 1777 2304 1827 quibus
2340 1788 2408 1815 no-

1453 1852 1539 1878 men
1569 1839 1734 1879 CHristi
1761 1842 1950 1890 tanquam
1979 1837 2061 1877 lues
2084 1837 2225 1890 aliqua
2247 1836 2406 1878 illorum

1452 1907 1670 1953 temporum
1694 1900 1858 1952 probris
1883 1898 2149 1952 9ravabatur.
2172 1902 2222 1950 m)

1510 1967 1638 2005 Editio
1671 1967 1930 2004 ilistoriarum
1951 1964 2077 2003 Orosii
2102 1965 2334 2015 Augustana
2357 1965 2401 2004 A.

1455 2028 1572 2067 ilt71i.
1601 2040 1671 2078 per
1700 2030 1757 2065 J0.
1790 2027 2005 2075 Schusler⁷
2035 2027 2097 2066 fol.
2128 2027 2242 2066 obvia
2279 2028 2317 2066 in
2342 2028 2405 2066 Bi-

1452 2092 1505 2130 bl.
1551 2090 1891 2129 Heilsbronnensi.
1935 2090 2140 2128 Vicentina
2183 2088 2406 2140 twa-per

1454 2155 1723 2192 Hermannum
1756 2151 1804 2189 de
1830 2151 2003 2189 Colonia.
2030 2151 2178 2189 Veneta
2204 2151 2318 2190 4483.
2344 2150 2406 2189 foi.

1452 2227 1569 2266 opera
1599 2219 1639 2252 et
1668 2215 1857 2265 expensis
1887 2213 2094 2253 Octaviani
2125 2213 2230 2252 Scoti
2254 2211 2408 2251 Modoe-

1451 2279 1591 2317 tiensis
1621 2278 1693 2315 fuit
1725 2278 1760 2314 in
1794 2276 1888 2314 Bibl.
1920 2274 2236 2314 llohendorfiana
2279 2286 2315 2325 p.
2346 2275 2409 2314 90.

1453 2345 1492 2379 et
1523 2342 1558 2378 in
1592 2339 1831 2378 Bibliotheca
1877 2339 2043 2377 Joannis
2073 2338 2194 2383 Mori,
2222 2337 2406 2387 Episcopi

1454 2404 1635 2443 Eliensis.
1669 2401 1844 2440 Eandem
1890 2400 2043 2451 inspexi
2084 2398 2186 2450 apud
2217 2399 2313 2437 Rev.
2343 2409 2413 2437 no-

1455 2470 1584 2503 struin
1616 2463 1819 2502 Woliium.
1854 2463 1955 2501 Haec
1985 2463 2035 2500 ita
2067 2472 2143 2499 non
2174 2464 2310 2500 secuta
2334 2464 2408 2507 est,

1454 2528 1490 2575 n)
1522 2526 1589 2564 sed
1622 2524 1784 2577 perinde
1816 2529 1857 2563 ut
1888 2525 2061 2563 Venetae
2091 2523 2193 2562 duae
2221 2521 2319 2561 aliae
2361 2520 2407 2560 A.

1456 2588 1569 2628 list.
1602 2600 1670 2638 per
1692 2586 1917 2626 Erhardum
1933 2585 2089 2623 Ratdolt
2109 2583 2403 2635 Augustensem

1452 2656 1491 2689 et
1522 2651 1641 2690 4499.
1674 2661 1744 2701 per
1786 2647 2115 2699 Christophorum
2159 2645 2207 2684 de
2246 2645 2408 2694 Pensis,

1503 2825 1540 2866 g)
1564 2824 1609 2856 Ad
1638 2825 1902 2856 Demetrianum.
1925 2820 2049 2853 Confer
2062 2820 2187 2853 Baiuzii
2215 2825 2311 2854 notas
2339 2829 2412 2862 pag.

1441 2875 1515 2906 444.
1539 2876 1716 2905 baronium
1740 2872 1780 2903 ad
1805 2875 1852 2902 An
1874 2871 1948 2903 θ256.
1966 2879 2056 2903 num.
2082 2870 2134 2902 21.
2154 2879 2225 2911 seq.
2242 2875 2274 2902 et
2289 2873 2322 2902 B.
2336 2873 2415 2903 Kor-

1445 2925 1588 2956 tholtum
1613 2931 1691 2961 pag.
1715 2921 1768 2952 4⁶2.
1792 2925 1824 2952 et
1842 2922 2009 2952 tustinum
2028 2923 2211 2960 martyrem.

1501 2973 1537 3010 h)
1561 2971 1726 3003 Arnobius
1744 2971 1800 3001 lii).
1832 2970 1859 3002 1.
1883 2971 1956 3002 sub.
1974 2972 2046 3002 init.

1502 3022 1535 3059 i)
1559 3023 1681 3053 Contra
1704 3020 1938 3060 Symmachum
1955 3044 1964 3060 ‚
1982 3022 2089 3061 Epist.
2111 3018 2164 3052 51.
2191 3019 2233 3052 ad
2262 3019 2411 3052 Valenti-

1459 3075 1596 3104 nianum
1622 3073 1702 3111 imp.

1500 3122 1535 3160 k)
1559 3122 1627 3152 Lib.
1651 3122 1682 3151 ⁶2.
1702 3129 1788 3152 vers.
1804 3120 1876 3151 916.
1902 3128 1972 3160 seq.
1996 3123 2112 3152 contra
2130 3118 2375 3160 Symmachum.

1500 3171 1527 3210 l)
1549 3170 1667 3202 Confer
1685 3172 1859 3210 Augustini
1878 3173 2131 3202 retractationes
2147 3169 2204 3201 lib.
2221 3169 2252 3199 Ξ,
2265 3175 2336 3208 cap.
2352 3167 2407 3200 45.

1421 3235 1423 3238 ⁴
1439 3225 1470 3251 et
1492 3223 1581 3261 Epis.
1604 3220 1643 3251 ad
1662 3220 1890 3252 Marcellinum
1905 3223 1942 3251 V.
1961 3219 2058 3260 (edit.
2085 3225 2188 3250 novae
2205 3218 2409 3256 cxxxvlii.)

1441 3278 1515 3309 cap.
1536 3269 1584 3300 16.

1500 3320 1546 3357 m)
1574 3322 1708 3351 Orosius
1722 3320 1785 3350 lib·
1798 3318 1870 3350 Vli.
1884 3326 1956 3358 cap.
1972 3319 2023 3350 57.

1501 3369 1536 3406 n)
1550 3372 1700 3400 secutam
1723 3369 1841 3400 scribit
1856 3370 1925 3399 Nic.
1944 3369 2108 3399 Antonius
2126 3373 2200 3406 pag.
2221 3365 2295 3398 181.
2322 3371 2403 3400 tom.

1442 3419 1452 3449 1
1477 3418 1559 3452 Bibl.
1575 3421 1778 3458 Hispanicae
1802 3419 1934 3449 veteris.
