2517 4009
873 252 1301 297 OJMENTIUS

154 334 423 377 ORIENTIUS
465 333 514 372 ab
558 331 697 369 horum
736 334 903 379 utroque
933 329 967 375 a)
1013 331 1056 365 ut

105 400 199 440 mihi
224 397 442 450 persuadeo
465 395 651 434 diversus
668 425 678 441 ,
710 393 868 431 natione
892 391 1054 436 GalluS,

101 467 241 504 auctor
272 456 570 501 Commonitorii
597 456 771 495 fidelium
793 484 802 500 ,
833 455 899 504 qui
943 463 1056 503 paga-

101 537 195 565 num
221 535 264 564 se
294 523 416 562 fuisse
446 532 522 559 non
560 519 754 558 diffitetur
783 518 846 555 his
871 515 1055 554 versibus

100 589 138 626 in
175 584 415 638 deprecandi
443 584 623 630 cantico,
654 580 757 632 apud
794 577 1054 619 Edmundum

98 651 274 689 Martene
298 646 542 687 collectionis
564 655 691 683 novae
721 643 766 681 A.
788 641 915 681 4700„
931 652 966 691 p.
995 638 1056 678 37.

192 730 233 760 Et
258 736 318 760 nos
341 735 360 759 a
384 727 473 758 faece
496 725 718 758 Ethnicorum
739 724 934 755 emersimus
951 747 960 759 ,

191 780 341 818 Eamque
363 776 497 808 tandem
521 777 674 815 rupimus
698 772 879 812 caliginem

189 830 276 860 Dum
299 827 466 868 spiritales
491 824 689 857 exaudimus
713 822 864 863 angelos.

97 896 286 946 Idemque
315 894 448 934 clades
476 893 624 932 Galliae
653 904 724 942 per
752 891 902 930 Gothos
928 891 1054 929 medio

98 958 256 998 saeculo
286 958 426 1008 quinto
456 956 586 995 illatas
615 954 759 993 dolens
788 955 872 992 ait:

151 1030 251 1061 Mors.
267 1026 377 1066 dolor,
392 1026 573 1065 excidium,
589 1029 730 1066 strages,
748 1023 917 1062 incendia,
931 1023 1041 1055 luctus

193 1081 263 1110 Uno
291 1077 433 1109 fumavit
458 1076 562 1108 Gallia
584 1079 655 1107 tota
677 1082 771 1115 rogo,

98 1148 235 1198 Neque
270 1147 319 1186 de
347 1146 589 1197 Episcopatu
621 1143 710 1195 ejus
738 1142 843 1193 apud
882 1141 1063 1192 Sigeber-

96 1214 184 1248 tum
215 1211 300 1248 sive
331 1210 452 1248 alium
482 1218 711 1258 quenquam
743 1210 955 1253 veterum,
984 1207 1056 1241 aut

98 1273 137 1310 in
167 1271 378 1311 Codicibus
407 1270 690 1320 Manuscriptis
721 1268 944 1307 carminum
977 1266 1066 1314 ejus

101 1335 277 1382 mentio,
309 1333 379 1372 sed
405 1333 637 1384 sigebertus
661 1343 746 1381 cap.
780 1331 846 1368 34.
881 1327 1064 1367 Orentius

101 1394 452 1436 Commonitorium
484 1393 647 1445 scripsit
681 1397 804 1432 metro
835 1392 990 1432 heroico
1025 1390 1061 1439 b>

99 1459 246 1507 (immo
276 1457 428 1508 elegis)
458 1460 503 1495 ut
531 1455 705 1494 mulceat
733 1456 921 1507 leyentem
948 1469 1063 1497 svam

101 1518 355 1572 breviloquio.
398 1519 622 1558 Venantius
674 1520 946 1568 Fortunatus,
996 1521 1063 1570 qui

101 1582 232 1621 medio
261 1582 396 1622 seculo
420 1586 535 1621 sexto
560 1583 720 1632 scripsit
750 1583 788 1619 in
819 1581 968 1630 Gallia,
999 1582 1064 1620 lib.

98 1647 134 1684 4.
164 1645 214 1684 de
245 1645 327 1683 vita
351 1645 505 1683 Martini
533 1655 637 1683 vers.
669 1643 731 1682 17.
763 1647 946 1683 juvenco
971 1656 1063 1683 eum

94 1706 270 1758 jungens
293 1706 535 1756 Sedulioque
557 1718 602 1745 ac
632 1706 859 1751 prudentio.
875 1707 1065 1755 Paulino,

98 1770 251 1809 Aratori
283 1775 404 1820 atque
434 1769 615 1808 Alcimo:

194 1834 374 1872 Paucaque
395 1833 594 1872 perstrinxit
621 1830 764 1863 florente
787 1833 959 1864 orientius
981 1840 1051 1864 ore.

98 1892 400 1931 Commonitorii
439 1891 615 1931 fidelium
655 1890 803 1930 librum
826 1891 1008 1944 priorem
1046 1893 1068 1930 a

98 1954 347 1993 membranis
363 1955 766 2005 Aquicinctensibus,
783 1966 953 2005 quarum
973 1965 1065 2005 apo-

95 2016 298 2067 graphum
315 2017 364 2056 ab
379 2017 584 2056 Heriberto
605 2017 817 2056 Rosweido
838 2022 1065 2068 acceperat,

100 2077 222 2117 edidit
252 2080 437 2129 notisque
476 2080 692 2119 illustravit
721 2081 916 2119 Martinus
946 2079 1067 2118 Anto-

94 2142 188 2180 nius
216 2142 351 2180 Delrio
395 2143 428 2192 c)
467 2144 506 2182 S.
537 2144 564 2182 1.
595 2142 806 2194 Antwerp.
848 2143 967 2182 4600.
1006 2143 1066 2182 ⁴⁶2.

92 2203 234 2243 deinde
259 2204 505 2244 Ramiresius
528 2205 577 2244 de
602 2205 727 2244 Prado
751 2217 844 2244 cum
870 2206 1066 2244 Delrionis

95 2267 199 2304 notis
222 2265 285 2305 edi
309 2277 473 2306 curasse
498 2267 670 2306 traditur
688 2268 976 2307 Salmanticae.
993 2269 1069 2306 lte-

93 2339 182 2367 rum
204 2330 431 2380 iterumque
451 2329 544 2368 hinc
565 2330 761 2368 Delrionis
782 2330 904 2369 editio
927 2341 1067 2370 recusa

94 2390 132 2427 in
163 2391 324 2430 Patrum
349 2391 632 2441 Bibliothecis,
657 2393 794 2431 Colon.
822 2398 919 2431 tom.
950 2394 993 2432 V.
1027 2398 1068 2430 et

92 2449 219 2502 Lugd.
246 2456 338 2490 tom.
372 2453 470 2491 vlu.
496 2453 680 2492 Andreas
701 2465 861 2504 quoque
894 2456 1061 2494 Rivinus

96 2514 299 2552 recensuit
323 2514 475 2564 Lipsiae
499 2519 539 2553 et
567 2526 659 2554 cum
686 2518 789 2554 notis
811 2519 896 2555 suis
925 2527 970 2555 ac
993 2528 1058 2555 va-

96 2576 244 2614 riorum
274 2576 391 2614 Delrii
411 2606 420 2624 ,
451 2576 597 2616 Barthii
623 2582 699 2616 etc.
733 2578 912 2628 vulgavit
943 2579 1056 2617 Anno

99 2636 215 2676 4654.
248 2637 285 2675 8.
330 2637 509 2688 Denique
539 2638 785 2677 Edmundus
814 2641 989 2678 Martene
1027 2642 1063 2678 in

98 2699 233 2737 limine
265 2710 391 2738 novae
421 2700 665 2739 collectionis
696 2707 879 2740 veterum
922 2713 1063 2740 monu-

99 2767 352 2810 mentorum,
396 2762 628 2816 Rothomag.
662 2764 776 2803 4700.
809 2765 843 2802 4.
889 2764 1063 2803 alterum

152 2903 187 2943 a)
218 2905 280 2935 Pro
310 2907 477 2938 Auxitano
506 2912 665 2948 pugnant
691 2909 887 2941 Edmundus
920 2911 1068 2942 Matiene

90 2953 192 2996 praes.
218 2955 259 2986 ad
278 2962 398 2987 novam
414 2956 654 2989 collectionem
676 2962 741 2990 An·
766 2959 858 2991 1700.
883 2964 915 2992 et
933 2964 1012 2992 tom.
1032 2963 1069 2992 V.

90 3003 329 3036 anecdotorum
345 3013 418 3046 pag.
439 3005 509 3037 119.
530 3012 563 3038 et
580 3008 732 3041 oudinus
751 3014 831 3041 tom.
844 3009 873 3043 1,
885 3018 960 3050 pag.
976 3009 1070 3041 1268.

91 3063 162 3095 seq.
186 3055 249 3085 Pro
276 3053 484 3087 illiberitano
508 3062 639 3096 praeter
656 3059 850 3091 Delrionern
879 3062 946 3092 Nic.
967 3063 1072 3091 Anto-

91 3107 168 3138 nius
186 3104 242 3136 lib.
275 3105 328 3136 lv.
359 3104 442 3136 Bibl.
462 3107 627 3146 Hispanae
651 3111 777 3141 veteris
801 3117 873 3149 cap.
902 3109 929 3141 ·l.
946 3114 1026 3141 tom.
1059 3110 1065 3139 Ι

90 3163 166 3196 pag.
197 3154 270 3186 206.
298 3162 367 3195 seq.
403 3155 546 3187 Jacobus
580 3159 727 3198 nasnage
761 3158 801 3191 ad
821 3161 948 3191 canisii
971 3163 1059 3192 Lect.

90 3208 222 3246 antiqu.
247 3209 326 3236 tom.
360 3204 373 3236 1
402 3214 476 3246 pag.
504 3204 574 3238 168.
609 3208 735 3239 Caveus
779 3210 818 3239 ad
842 3212 903 3240 An.
927 3209 1000 3241 516.
1030 3213 1068 3242 ii.

89 3257 126 3286 L.
148 3254 432 3295 Scurtzlleiscgius
461 3258 493 3287 in
521 3256 621 3295 praes.
636 3261 668 3288 et
689 3257 891 3297 Pnlyearpus
909 3261 1066 3298 Leyserus

96 3307 131 3337 in
154 3306 294 3338 historia
318 3306 491 3345 poetarum
509 3308 657 3339 Latinor.
672 3308 772 3339 medii
791 3310 863 3340 aevi
880 3318 914 3348 p.
929 3309 980 3339 77.
995 3318 1066 3348 seq.

153 3355 188 3394 b)
206 3358 276 3388 Non
301 3361 371 3388 erat
395 3357 449 3389 bic
472 3357 633 3397 Sigeberti
657 3366 748 3389 error
771 3360 851 3390 satis
875 3367 1016 3396 causae,
1034 3364 1070 3390 ut

93 3404 167 3438 ideo
190 3406 492 3439 Commonitorium
520 3408 609 3446 quoii
634 3412 738 3440 exstat
763 3417 821 3448 pro
850 3410 1065 3448 supposititio

2015 262 2091 301 165

1130 327 1428 365 Commonitorii
1450 328 1613 366 01110ιί1
1637 327 1784 367 librum
1805 341 1851 369 eo
1870 342 1996 381 usque
2016 334 2095 371 ine-

1131 387 1256 427 ditum
1283 388 1465 439 adjunxit
1488 390 1509 427 0
1531 395 1763 440 pervetusto
1787 392 1930 432 Codice
1954 395 2094 433 Eccle-

1133 453 1213 489 siae
1244 452 1282 490 S.
1313 453 1466 490 Martini
1502 454 1767 498 Turonensis,
1798 455 1846 494 ab
1876 458 1992 495 annis
2021 459 2095 496 cir-

1135 514 1234 551 citer
1254 514 1345 552 800.
1371 520 1559 564 exarato,
1586 528 1662 554 una
1688 528 1779 555 cum
1800 518 1886 556 aliis
1909 519 2090 569 ejusdem

1135 575 1299 614 Orientii
1345 577 1534 616 versibus
1581 579 1756 617 Heroicis
1796 579 1844 618 (Ie
1889 581 2095 621 nativitate

1135 637 1317 686 Domini,
1347 644 1387 677 et
1413 640 1648 679 Decasticho
1678 642 1850 692 elegiaco
1879 642 1925 681 cle
1954 643 2096 696 epithe-

1137 699 1186 738 tis
1229 702 1314 740 sive
1361 703 1588 740 nominibus
1631 701 1878 743 Salvatoris:
1909 706 2094 744 Carmine

1135 762 1369 802 hexametro
1415 763 1461 802 (le
1510 764 1702 802 Trinitate
1745 771 1864 816 atque
1912 768 1986 806 alio
2015 780 2093 819 quo

1141 823 1372 876 explanatio
1402 826 1616 864 Nominum
1648 828 1805 866 Domini
1844 832 2093 870 continetur:

1128 892 1169 925 et
1215 899 1322 937 quos
1351 889 1372 927 e
1402 890 1543 928 XXIV.
1590 890 1694 929 illius
1733 891 2031 942 precationibus
2059 897 2096 931 et

1136 949 1291 1002 hymnis
1317 950 1488 1001 jambico
1520 964 1642 991 versu
1676 955 1835 1004 scriptis
1865 955 1968 993 solos
1997 954 2095 995 duos

1131 1015 1290 1064 reperit.
1322 1016 1618 1054 Marteneanam
1652 1016 1867 1055 editionem
1913 1017 1962 1055 de
2000 1020 2098 1057 inte-

1132 1088 1200 1127 gro
1230 1079 1460 1124 recensuit,
1492 1079 1697 1129 variisque.
1748 1079 1843 1118 locis
1885 1082 2094 1131 castigavit

1136 1144 1175 1177 et
1205 1141 1381 1178 virorum
1412 1139 1618 1179 doctorum
1658 1141 1810 1180 addidit
1845 1143 2097 1182 animadver-

1139 1203 1272 1240 siones
1315 1208 1356 1240 et
1396 1203 1553 1252 copiosa
1584 1203 1860 1253 prolegomena
1891 1206 2095 1254 praemisit

1140 1263 1418 1304 Nobilissimus
1434 1266 1475 1303 1).
1493 1266 1687 1304 llenricus
1706 1267 1934 1305 Leonardus
1950 1268 2095 1307 501101-

1140 1328 1383 1367 tzsseischius
1403 1358 1414 1375 ,
1446 1327 1698 1377 Witebergae
1725 1329 1840 1367 4706.
1874 1331 1908 1368 4.

1188 1390 1350 1428 Addidit
1375 1389 1476 1427 idem
1502 1389 1645 1427 deinde
1670 1391 1994 1440 supplementum
2020 1405 2090 1430 ex-

1138 1463 1279 1492 cusum
1311 1453 1492 1491 Vinariae
1538 1451 1651 1490 4746.
1700 1453 1732 1490 4.
1779 1454 1816 1490 in
1848 1465 1925 1503 quo
1955 1455 2092 1493 Variae

1138 1516 1346 1553 Lectiones
1375 1525 1423 1552 ex
1459 1513 1603 1552 Codice
1626 1514 1869 1563 Anglicano,
1900 1521 2095 1567 notaeque

1140 1589 1265 1616 novae
1294 1582 1335 1615 et
1364 1578 1538 1628 priorum
1571 1576 1793 1615 editionum
1820 1578 2095 1627 praefationes,

1139 1641 1498 1690 annotationesque
1531 1651 1581 1677 ex
1612 1639 1706 1677 edit.
1735 1640 1955 1678 Riviniana.
1985 1642 2100 1679 Deni-

1139 1714 1216 1752 que
1248 1702 1434 1741 laudatus
1477 1701 1720 1740 Edmundus
1749 1703 1924 1740 Martene
1963 1702 2100 1741 Orien-

1140 1766 1239 1803 tium
1272 1767 1415 1803 iterum
1463 1763 1574 1802 dedit
1605 1763 1754 1802 additis
1785 1765 1888 1802 notis
1916 1769 1956 1802 et
1985 1766 2101 1803 casti-

1141 1827 1388 1878 gationibuS,
1415 1829 1453 1864 in
1479 1827 1658 1865 thesauri
1684 1826 1968 1865 anecdotorum
1996 1832 2101 1865 tomo

1144 1891 1284 1940 quinto
1315 1891 1402 1928 sive
1433 1890 1574 1928 ultimo
1604 1900 1690 1939 pag.
1726 1889 1788 1927 49.
1820 1890 1941 1927 Paris.
1988 1889 2102 1928 4747.

1146 1954 1207 1992 fol.
1239 1954 1281 1992 In
1313 1953 1534 1992 Orientium
1566 1952 1849 2001 castigationes
1878 1956 1918 1990 et
1946 1953 2096 1990 anima—

1141 2016 1376 2054 dversiones
1404 2016 1462 2053 Jo.
1495 2013 1713 2054 Conmnirii
1753 2013 1792 2052 S,
1824 2015 1851 2052 1.
1888 2019 2101 2052 occurrunt

1142 2080 1179 2116 in
1211 2080 1415 2117 memoriis
1449 2078 1641 2116 literariis
1667 2077 1906 2115 Trevoltinis
1929 2077 1976 2115 A.
2000 2076 2095 2115 4704

1141 2154 1178 2193 p.
1210 2141 1298 2180 442.
1330 2153 1414 2192 seq.
1443 2146 1482 2179 et
1512 2145 1626 2191 parte
1658 2141 1694 2178 2.
1727 2153 1763 2191 p.
1795 2140 1883 2179 332.
1921 2151 2004 2190 seq.
2039 2139 2103 2176 Jo-

1141 2204 1257 2244 anm's
1302 2215 1396 2242 vero
1442 2202 1604 2253 Georyiz’
1633 2203 1798 2241 Eccarti
1823 2202 1864 2240 in
1896 2200 2100 2240 Monatlzli-

1141 2265 1250 2305 chem
1279 2264 1446 2316 Auslcuy
1476 2276 1551 2303 aus
1579 2263 1765 2303 Buche-rn
1784 2271 1829 2302 A.
1853 2264 1968 2303 4704.
1995 2275 2103 2302 men—

1147 2340 1190 2367 se
1219 2328 1379 2367 Octobri
1410 2339 1496 2378 pag.
1527 2326 1591 2365 27.
1620 2338 1703 2376 seq.

1201 2391 1316 2430 Alius
1351 2389 1538 2428 orentius
1568 2388 1700 2427 Abbas
1732 2390 1768 2426 10
1807 2392 1940 2426 monte
1983 2389 2101 2426 Sina.

1141 2453 1261 2504 cujus
1315 2452 1420 2503 apud
1451 2453 1508 2490 J0.
1537 2450 1739 2490 Moschum
1772 2451 1808 2487 in
1841 2455 1950 2500 prato
1991 2451 2102 2499 spiri-

1151 2515 1253 2554 tuali
1285 2516 1444 2553 mentio.
1491 2514 1603 2552 Alius
1634 2513 1767 2550 itidem
1801 2511 1999 2550 Orientius
2032 2512 2102 2548 Re-

1141 2577 1216 2627 gali
1274 2579 1450 2615 intimus
1497 2576 1637 2623 aulae,
1683 2574 1798 2622 cujus
1848 2572 2100 2622 Epitaphium

1138 2639 1240 2689 apud
1270 2639 1521 2676 venantium
1546 2638 1804 2674 Fortunatum
1831 2635 1892 2672 lib.
1920 2636 1956 2670 3.
1980 2644 2101 2672 carni.

1143 2702 1208 2739 24..
1242 2706 1269 2737 t.
1301 2702 1335 2739 X
1366 2700 1461 2738 Bibl.
1495 2700 1656 2737 i’atrum
1684 2697 1777 2735 edit.
1801 2696 1920 2747 Lugd.
1951 2708 1985 2746 p.
2013 2697 2100 2734 550.

1201 2761 1436 2802 Beruarclus
1465 2759 1840 2799 01z1Ci21.LAR1L‘s
1861 2761 1944 2795 sive
1969 2756 2104 2795 Buce!—

1139 2905 1277 2937 haberet
1300 2905 1456 2936 Barthius
1481 2905 1590 2935 XViil.
1614 2903 1645 2934 7.
1668 2900 1836 2932 Adversar.
1860 2906 1932 2938 pag.
1951 2898 2103 2939 sohseq.

1136 2955 1176 2986 ad
1200 2956 1429 2987 Claudianum.

1194 3006 1225 3043 c)
1249 3005 1397 3036 Labbeus
1414 3003 1499 3036 Bibl.
1520 3003 1821 3040 manuscriptorum
1855 3008 1884 3036 ι».
1907 2998 1958 3028 65.
1985 3006 2106 3028 inemo-

1137 3060 1188 3086 rat
1215 3056 1402 3085 orientium
1426 3054 1554 3084 editum
1580 3051 1845 3087 inusitatumque
1881 3047 1922 3077 ab
1959 3049 2103 3078 Antonio

1133 3106 1243 3137 Delrio
1257 3130 1265 3144 ,
1283 3105 1499 3136 salmanticae
1519 3101 1609 3132 15011.
1627 3104 1665 3130 At
1679 3100 1973 3130 salmanticensem
1986 3099 2106 3128 Orien-

1135 3160 1171 3189 tii
1189 3158 1373 3189 editionem
1389 3154 1573 3185 Ramiresio
1591 3152 1631 3182 ab
1647 3150 1702 3181 alii
1719 3149 1819 3180 tribui
1839 3149 1945 3180 video.
1963 3150 2102 3179 Min-aeus

1131 3215 1264 3247 quoque.
1303 3205 1382 3236 editi
1408 3213 1425 3234 a
1450 3203 1633 3234 Rainiresio
1671 3201 1811 3231 Orientii
1851 3200 2013 3229 meminit.
2043 3198 2104 3228 sed

1131 3265 1257 3290 annum
1281 3255 1338 3286 alii
1366 3257 1495 3294 ponunt
1521 3251 1610 3283 160-1.
1643 3249 1729 3281 1614.
1753 3249 1823 3280 alii.
1865 3249 1990 3279 caveus
2011 3247 2100 3278 1611.

1139 3307 1265 3337 Nemini
1291 3305 1410 3335 horum
1435 3306 1542 3334 visum
1567 3300 1723 3332 credibile
1746 3303 1794 3330 est
1813 3322 1821 3336 ,
1849 3307 1954 3337 neque
1979 3297 2099 3329 vidisse

1132 3367 1165 3389 se
1184 3356 1448 3387 Ramiresianam
1459 3351 1638 3383 editionem
1654 3351 1826 3389 profitetur
1840 3350 1909 3381 Nic.
1923 3351 2099 3381 Antoniu<.

1135 3417 1171 3439 rx
1200 3405 1266 3437 §Oia
1293 3405 1354 3437 lide
1371 3404 1460 3434 iiam
1481 3402 1624 3433 reserens
1639 3401 1763 3430 Miraei.
